{"originalCurrency": "USD", "convertedCurrency": "USD", "report": [{"date": "2023-10-31", "symbol": "A", "reportedCurrency": "USD", "cik": "0001090872", "fillingDate": "2023-12-20", "acceptedDate": "2023-12-19 18:52:16", "calendarYear": "2023", "period": "FY", "revenue": 6833000000, "costOfRevenue": 3368000000, "grossProfit": 3465000000, "grossProfitRatio": 0.5070979072, "researchAndDevelopmentExpenses": 481000000, "generalAndAdministrativeExpenses": 0, "sellingAndMarketingExpenses": 0, "sellingGeneralAndAdministrativeExpenses": 1634000000, "otherExpenses": 33000000, "operatingExpenses": 2115000000, "costAndExpenses": 5483000000, "interestIncome": 51000000, "interestExpense": 95000000, "depreciationAndAmortization": 271000000, "ebitda": 1705000000, "ebitdaratio": 0.249524367, "operatingIncome": 1350000000, "operatingIncomeRatio": 0.1975706132, "totalOtherIncomeExpensesNet": 33000000, "incomeBeforeTax": 1339000000, "incomeBeforeTaxRatio": 0.1959607786, "incomeTaxExpense": 99000000, "netIncome": 1240000000, "netIncomeRatio": 0.1814722669, "eps": 4.22, "epsdiluted": 4.19, "weightedAverageShsOut": 294000000, "weightedAverageShsOutDil": 296000000, "link": "https://www.sec.gov/Archives/edgar/data/1090872/000109087223000020/0001090872-23-000020-index.htm", "finalLink": "https://www.sec.gov/Archives/edgar/data/1090872/000109087223000020/a-20231031.htm", "calculatedOtherExpenses": 0, "calculatedOperatingExpenses": 2115000000, "calculatedNetInterest": -44000000, "calculatedOtherIncome": 33000000, "calculatedIncomeNonControlling": 0, "calculatedEbitda": 1621000000}, {"date": "2022-10-31", "symbol": "A", "reportedCurrency": "USD", "cik": "0001090872", "fillingDate": "2022-12-21", "acceptedDate": "2022-12-20 18:42:30", "calendarYear": "2022", "period": "FY", "revenue": 6848000000, "costOfRevenue": 3126000000, "grossProfit": 3722000000, "grossProfitRatio": 0.5435163551, "researchAndDevelopmentExpenses": 467000000, "generalAndAdministrativeExpenses": 0, "sellingAndMarketingExpenses": 0, "sellingGeneralAndAdministrativeExpenses": 1637000000, "otherExpenses": -39000000, "operatingExpenses": 2104000000, "costAndExpenses": 5230000000, "interestIncome": 9000000, "interestExpense": 84000000, "depreciationAndAmortization": 287000000, "ebitda": 1905000000, "ebitdaratio": 0.2781834112, "operatingIncome": 1618000000, "operatingIncomeRatio": 0.2362733645, "totalOtherIncomeExpensesNet": -114000000, "incomeBeforeTax": 1504000000, "incomeBeforeTaxRatio": 0.2196261682, "incomeTaxExpense": 250000000, "netIncome": 1254000000, "netIncomeRatio": 0.1831191589, "eps": 4.19, "epsdiluted": 4.18, "weightedAverageShsOut": 299000000, "weightedAverageShsOutDil": 300000000, "link": "https://www.sec.gov/Archives/edgar/data/1090872/000109087222000026/0001090872-22-000026-index.htm", "finalLink": "https://www.sec.gov/Archives/edgar/data/1090872/000109087222000026/a-20221031.htm", "calculatedOtherExpenses": 0, "calculatedOperatingExpenses": 2104000000, "calculatedNetInterest": -75000000, "calculatedOtherIncome": -39000000, "calculatedIncomeNonControlling": 0, "calculatedEbitda": 1905000000}, {"date": "2021-10-31", "symbol": "A", "reportedCurrency": "USD", "cik": "0001090872", "fillingDate": "2021-12-17", "acceptedDate": "2021-12-17 17:01:49", "calendarYear": "2021", "period": "FY", "revenue": 6319000000, "costOfRevenue": 2912000000, "grossProfit": 3407000000, "grossProfitRatio": 0.5391675898, "researchAndDevelopmentExpenses": 441000000, "generalAndAdministrativeExpenses": 0, "sellingAndMarketingExpenses": 0, "sellingGeneralAndAdministrativeExpenses": 1619000000, "otherExpenses": 92000000, "operatingExpenses": 2060000000, "costAndExpenses": 4972000000, "interestIncome": 2000000, "interestExpense": 81000000, "depreciationAndAmortization": 415000000, "ebitda": 1762000000, "ebitdaratio": 0.2788415889, "operatingIncome": 1347000000, "operatingIncomeRatio": 0.2131666403, "totalOtherIncomeExpensesNet": 13000000, "incomeBeforeTax": 1360000000, "incomeBeforeTaxRatio": 0.2152239278, "incomeTaxExpense": 150000000, "netIncome": 1210000000, "netIncomeRatio": 0.1914859946, "eps": 3.98, "epsdiluted": 3.94, "weightedAverageShsOut": 304000000, "weightedAverageShsOutDil": 307000000, "link": "https://www.sec.gov/Archives/edgar/data/1090872/000109087221000027/0001090872-21-000027-index.htm", "finalLink": "https://www.sec.gov/Archives/edgar/data/1090872/000109087221000027/a-20211031.htm", "calculatedOtherExpenses": 0, "calculatedOperatingExpenses": 2060000000, "calculatedNetInterest": -79000000, "calculatedOtherIncome": 92000000, "calculatedIncomeNonControlling": 0, "calculatedEbitda": 1762000000}, {"date": "2020-10-31", "symbol": "A", "reportedCurrency": "USD", "cik": "0001090872", "fillingDate": "2020-12-18", "acceptedDate": "2020-12-17 19:56:21", "calendarYear": "2020", "period": "FY", "revenue": 5339000000, "costOfRevenue": 2502000000, "grossProfit": 2837000000, "grossProfitRatio": 0.5313729163, "researchAndDevelopmentExpenses": 495000000, "generalAndAdministrativeExpenses": 0, "sellingAndMarketingExpenses": 0, "sellingGeneralAndAdministrativeExpenses": 1496000000, "otherExpenses": 66000000, "operatingExpenses": 1991000000, "costAndExpenses": 4493000000, "interestIncome": 8000000, "interestExpense": 78000000, "depreciationAndAmortization": 382000000, "ebitda": 1228000000, "ebitdaratio": 0.230005619, "operatingIncome": 846000000, "operatingIncomeRatio": 0.1584566398, "totalOtherIncomeExpensesNet": -4000000, "incomeBeforeTax": 842000000, "incomeBeforeTaxRatio": 0.1577074358, "incomeTaxExpense": 123000000, "netIncome": 719000000, "netIncomeRatio": 0.1346694137, "eps": 2.33, "epsdiluted": 2.3, "weightedAverageShsOut": 309000000, "weightedAverageShsOutDil": 312000000, "link": "https://www.sec.gov/Archives/edgar/data/1090872/000109087220000020/0001090872-20-000020-index.htm", "finalLink": "https://www.sec.gov/Archives/edgar/data/1090872/000109087220000020/a-20201031.htm", "calculatedOtherExpenses": 0, "calculatedOperatingExpenses": 1991000000, "calculatedNetInterest": -70000000, "calculatedOtherIncome": 66000000, "calculatedIncomeNonControlling": 0, "calculatedEbitda": 1228000000}, {"date": "2019-10-31", "symbol": "A", "reportedCurrency": "USD", "cik": "0001090872", "fillingDate": "2019-12-19", "acceptedDate": "2019-12-19 17:11:01", "calendarYear": "2019", "period": "FY", "revenue": 5163000000, "costOfRevenue": 2358000000, "grossProfit": 2805000000, "grossProfitRatio": 0.5432887856, "researchAndDevelopmentExpenses": 404000000, "generalAndAdministrativeExpenses": 0, "sellingAndMarketingExpenses": 0, "sellingGeneralAndAdministrativeExpenses": 1460000000, "otherExpenses": 16000000, "operatingExpenses": 1864000000, "costAndExpenses": 4222000000, "interestIncome": 36000000, "interestExpense": 74000000, "depreciationAndAmortization": 290000000, "ebitda": 1231000000, "ebitdaratio": 0.238427271, "operatingIncome": 941000000, "operatingIncomeRatio": 0.1822583769, "totalOtherIncomeExpensesNet": -22000000, "incomeBeforeTax": 919000000, "incomeBeforeTaxRatio": 0.1779972884, "incomeTaxExpense": -152000000, "netIncome": 1071000000, "netIncomeRatio": 0.2074375363, "eps": 3.41, "epsdiluted": 3.37, "weightedAverageShsOut": 314000000, "weightedAverageShsOutDil": 318000000, "link": "https://www.sec.gov/Archives/edgar/data/1090872/000109087219000022/0001090872-19-000022-index.htm", "finalLink": "https://www.sec.gov/Archives/edgar/data/1090872/000109087219000022/a-10312019x10k.htm", "calculatedOtherExpenses": 0, "calculatedOperatingExpenses": 1864000000, "calculatedNetInterest": -38000000, "calculatedOtherIncome": 16000000, "calculatedIncomeNonControlling": 0, "calculatedEbitda": 1231000000}, {"date": "2018-10-31", "symbol": "A", "reportedCurrency": "USD", "cik": "0001090872", "fillingDate": "2018-12-20", "acceptedDate": "2018-12-20 16:27:07", "calendarYear": "2018", "period": "FY", "revenue": 4914000000, "costOfRevenue": 2227000000, "grossProfit": 2687000000, "grossProfitRatio": 0.5468050468, "researchAndDevelopmentExpenses": 385000000, "generalAndAdministrativeExpenses": 1374000000, "sellingAndMarketingExpenses": 0, "sellingGeneralAndAdministrativeExpenses": 1374000000, "otherExpenses": 55000000, "operatingExpenses": 1759000000, "costAndExpenses": 3986000000, "interestIncome": 38000000, "interestExpense": 75000000, "depreciationAndAmortization": 210000000, "ebitda": 1231000000, "ebitdaratio": 0.2505087505, "operatingIncome": 928000000, "operatingIncomeRatio": 0.1888481888, "totalOtherIncomeExpensesNet": 55000000, "incomeBeforeTax": 946000000, "incomeBeforeTaxRatio": 0.1925111925, "incomeTaxExpense": 630000000, "netIncome": 316000000, "netIncomeRatio": 0.0643060643, "eps": 0.98, "epsdiluted": 0.97, "weightedAverageShsOut": 321000000, "weightedAverageShsOutDil": 325000000, "link": "https://www.sec.gov/Archives/edgar/data/1090872/000109087218000019/0001090872-18-000019-index.htm", "finalLink": "https://www.sec.gov/Archives/edgar/data/1090872/000109087218000019/a-10312018x10k.htm", "calculatedOtherExpenses": 0, "calculatedOperatingExpenses": 1759000000, "calculatedNetInterest": -37000000, "calculatedOtherIncome": 55000000, "calculatedIncomeNonControlling": 0, "calculatedEbitda": 1138000000}, {"date": "2017-10-31", "symbol": "A", "reportedCurrency": "USD", "cik": "0001090872", "fillingDate": "2017-12-21", "acceptedDate": "2017-12-21 16:27:19", "calendarYear": "2017", "period": "FY", "revenue": 4472000000, "costOfRevenue": 2063000000, "grossProfit": 2409000000, "grossProfitRatio": 0.5386851521, "researchAndDevelopmentExpenses": 339000000, "generalAndAdministrativeExpenses": 1229000000, "sellingAndMarketingExpenses": 0, "sellingGeneralAndAdministrativeExpenses": 1229000000, "otherExpenses": 19000000, "operatingExpenses": 1568000000, "costAndExpenses": 3631000000, "interestIncome": 22000000, "interestExpense": 79000000, "depreciationAndAmortization": 212000000, "ebitda": 1094000000, "ebitdaratio": 0.2446332737, "operatingIncome": 841000000, "operatingIncomeRatio": 0.188059034, "totalOtherIncomeExpensesNet": 19000000, "incomeBeforeTax": 803000000, "incomeBeforeTaxRatio": 0.1795617174, "incomeTaxExpense": 119000000, "netIncome": 684000000, "netIncomeRatio": 0.1529516995, "eps": 2.12, "epsdiluted": 2.1, "weightedAverageShsOut": 322000000, "weightedAverageShsOutDil": 326000000, "link": "https://www.sec.gov/Archives/edgar/data/1090872/000109087217000018/0001090872-17-000018-index.htm", "finalLink": "https://www.sec.gov/Archives/edgar/data/1090872/000109087217000018/a-10312017x10k.htm", "calculatedOtherExpenses": 0, "calculatedOperatingExpenses": 1568000000, "calculatedNetInterest": -57000000, "calculatedOtherIncome": 19000000, "calculatedIncomeNonControlling": 0, "calculatedEbitda": 1053000000}, {"date": "2016-10-31", "symbol": "A", "reportedCurrency": "USD", "cik": "0001090872", "fillingDate": "2016-12-20", "acceptedDate": "2016-12-20 16:22:19", "calendarYear": "2016", "period": "FY", "revenue": 4202000000, "costOfRevenue": 2005000000, "grossProfit": 2197000000, "grossProfitRatio": 0.5228462637, "researchAndDevelopmentExpenses": 329000000, "generalAndAdministrativeExpenses": 1253000000, "sellingAndMarketingExpenses": 0, "sellingGeneralAndAdministrativeExpenses": 1253000000, "otherExpenses": -10000000, "operatingExpenses": 1582000000, "costAndExpenses": 3587000000, "interestIncome": 11000000, "interestExpense": 72000000, "depreciationAndAmortization": 246000000, "ebitda": 862000000, "ebitdaratio": 0.2051404093, "operatingIncome": 615000000, "operatingIncomeRatio": 0.1463588767, "totalOtherIncomeExpensesNet": -10000000, "incomeBeforeTax": 544000000, "incomeBeforeTaxRatio": 0.1294621609, "incomeTaxExpense": 84000000, "netIncome": 460000000, "netIncomeRatio": 0.1094716802, "eps": 1.41, "epsdiluted": 1.4, "weightedAverageShsOut": 326000000, "weightedAverageShsOutDil": 329000000, "link": "https://www.sec.gov/Archives/edgar/data/1090872/000109087216000082/0001090872-16-000082-index.htm", "finalLink": "https://www.sec.gov/Archives/edgar/data/1090872/000109087216000082/a-10312016x10k.htm", "calculatedOtherExpenses": 0, "calculatedOperatingExpenses": 1582000000, "calculatedNetInterest": -61000000, "calculatedOtherIncome": -10000000, "calculatedIncomeNonControlling": 0, "calculatedEbitda": 861000000}, {"date": "2015-10-31", "symbol": "A", "reportedCurrency": "USD", "cik": "0001090872", "fillingDate": "2015-12-21", "acceptedDate": "2015-12-18 19:33:31", "calendarYear": "2015", "period": "FY", "revenue": 4038000000, "costOfRevenue": 1997000000, "grossProfit": 2041000000, "grossProfitRatio": 0.5054482417, "researchAndDevelopmentExpenses": 330000000, "generalAndAdministrativeExpenses": 1189000000, "sellingAndMarketingExpenses": 0, "sellingGeneralAndAdministrativeExpenses": 1189000000, "otherExpenses": 17000000, "operatingExpenses": 1519000000, "costAndExpenses": 3516000000, "interestIncome": 7000000, "interestExpense": 66000000, "depreciationAndAmortization": 253000000, "ebitda": 799000000, "ebitdaratio": 0.1978702328, "operatingIncome": 522000000, "operatingIncomeRatio": 0.1292719168, "totalOtherIncomeExpensesNet": 17000000, "incomeBeforeTax": 480000000, "incomeBeforeTaxRatio": 0.1188707281, "incomeTaxExpense": 45000000, "netIncome": 398000000, "netIncomeRatio": 0.0985636454, "eps": 1.2, "epsdiluted": 1.19, "weightedAverageShsOut": 333000000, "weightedAverageShsOutDil": 335000000, "link": "https://www.sec.gov/Archives/edgar/data/1090872/000109087215000051/0001090872-15-000051-index.htm", "finalLink": "https://www.sec.gov/Archives/edgar/data/1090872/000109087215000051/a-10312015x10k.htm", "calculatedOtherExpenses": 0, "calculatedOperatingExpenses": 1519000000, "calculatedNetInterest": -59000000, "calculatedOtherIncome": 17000000, "calculatedIncomeNonControlling": 37000000, "calculatedEbitda": 775000000}, {"date": "2014-10-31", "symbol": "A", "reportedCurrency": "USD", "cik": "0001090872", "fillingDate": "2014-12-22", "acceptedDate": "2014-12-22 16:05:26", "calendarYear": "2014", "period": "FY", "revenue": 6981000000, "costOfRevenue": 3388000000, "grossProfit": 3593000000, "grossProfitRatio": 0.5146827102, "researchAndDevelopmentExpenses": 719000000, "generalAndAdministrativeExpenses": 2043000000, "sellingAndMarketingExpenses": 0, "sellingGeneralAndAdministrativeExpenses": 2043000000, "otherExpenses": -81000000, "operatingExpenses": 2762000000, "costAndExpenses": 6150000000, "interestIncome": 9000000, "interestExpense": 113000000, "depreciationAndAmortization": 383000000, "ebitda": 1142000000, "ebitdaratio": 0.1635868787, "operatingIncome": 831000000, "operatingIncomeRatio": 0.1190373872, "totalOtherIncomeExpensesNet": -81000000, "incomeBeforeTax": 646000000, "incomeBeforeTaxRatio": 0.0925368858, "incomeTaxExpense": 149000000, "netIncome": 497000000, "netIncomeRatio": 0.0711932388, "eps": 1.49, "epsdiluted": 1.47, "weightedAverageShsOut": 333000000, "weightedAverageShsOutDil": 338000000, "link": "https://www.sec.gov/Archives/edgar/data/1090872/000109087214000045/0001090872-14-000045-index.htm", "finalLink": "https://www.sec.gov/Archives/edgar/data/1090872/000109087214000045/a-10312014x10k.htm", "calculatedOtherExpenses": 0, "calculatedOperatingExpenses": 2762000000, "calculatedNetInterest": -104000000, "calculatedOtherIncome": -81000000, "calculatedIncomeNonControlling": 0, "calculatedEbitda": 1214000000}, {"date": "2013-10-31", "symbol": "A", "reportedCurrency": "USD", "cik": "0001090872", "fillingDate": "2013-12-19", "acceptedDate": "2013-12-19 16:32:11", "calendarYear": "2013", "period": "FY", "revenue": 6782000000, "costOfRevenue": 3247000000, "grossProfit": 3535000000, "grossProfitRatio": 0.5212326747, "researchAndDevelopmentExpenses": 704000000, "generalAndAdministrativeExpenses": 1880000000, "sellingAndMarketingExpenses": 0, "sellingGeneralAndAdministrativeExpenses": 1880000000, "otherExpenses": 8000000, "operatingExpenses": 2584000000, "costAndExpenses": 5831000000, "interestIncome": 7000000, "interestExpense": 107000000, "depreciationAndAmortization": 372000000, "ebitda": 1338000000, "ebitdaratio": 0.197286936, "operatingIncome": 951000000, "operatingIncomeRatio": 0.1402241227, "totalOtherIncomeExpensesNet": 8000000, "incomeBeforeTax": 859000000, "incomeBeforeTaxRatio": 0.1266588027, "incomeTaxExpense": 135000000, "netIncome": 724000000, "netIncomeRatio": 0.1067531702, "eps": 2.12, "epsdiluted": 2.1, "weightedAverageShsOut": 341000000, "weightedAverageShsOutDil": 345000000, "link": "https://www.sec.gov/Archives/edgar/data/1090872/000109087213000029/0001090872-13-000029-index.htm", "finalLink": "https://www.sec.gov/Archives/edgar/data/1090872/000109087213000029/a-10312013x10k.htm", "calculatedOtherExpenses": 0, "calculatedOperatingExpenses": 2584000000, "calculatedNetInterest": -100000000, "calculatedOtherIncome": 8000000, "calculatedIncomeNonControlling": 0, "calculatedEbitda": 1323000000}, {"date": "2012-10-31", "symbol": "A", "reportedCurrency": "USD", "cik": "0001090872", "fillingDate": "2012-12-20", "acceptedDate": "2012-12-20 16:50:44", "calendarYear": "2012", "period": "FY", "revenue": 6858000000, "costOfRevenue": 3254000000, "grossProfit": 3604000000, "grossProfitRatio": 0.5255176436, "researchAndDevelopmentExpenses": 668000000, "generalAndAdministrativeExpenses": 1817000000, "sellingAndMarketingExpenses": 0, "sellingGeneralAndAdministrativeExpenses": 1817000000, "otherExpenses": 0, "operatingExpenses": 2485000000, "costAndExpenses": 5739000000, "interestIncome": 9000000, "interestExpense": 101000000, "depreciationAndAmortization": 301000000, "ebitda": 1429000000, "ebitdaratio": 0.2083697871, "operatingIncome": 1119000000, "operatingIncomeRatio": 0.1631671041, "totalOtherIncomeExpensesNet": 16000000, "incomeBeforeTax": 1043000000, "incomeBeforeTaxRatio": 0.152085156, "incomeTaxExpense": -110000000, "netIncome": 1153000000, "netIncomeRatio": 0.1681248177, "eps": 3.31, "epsdiluted": 3.27, "weightedAverageShsOut": 348000000, "weightedAverageShsOutDil": 353000000, "link": "https://www.sec.gov/Archives/edgar/data/1090872/000109087212000018/0001090872-12-000018-index.htm", "finalLink": "https://www.sec.gov/Archives/edgar/data/1090872/000109087212000018/a-10312012x10k.htm", "calculatedOtherExpenses": 0, "calculatedOperatingExpenses": 2485000000, "calculatedNetInterest": -92000000, "calculatedOtherIncome": 16000000, "calculatedIncomeNonControlling": 0, "calculatedEbitda": 1420000000}, {"date": "2011-10-31", "symbol": "A", "reportedCurrency": "USD", "cik": "0001090872", "fillingDate": "2011-12-16", "acceptedDate": "2011-12-16 16:51:36", "calendarYear": "2011", "period": "FY", "revenue": 6615000000, "costOfRevenue": 3086000000, "grossProfit": 3529000000, "grossProfitRatio": 0.5334845049, "researchAndDevelopmentExpenses": 649000000, "generalAndAdministrativeExpenses": 1809000000, "sellingAndMarketingExpenses": 0, "sellingGeneralAndAdministrativeExpenses": 1809000000, "otherExpenses": 0, "operatingExpenses": 2458000000, "costAndExpenses": 5544000000, "interestIncome": 14000000, "interestExpense": 86000000, "depreciationAndAmortization": 253000000, "ebitda": 1338000000, "ebitdaratio": 0.2022675737, "operatingIncome": 1071000000, "operatingIncomeRatio": 0.1619047619, "totalOtherIncomeExpensesNet": 33000000, "incomeBeforeTax": 1032000000, "incomeBeforeTaxRatio": 0.1560090703, "incomeTaxExpense": 20000000, "netIncome": 1012000000, "netIncomeRatio": 0.1529856387, "eps": 2.92, "epsdiluted": 2.85, "weightedAverageShsOut": 347000000, "weightedAverageShsOutDil": 355000000, "link": "https://www.sec.gov/Archives/edgar/data/1090872/000104746911010124/0001047469-11-010124-index.htm", "finalLink": "https://www.sec.gov/Archives/edgar/data/1090872/000104746911010124/a2206674z10-k.htm", "calculatedOtherExpenses": 0, "calculatedOperatingExpenses": 2458000000, "calculatedNetInterest": -72000000, "calculatedOtherIncome": 33000000, "calculatedIncomeNonControlling": 0, "calculatedEbitda": 1324000000}, {"date": "2010-10-31", "symbol": "A", "reportedCurrency": "USD", "cik": "0001090872", "fillingDate": "2010-12-20", "acceptedDate": "2010-12-17 19:41:22", "calendarYear": "2010", "period": "FY", "revenue": 5444000000, "costOfRevenue": 2514000000, "grossProfit": 2930000000, "grossProfitRatio": 0.5382072006, "researchAndDevelopmentExpenses": 612000000, "generalAndAdministrativeExpenses": 1752000000, "sellingAndMarketingExpenses": 0, "sellingGeneralAndAdministrativeExpenses": 1752000000, "otherExpenses": 0, "operatingExpenses": 2364000000, "costAndExpenses": 4878000000, "interestIncome": 20000000, "interestExpense": 96000000, "depreciationAndAmortization": 202000000, "ebitda": 788000000, "ebitdaratio": 0.1447465099, "operatingIncome": 566000000, "operatingIncomeRatio": 0.1039676708, "totalOtherIncomeExpensesNet": 202000000, "incomeBeforeTax": 692000000, "incomeBeforeTaxRatio": 0.1271124173, "incomeTaxExpense": 68000000, "netIncome": 624000000, "netIncomeRatio": 0.1146216018, "eps": 1.8, "epsdiluted": 1.77, "weightedAverageShsOut": 347000000, "weightedAverageShsOutDil": 353000000, "link": "https://www.sec.gov/Archives/edgar/data/1090872/000104746910010499/0001047469-10-010499-index.htm", "finalLink": "https://www.sec.gov/Archives/edgar/data/1090872/000104746910010499/a2201423z10-k.htm", "calculatedOtherExpenses": 0, "calculatedOperatingExpenses": 2364000000, "calculatedNetInterest": -76000000, "calculatedOtherIncome": 202000000, "calculatedIncomeNonControlling": 0, "calculatedEbitda": 768000000}, {"date": "2009-10-31", "symbol": "A", "reportedCurrency": "USD", "cik": "0001090872", "fillingDate": "2009-12-21", "acceptedDate": "2009-12-21 16:38:45", "calendarYear": "2009", "period": "FY", "revenue": 4481000000, "costOfRevenue": 2189000000, "grossProfit": 2292000000, "grossProfitRatio": 0.5114929703, "researchAndDevelopmentExpenses": 642000000, "generalAndAdministrativeExpenses": 1603000000, "sellingAndMarketingExpenses": 0, "sellingGeneralAndAdministrativeExpenses": 1603000000, "otherExpenses": 0, "operatingExpenses": 2245000000, "costAndExpenses": 4434000000, "interestIncome": 29000000, "interestExpense": 88000000, "depreciationAndAmortization": 162000000, "ebitda": 238000000, "ebitdaratio": 0.0531131444, "operatingIncome": 47000000, "operatingIncomeRatio": 0.0104887302, "totalOtherIncomeExpensesNet": 19000000, "incomeBeforeTax": 7000000, "incomeBeforeTaxRatio": 0.0015621513, "incomeTaxExpense": 38000000, "netIncome": -31000000, "netIncomeRatio": -0.0069180986, "eps": -0.0896, "epsdiluted": -0.0896, "weightedAverageShsOut": 346000000, "weightedAverageShsOutDil": 346000000, "link": "https://www.sec.gov/Archives/edgar/data/1090872/000104746909010861/0001047469-09-010861-index.htm", "finalLink": "https://www.sec.gov/Archives/edgar/data/1090872/000104746909010861/a2195875z10-k.htm", "calculatedOtherExpenses": 0, "calculatedOperatingExpenses": 2245000000, "calculatedNetInterest": -59000000, "calculatedOtherIncome": 19000000, "calculatedIncomeNonControlling": 0, "calculatedEbitda": 209000000}, {"date": "2008-10-31", "symbol": "A", "reportedCurrency": "USD", "cik": "0001090872", "fillingDate": "2008-12-19", "acceptedDate": "2008-12-19 17:27:11", "calendarYear": "2008", "period": "FY", "revenue": 5774000000, "costOfRevenue": 2578000000, "grossProfit": 3196000000, "grossProfitRatio": 0.5535157603, "researchAndDevelopmentExpenses": 704000000, "generalAndAdministrativeExpenses": 1697000000, "sellingAndMarketingExpenses": 0, "sellingGeneralAndAdministrativeExpenses": 1697000000, "otherExpenses": 0, "operatingExpenses": 2401000000, "costAndExpenses": 4979000000, "interestIncome": 113000000, "interestExpense": 123000000, "depreciationAndAmortization": 201000000, "ebitda": 966000000, "ebitdaratio": 0.1673016973, "operatingIncome": 795000000, "operatingIncomeRatio": 0.1376861794, "totalOtherIncomeExpensesNet": 30000000, "incomeBeforeTax": 815000000, "incomeBeforeTaxRatio": 0.1411499827, "incomeTaxExpense": 122000000, "netIncome": 693000000, "netIncomeRatio": 0.1200207828, "eps": 1.91, "epsdiluted": 1.87, "weightedAverageShsOut": 363000000, "weightedAverageShsOutDil": 371000000, "link": "https://www.sec.gov/Archives/edgar/data/1090872/000104746908013312/0001047469-08-013312-index.htm", "finalLink": "https://www.sec.gov/Archives/edgar/data/1090872/000104746908013312/a2189713z10-k.htm", "calculatedOtherExpenses": 0, "calculatedOperatingExpenses": 2401000000, "calculatedNetInterest": -10000000, "calculatedOtherIncome": 30000000, "calculatedIncomeNonControlling": 0, "calculatedEbitda": 996000000}, {"date": "2007-10-31", "symbol": "A", "reportedCurrency": "USD", "cik": "0001090872", "fillingDate": "2007-12-21", "acceptedDate": "2007-12-21 17:22:11", "calendarYear": "2007", "period": "FY", "revenue": 5420000000, "costOfRevenue": 2451000000, "grossProfit": 2969000000, "grossProfitRatio": 0.5477859779, "researchAndDevelopmentExpenses": 685000000, "generalAndAdministrativeExpenses": 1700000000, "sellingAndMarketingExpenses": 0, "sellingGeneralAndAdministrativeExpenses": 1700000000, "otherExpenses": 0, "operatingExpenses": 2385000000, "costAndExpenses": 4836000000, "interestIncome": 172000000, "interestExpense": 91000000, "depreciationAndAmortization": 191000000, "ebitda": 770000000, "ebitdaratio": 0.1420664207, "operatingIncome": 584000000, "operatingIncomeRatio": 0.1077490775, "totalOtherIncomeExpensesNet": 5000000, "incomeBeforeTax": 670000000, "incomeBeforeTaxRatio": 0.1236162362, "incomeTaxExpense": 32000000, "netIncome": 638000000, "netIncomeRatio": 0.1177121771, "eps": 1.62, "epsdiluted": 1.57, "weightedAverageShsOut": 394000000, "weightedAverageShsOutDil": 406000000, "link": "https://www.sec.gov/Archives/edgar/data/1090872/000104746907010272/0001047469-07-010272-index.htm", "finalLink": "https://www.sec.gov/Archives/edgar/data/1090872/000104746907010272/a2181802z10-k.htm", "calculatedOtherExpenses": 0, "calculatedOperatingExpenses": 2385000000, "calculatedNetInterest": 81000000, "calculatedOtherIncome": 5000000, "calculatedIncomeNonControlling": 0, "calculatedEbitda": 775000000}, {"date": "2006-10-31", "symbol": "A", "reportedCurrency": "USD", "cik": "0001090872", "fillingDate": "2006-12-22", "acceptedDate": "2006-12-22 17:01:47", "calendarYear": "2006", "period": "FY", "revenue": 4973000000, "costOfRevenue": 2315000000, "grossProfit": 2658000000, "grossProfitRatio": 0.5344862256, "researchAndDevelopmentExpenses": 655000000, "generalAndAdministrativeExpenses": 1660000000, "sellingAndMarketingExpenses": 0, "sellingGeneralAndAdministrativeExpenses": 1660000000, "otherExpenses": -121000000, "operatingExpenses": 2194000000, "costAndExpenses": 4509000000, "interestIncome": 0, "interestExpense": -3112000000, "depreciationAndAmortization": 170000000, "ebitda": 456000000, "ebitdaratio": 0.0916951538, "operatingIncome": 464000000, "operatingIncomeRatio": 0.0933038407, "totalOtherIncomeExpensesNet": 1079000000, "incomeBeforeTax": 627000000, "incomeBeforeTaxRatio": 0.1260808365, "incomeTaxExpense": 91000000, "netIncome": 3307000000, "netIncomeRatio": 0.6649909511, "eps": 7.67, "epsdiluted": 7.5, "weightedAverageShsOut": 431000000, "weightedAverageShsOutDil": 441000000, "link": "https://www.sec.gov/Archives/edgar/data/1090872/000104746906015256/0001047469-06-015256-index.htm", "finalLink": "https://www.sec.gov/Archives/edgar/data/1090872/000104746906015256/a2175273z10-k.htm", "calculatedOtherExpenses": -121000000, "calculatedOperatingExpenses": 2194000000, "calculatedNetInterest": 3112000000, "calculatedOtherIncome": -2949000000, "calculatedIncomeNonControlling": -2771000000, "calculatedEbitda": 634000000}, {"date": "2005-10-31", "symbol": "A", "reportedCurrency": "USD", "cik": "0001090872", "fillingDate": "2006-01-17", "acceptedDate": "2006-01-17 16:47:54", "calendarYear": "2005", "period": "FY", "revenue": 5139000000, "costOfRevenue": 2617000000, "grossProfit": 2522000000, "grossProfitRatio": 0.4907569566, "researchAndDevelopmentExpenses": 738000000, "generalAndAdministrativeExpenses": 1603000000, "sellingAndMarketingExpenses": 0, "sellingGeneralAndAdministrativeExpenses": 1603000000, "otherExpenses": 0, "operatingExpenses": 2341000000, "costAndExpenses": 4958000000, "interestIncome": 0, "interestExpense": -374000000, "depreciationAndAmortization": 186000000, "ebitda": 294000000, "ebitdaratio": 0.0572095738, "operatingIncome": 181000000, "operatingIncomeRatio": 0.0352208601, "totalOtherIncomeExpensesNet": 115000000, "incomeBeforeTax": 254000000, "incomeBeforeTaxRatio": 0.0494259584, "incomeTaxExpense": 155000000, "netIncome": 327000000, "netIncomeRatio": 0.0636310566, "eps": 0.66, "epsdiluted": 0.65, "weightedAverageShsOut": 494000000, "weightedAverageShsOutDil": 500000000, "link": "https://www.sec.gov/Archives/edgar/data/1090872/000104746906000516/0001047469-06-000516-index.htm", "finalLink": "https://www.sec.gov/Archives/edgar/data/1090872/000104746906000516/a2166540z10-k.htm", "calculatedOtherExpenses": 0, "calculatedOperatingExpenses": 2341000000, "calculatedNetInterest": 374000000, "calculatedOtherIncome": -301000000, "calculatedIncomeNonControlling": -228000000, "calculatedEbitda": 367000000}, {"date": "2004-10-31", "symbol": "A", "reportedCurrency": "USD", "cik": "0001090872", "fillingDate": "2004-12-21", "acceptedDate": "2004-12-21 06:14:39", "calendarYear": "2004", "period": "FY", "revenue": 7181000000, "costOfRevenue": 4058000000, "grossProfit": 3123000000, "grossProfitRatio": 0.4348976466, "researchAndDevelopmentExpenses": 933000000, "generalAndAdministrativeExpenses": 1804000000, "sellingAndMarketingExpenses": 0, "sellingGeneralAndAdministrativeExpenses": 1804000000, "otherExpenses": 0, "operatingExpenses": 2737000000, "costAndExpenses": 6795000000, "interestIncome": 0, "interestExpense": -108000000, "depreciationAndAmortization": 292000000, "ebitda": 624000000, "ebitdaratio": 0.0868959755, "operatingIncome": 386000000, "operatingIncomeRatio": 0.0537529592, "totalOtherIncomeExpensesNet": 54000000, "incomeBeforeTax": 440000000, "incomeBeforeTaxRatio": 0.0612728032, "incomeTaxExpense": 91000000, "netIncome": 349000000, "netIncomeRatio": 0.0486004735, "eps": 0.76, "epsdiluted": 0.75, "weightedAverageShsOut": 483000000, "weightedAverageShsOutDil": 490000000, "link": "https://www.sec.gov/Archives/edgar/data/1090872/000119312504216917/0001193125-04-216917-index.htm", "finalLink": "https://www.sec.gov/Archives/edgar/data/1090872/000119312504216917/d10k.htm", "calculatedOtherExpenses": 0, "calculatedOperatingExpenses": 2737000000, "calculatedNetInterest": 108000000, "calculatedOtherIncome": -54000000, "calculatedIncomeNonControlling": 0, "calculatedEbitda": 678000000}, {"date": "2003-10-31", "symbol": "A", "reportedCurrency": "USD", "cik": "0001090872", "fillingDate": "2003-12-22", "acceptedDate": "2003-12-22 17:25:07", "calendarYear": "2003", "period": "FY", "revenue": 6056000000, "costOfRevenue": 3762000000, "grossProfit": 2294000000, "grossProfitRatio": 0.3787978864, "researchAndDevelopmentExpenses": 1051000000, "generalAndAdministrativeExpenses": 1968000000, "sellingAndMarketingExpenses": 0, "sellingGeneralAndAdministrativeExpenses": 1968000000, "otherExpenses": 0, "operatingExpenses": 3019000000, "costAndExpenses": 6781000000, "interestIncome": 0, "interestExpense": 198000000, "depreciationAndAmortization": 362000000, "ebitda": -398000000, "ebitdaratio": -0.0657199472, "operatingIncome": -725000000, "operatingIncomeRatio": -0.1197159841, "totalOtherIncomeExpensesNet": 35000000, "incomeBeforeTax": -690000000, "incomeBeforeTaxRatio": -0.1139365918, "incomeTaxExpense": 1100000000, "netIncome": -2058000000, "netIncomeRatio": -0.3398282695, "eps": -4.35, "epsdiluted": -4.35, "weightedAverageShsOut": 473000000, "weightedAverageShsOutDil": 473000000, "link": "https://www.sec.gov/Archives/edgar/data/1090872/000119312503098260/0001193125-03-098260-index.htm", "finalLink": "https://www.sec.gov/Archives/edgar/data/1090872/000119312503098260/d10k.htm", "calculatedOtherExpenses": 0, "calculatedOperatingExpenses": 3019000000, "calculatedNetInterest": -198000000, "calculatedOtherIncome": 233000000, "calculatedIncomeNonControlling": 268000000, "calculatedEbitda": -363000000}, {"date": "2002-10-31", "symbol": "A", "reportedCurrency": "USD", "cik": "0001090872", "fillingDate": "2002-12-20", "acceptedDate": "2002-12-20 17:27:53", "calendarYear": "2002", "period": "FY", "revenue": 6010000000, "costOfRevenue": 3694000000, "grossProfit": 2316000000, "grossProfitRatio": 0.3853577371, "researchAndDevelopmentExpenses": 1169000000, "generalAndAdministrativeExpenses": 2754000000, "sellingAndMarketingExpenses": 0, "sellingGeneralAndAdministrativeExpenses": 2754000000, "otherExpenses": 0, "operatingExpenses": 3923000000, "costAndExpenses": 7617000000, "interestIncome": 0, "interestExpense": -110000000, "depreciationAndAmortization": 735000000, "ebitda": -932000000, "ebitdaratio": -0.1550748752, "operatingIncome": -1607000000, "operatingIncomeRatio": -0.2673876872, "totalOtherIncomeExpensesNet": 60000000, "incomeBeforeTax": -1547000000, "incomeBeforeTaxRatio": -0.2574043261, "incomeTaxExpense": -525000000, "netIncome": -1032000000, "netIncomeRatio": -0.1717138103, "eps": -2.22, "epsdiluted": -2.22, "weightedAverageShsOut": 465000000, "weightedAverageShsOutDil": 465000000, "link": "https://www.sec.gov/Archives/edgar/data/1090872/000089161802005622/0000891618-02-005622-index.htm", "finalLink": "https://www.sec.gov/Archives/edgar/data/1090872/000089161802005622/f86150e10vk.htm", "calculatedOtherExpenses": 0, "calculatedOperatingExpenses": 3923000000, "calculatedNetInterest": 110000000, "calculatedOtherIncome": -50000000, "calculatedIncomeNonControlling": 10000000, "calculatedEbitda": -872000000}, {"date": "2001-10-31", "symbol": "A", "reportedCurrency": "USD", "cik": "0001090872", "fillingDate": "2002-01-22", "acceptedDate": "2002-01-22 00:00:00", "calendarYear": "2001", "period": "FY", "revenue": 8396000000, "costOfRevenue": 5166000000, "grossProfit": 3230000000, "grossProfitRatio": 0.3847070033, "researchAndDevelopmentExpenses": 1349000000, "generalAndAdministrativeExpenses": 2659000000, "sellingAndMarketingExpenses": 0, "sellingGeneralAndAdministrativeExpenses": 2659000000, "otherExpenses": 0, "operatingExpenses": 4008000000, "costAndExpenses": 9174000000, "interestIncome": 0, "interestExpense": -1176000000, "depreciationAndAmortization": 734000000, "ebitda": -345000000, "ebitdaratio": -0.0410909957, "operatingIncome": -778000000, "operatingIncomeRatio": -0.0926631729, "totalOtherIncomeExpensesNet": 301000000, "incomeBeforeTax": -477000000, "incomeBeforeTaxRatio": -0.056812768, "incomeTaxExpense": -71000000, "netIncome": 168000000, "netIncomeRatio": 0.0200095283, "eps": 0.38, "epsdiluted": 0.38, "weightedAverageShsOut": 458000000, "weightedAverageShsOutDil": 458000000, "link": "https://www.sec.gov/Archives/edgar/data/1090872/000089161802000185/0000891618-02-000185-index.htm", "finalLink": "https://www.sec.gov/Archives/edgar/data/1090872/000089161802000185/f78349e10-k.htm", "calculatedOtherExpenses": 0, "calculatedOperatingExpenses": 4008000000, "calculatedNetInterest": 1176000000, "calculatedOtherIncome": -875000000, "calculatedIncomeNonControlling": -574000000, "calculatedEbitda": -44000000}, {"date": "2000-10-31", "symbol": "A", "reportedCurrency": "USD", "cik": "0001090872", "fillingDate": "2001-01-17", "acceptedDate": "2001-01-17 00:00:00", "calendarYear": "2000", "period": "FY", "revenue": 10773000000, "costOfRevenue": 5522000000, "grossProfit": 5251000000, "grossProfitRatio": 0.4874222594, "researchAndDevelopmentExpenses": 1258000000, "generalAndAdministrativeExpenses": 2940000000, "sellingAndMarketingExpenses": 0, "sellingGeneralAndAdministrativeExpenses": 2940000000, "otherExpenses": 0, "operatingExpenses": 4198000000, "costAndExpenses": 9720000000, "interestIncome": 0, "interestExpense": -222000000, "depreciationAndAmortization": 495000000, "ebitda": 1437000000, "ebitdaratio": 0.1333890281, "operatingIncome": 1053000000, "operatingIncomeRatio": 0.0977443609, "totalOtherIncomeExpensesNet": 111000000, "incomeBeforeTax": 1164000000, "incomeBeforeTaxRatio": 0.1080478975, "incomeTaxExpense": 407000000, "netIncome": 757000000, "netIncomeRatio": 0.0702682633, "eps": 1.68, "epsdiluted": 1.66, "weightedAverageShsOut": 449000000, "weightedAverageShsOutDil": 455000000, "link": "https://www.sec.gov/Archives/edgar/data/1090872/000109581101000226/0001095811-01-000226-index.htm", "finalLink": "https://www.sec.gov/Archives/edgar/data/1090872/000109581101000226/f67706e10-k.txt", "calculatedOtherExpenses": 0, "calculatedOperatingExpenses": 4198000000, "calculatedNetInterest": 222000000, "calculatedOtherIncome": -111000000, "calculatedIncomeNonControlling": 0, "calculatedEbitda": 1548000000}, {"date": "1999-10-31", "symbol": "A", "reportedCurrency": "USD", "cik": "0001090872", "fillingDate": "2000-01-25", "acceptedDate": "2000-01-25 00:00:00", "calendarYear": "1999", "period": "FY", "revenue": 8331000000, "costOfRevenue": 4388000000, "grossProfit": 3943000000, "grossProfitRatio": 0.4732925219, "researchAndDevelopmentExpenses": 997000000, "generalAndAdministrativeExpenses": 2205000000, "sellingAndMarketingExpenses": 0, "sellingGeneralAndAdministrativeExpenses": 2205000000, "otherExpenses": 0, "operatingExpenses": 3202000000, "costAndExpenses": 7590000000, "interestIncome": 0, "interestExpense": -92000000, "depreciationAndAmortization": 475000000, "ebitda": 1170000000, "ebitdaratio": 0.140439323, "operatingIncome": 741000000, "operatingIncomeRatio": 0.0889449046, "totalOtherIncomeExpensesNet": 46000000, "incomeBeforeTax": 787000000, "incomeBeforeTaxRatio": 0.0944664506, "incomeTaxExpense": 275000000, "netIncome": 512000000, "netIncomeRatio": 0.061457208, "eps": 1.35, "epsdiluted": 1.35, "weightedAverageShsOut": 380000000, "weightedAverageShsOutDil": 457500000, "link": "https://www.sec.gov/Archives/edgar/data/1090872/000091205700002160/0000912057-00-002160-index.htm", "finalLink": "https://www.sec.gov/Archives/edgar/data/1090872/000091205700002160/0000912057-00-002160.txt", "calculatedOtherExpenses": 0, "calculatedOperatingExpenses": 3202000000, "calculatedNetInterest": 92000000, "calculatedOtherIncome": -46000000, "calculatedIncomeNonControlling": 0, "calculatedEbitda": 1216000000}, {"date": "1998-10-31", "symbol": "A", "reportedCurrency": "USD", "cik": "0001090872", "fillingDate": "1998-10-31", "acceptedDate": "1998-10-31 00:00:00", "calendarYear": "1998", "period": "FY", "revenue": 7952000000, "costOfRevenue": 4035000000, "grossProfit": 3917000000, "grossProfitRatio": 0.4925804829, "researchAndDevelopmentExpenses": 948000000, "generalAndAdministrativeExpenses": 2050000000, "sellingAndMarketingExpenses": 0, "sellingGeneralAndAdministrativeExpenses": 2050000000, "otherExpenses": 477000000, "operatingExpenses": 3475000000, "costAndExpenses": 7510000000, "interestIncome": 0, "interestExpense": 46000000, "depreciationAndAmortization": 477000000, "ebitda": 919000000, "ebitdaratio": 0.1155684105, "operatingIncome": 442000000, "operatingIncomeRatio": 0.055583501, "totalOtherIncomeExpensesNet": -46000000, "incomeBeforeTax": 396000000, "incomeBeforeTaxRatio": 0.0497987928, "incomeTaxExpense": 139000000, "netIncome": 257000000, "netIncomeRatio": 0.0323189135, "eps": 0.58, "epsdiluted": 0.56, "weightedAverageShsOut": 443103448, "weightedAverageShsOutDil": 458928571, "link": null, "finalLink": null, "calculatedOtherExpenses": 477000000, "calculatedOperatingExpenses": 3475000000, "calculatedNetInterest": -46000000, "calculatedOtherIncome": 0, "calculatedIncomeNonControlling": 0, "calculatedEbitda": 919000000}]}