{"originalCurrency": "USD", "convertedCurrency": "USD", "report": [{"date": "2023-12-31", "symbol": "AA", "reportedCurrency": "USD", "cik": "0001675149", "fillingDate": "2024-02-21", "acceptedDate": "2024-02-21 17:08:30", "calendarYear": "2023", "period": "FY", "revenue": 10551000000, "costOfRevenue": 10445000000, "grossProfit": 106000000, "grossProfitRatio": 0.0100464411, "researchAndDevelopmentExpenses": 39000000, "generalAndAdministrativeExpenses": 0, "sellingAndMarketingExpenses": 0, "sellingGeneralAndAdministrativeExpenses": 226000000, "otherExpenses": 49000000, "operatingExpenses": 265000000, "costAndExpenses": 11135000000, "interestIncome": 45000000, "interestExpense": 107000000, "depreciationAndAmortization": 632000000, "ebitda": 277000000, "ebitdaratio": 0.0262534357, "operatingIncome": -355000000, "operatingIncomeRatio": -0.0336460999, "totalOtherIncomeExpensesNet": -229000000, "incomeBeforeTax": -584000000, "incomeBeforeTaxRatio": -0.0553502038, "incomeTaxExpense": 189000000, "netIncome": -651000000, "netIncomeRatio": -0.0617003128, "eps": -3.66, "epsdiluted": -3.66, "weightedAverageShsOut": 178000000, "weightedAverageShsOutDil": 178000000, "link": "https://www.sec.gov/Archives/edgar/data/1675149/000095017024018069/0000950170-24-018069-index.htm", "finalLink": "https://www.sec.gov/Archives/edgar/data/1675149/000095017024018069/aa-20231231.htm", "calculatedOtherExpenses": 196000000, "calculatedOperatingExpenses": 461000000, "calculatedNetInterest": -62000000, "calculatedOtherIncome": -167000000, "calculatedIncomeNonControlling": -122000000, "calculatedEbitda": 277000000}, {"date": "2022-12-31", "symbol": "AA", "reportedCurrency": "USD", "cik": "0001675149", "fillingDate": "2023-02-23", "acceptedDate": "2023-02-23 16:34:17", "calendarYear": "2022", "period": "FY", "revenue": 12762000000, "costOfRevenue": 10829000000, "grossProfit": 1933000000, "grossProfitRatio": 0.1514652876, "researchAndDevelopmentExpenses": 32000000, "generalAndAdministrativeExpenses": 0, "sellingAndMarketingExpenses": 0, "sellingGeneralAndAdministrativeExpenses": 204000000, "otherExpenses": 617000000, "operatingExpenses": 236000000, "costAndExpenses": 11065000000, "interestIncome": 56000000, "interestExpense": 106000000, "depreciationAndAmortization": 617000000, "ebitda": 2142000000, "ebitdaratio": 0.167842031, "operatingIncome": 1525000000, "operatingIncomeRatio": 0.1194953769, "totalOtherIncomeExpensesNet": -802000000, "incomeBeforeTax": 723000000, "incomeBeforeTaxRatio": 0.0566525623, "incomeTaxExpense": 664000000, "netIncome": 59000000, "netIncomeRatio": 0.0046230998, "eps": 0.33, "epsdiluted": 0.33, "weightedAverageShsOut": 181000000, "weightedAverageShsOutDil": 181000000, "link": "https://www.sec.gov/Archives/edgar/data/1675149/000156459023002319/0001564590-23-002319-index.htm", "finalLink": "https://www.sec.gov/Archives/edgar/data/1675149/000156459023002319/aa-10k_20221231.htm", "calculatedOtherExpenses": 172000000, "calculatedOperatingExpenses": 408000000, "calculatedNetInterest": -50000000, "calculatedOtherIncome": -752000000, "calculatedIncomeNonControlling": 0, "calculatedEbitda": 2142000000}, {"date": "2021-12-31", "symbol": "AA", "reportedCurrency": "USD", "cik": "0001675149", "fillingDate": "2022-02-24", "acceptedDate": "2022-02-24 17:08:57", "calendarYear": "2021", "period": "FY", "revenue": 12437000000, "costOfRevenue": 9815000000, "grossProfit": 2622000000, "grossProfitRatio": 0.2108225456, "researchAndDevelopmentExpenses": 31000000, "generalAndAdministrativeExpenses": 0, "sellingAndMarketingExpenses": 0, "sellingGeneralAndAdministrativeExpenses": 227000000, "otherExpenses": 664000000, "operatingExpenses": 922000000, "costAndExpenses": 10075000000, "interestIncome": 195000000, "interestExpense": 195000000, "depreciationAndAmortization": 664000000, "ebitda": 3186000000, "ebitdaratio": 0.2561711024, "operatingIncome": 2522000000, "operatingIncomeRatio": 0.2027820214, "totalOtherIncomeExpensesNet": -1323000000, "incomeBeforeTax": 1199000000, "incomeBeforeTaxRatio": 0.0964058857, "incomeTaxExpense": 629000000, "netIncome": 429000000, "netIncomeRatio": 0.034493849, "eps": 2.31, "epsdiluted": 2.26, "weightedAverageShsOut": 186000000, "weightedAverageShsOutDil": 190000000, "link": "https://www.sec.gov/Archives/edgar/data/1675149/000156459022006763/0001564590-22-006763-index.htm", "finalLink": "https://www.sec.gov/Archives/edgar/data/1675149/000156459022006763/aa-10k_20211231.htm", "calculatedOtherExpenses": -158000000, "calculatedOperatingExpenses": 100000000, "calculatedNetInterest": 0, "calculatedOtherIncome": -1323000000, "calculatedIncomeNonControlling": 141000000, "calculatedEbitda": 3186000000}, {"date": "2020-12-31", "symbol": "AA", "reportedCurrency": "USD", "cik": "0001675149", "fillingDate": "2021-02-25", "acceptedDate": "2021-02-25 16:18:04", "calendarYear": "2020", "period": "FY", "revenue": 9372000000, "costOfRevenue": 8607000000, "grossProfit": 765000000, "grossProfitRatio": 0.0816261204, "researchAndDevelopmentExpenses": 27000000, "generalAndAdministrativeExpenses": 0, "sellingAndMarketingExpenses": 0, "sellingGeneralAndAdministrativeExpenses": 206000000, "otherExpenses": 653000000, "operatingExpenses": 886000000, "costAndExpenses": 8855000000, "interestIncome": 146000000, "interestExpense": 146000000, "depreciationAndAmortization": 653000000, "ebitda": 1076000000, "ebitdaratio": 0.1148100726, "operatingIncome": 423000000, "operatingIncomeRatio": 0.045134443, "totalOtherIncomeExpensesNet": -250000000, "incomeBeforeTax": 173000000, "incomeBeforeTaxRatio": 0.0184592403, "incomeTaxExpense": 187000000, "netIncome": -14000000, "netIncomeRatio": -0.0014938114, "eps": -0.0753, "epsdiluted": -0.0753, "weightedAverageShsOut": 186000000, "weightedAverageShsOutDil": 186000000, "link": "https://www.sec.gov/Archives/edgar/data/1675149/000156459021008854/0001564590-21-008854-index.htm", "finalLink": "https://www.sec.gov/Archives/edgar/data/1675149/000156459021008854/aa-10k_20201231.htm", "calculatedOtherExpenses": 109000000, "calculatedOperatingExpenses": 342000000, "calculatedNetInterest": 0, "calculatedOtherIncome": -250000000, "calculatedIncomeNonControlling": 0, "calculatedEbitda": 1076000000}, {"date": "2019-12-31", "symbol": "AA", "reportedCurrency": "USD", "cik": "0001675149", "fillingDate": "2020-02-21", "acceptedDate": "2020-02-21 16:28:32", "calendarYear": "2019", "period": "FY", "revenue": 10495000000, "costOfRevenue": 9293000000, "grossProfit": 1202000000, "grossProfitRatio": 0.1145307289, "researchAndDevelopmentExpenses": 27000000, "generalAndAdministrativeExpenses": 0, "sellingAndMarketingExpenses": 0, "sellingGeneralAndAdministrativeExpenses": 280000000, "otherExpenses": 713000000, "operatingExpenses": 1020000000, "costAndExpenses": 9557000000, "interestIncome": 121000000, "interestExpense": 121000000, "depreciationAndAmortization": 713000000, "ebitda": 1427000000, "ebitdaratio": 0.1359695093, "operatingIncome": 714000000, "operatingIncomeRatio": 0.0680323964, "totalOtherIncomeExpensesNet": -1152000000, "incomeBeforeTax": -438000000, "incomeBeforeTaxRatio": -0.0417341591, "incomeTaxExpense": 415000000, "netIncome": -853000000, "netIncomeRatio": -0.0812767985, "eps": -4.61, "epsdiluted": -4.61, "weightedAverageShsOut": 185000000, "weightedAverageShsOutDil": 185000000, "link": "https://www.sec.gov/Archives/edgar/data/1675149/000156459020005759/0001564590-20-005759-index.htm", "finalLink": "https://www.sec.gov/Archives/edgar/data/1675149/000156459020005759/aa-10k_20191231.htm", "calculatedOtherExpenses": 181000000, "calculatedOperatingExpenses": 488000000, "calculatedNetInterest": 0, "calculatedOtherIncome": -1152000000, "calculatedIncomeNonControlling": 0, "calculatedEbitda": 1427000000}, {"date": "2018-12-31", "symbol": "AA", "reportedCurrency": "USD", "cik": "0001675149", "fillingDate": "2019-02-26", "acceptedDate": "2019-02-25 20:41:48", "calendarYear": "2018", "period": "FY", "revenue": 13517000000, "costOfRevenue": 10823000000, "grossProfit": 2694000000, "grossProfitRatio": 0.1993045794, "researchAndDevelopmentExpenses": 31000000, "generalAndAdministrativeExpenses": 0, "sellingAndMarketingExpenses": 0, "sellingGeneralAndAdministrativeExpenses": 248000000, "otherExpenses": -64000000, "operatingExpenses": 1012000000, "costAndExpenses": 11093000000, "interestIncome": 0, "interestExpense": 122000000, "depreciationAndAmortization": 733000000, "ebitda": 2979000000, "ebitdaratio": 0.2203891396, "operatingIncome": 2196000000, "operatingIncomeRatio": 0.1624620848, "totalOtherIncomeExpensesNet": -591000000, "incomeBeforeTax": 1597000000, "incomeBeforeTaxRatio": 0.1181475179, "incomeTaxExpense": 726000000, "netIncome": 227000000, "netIncomeRatio": 0.0167936672, "eps": 1.22, "epsdiluted": 1.2, "weightedAverageShsOut": 186230908, "weightedAverageShsOutDil": 188534139, "link": "https://www.sec.gov/Archives/edgar/data/1675149/000156459019004171/0001564590-19-004171-index.htm", "finalLink": "https://www.sec.gov/Archives/edgar/data/1675149/000156459019004171/aa-10k_20181231.htm", "calculatedOtherExpenses": 219000000, "calculatedOperatingExpenses": 498000000, "calculatedNetInterest": -122000000, "calculatedOtherIncome": -477000000, "calculatedIncomeNonControlling": 644000000, "calculatedEbitda": 2929000000}, {"date": "2017-12-31", "symbol": "AA", "reportedCurrency": "USD", "cik": "0001675149", "fillingDate": "2018-02-26", "acceptedDate": "2018-02-23 18:40:50", "calendarYear": "2017", "period": "FY", "revenue": 11780000000, "costOfRevenue": 9760000000, "grossProfit": 2020000000, "grossProfitRatio": 0.17147707979626486, "researchAndDevelopmentExpenses": 32000000, "generalAndAdministrativeExpenses": 0, "sellingAndMarketingExpenses": 0, "sellingGeneralAndAdministrativeExpenses": 284000000, "otherExpenses": 58000000, "operatingExpenses": 1066000000, "costAndExpenses": 10138000000, "interestIncome": 0, "interestExpense": 104000000, "depreciationAndAmortization": 752000000, "ebitda": 2324000000, "ebitdaratio": 0.1994507381, "operatingIncome": 1496000000, "operatingIncomeRatio": 0.128389976, "totalOtherIncomeExpensesNet": -251000000, "incomeBeforeTax": 1159000000, "incomeBeforeTaxRatio": 0.0994679025, "incomeTaxExpense": 600000000, "netIncome": 217000000, "netIncomeRatio": 0.0186234123, "eps": 1.18, "epsdiluted": 1.16, "weightedAverageShsOut": 184420404, "weightedAverageShsOutDil": 186981665, "link": "https://www.sec.gov/Archives/edgar/data/1675149/000119312518056314/0001193125-18-056314-index.htm", "finalLink": "https://www.sec.gov/Archives/edgar/data/1675149/000119312518056314/d502924d10k.htm", "calculatedOtherExpenses": 208000000, "calculatedOperatingExpenses": 524000000, "calculatedNetInterest": -104000000, "calculatedOtherIncome": -233000000, "calculatedIncomeNonControlling": 342000000, "calculatedEbitda": 2248000000}, {"date": "2016-12-31", "symbol": "AA", "reportedCurrency": "USD", "cik": "0001675149", "fillingDate": "2017-03-15", "acceptedDate": "2017-03-15 17:29:53", "calendarYear": "2016", "period": "FY", "revenue": 9325000000, "costOfRevenue": 8616000000, "grossProfit": 709000000, "grossProfitRatio": 0.07603217158176943, "researchAndDevelopmentExpenses": 33000000, "generalAndAdministrativeExpenses": 0, "sellingAndMarketingExpenses": 0, "sellingGeneralAndAdministrativeExpenses": 359000000, "otherExpenses": 89000000, "operatingExpenses": 1110000000, "costAndExpenses": 9008000000, "interestIncome": 0, "interestExpense": 243000000, "depreciationAndAmortization": 718000000, "ebitda": 1117000000, "ebitdaratio": 0.1198755098, "operatingIncome": 187000000, "operatingIncomeRatio": 0.0200686843, "totalOtherIncomeExpensesNet": -229000000, "incomeBeforeTax": -162000000, "incomeBeforeTaxRatio": -0.0173857051, "incomeTaxExpense": 184000000, "netIncome": -400000000, "netIncomeRatio": -0.0429276669, "eps": -2.19, "epsdiluted": -2.19, "weightedAverageShsOut": 182538152, "weightedAverageShsOutDil": 182538152, "link": "https://www.sec.gov/Archives/edgar/data/1675149/000119312517083862/0001193125-17-083862-index.htm", "finalLink": "https://www.sec.gov/Archives/edgar/data/1675149/000119312517083862/d298292d10k.htm", "calculatedOtherExpenses": 130000000, "calculatedOperatingExpenses": 522000000, "calculatedNetInterest": -243000000, "calculatedOtherIncome": -106000000, "calculatedIncomeNonControlling": 54000000, "calculatedEbitda": 905000000}, {"date": "2015-12-31", "symbol": "AA", "reportedCurrency": "USD", "cik": "0001675149", "fillingDate": "2015-12-31", "acceptedDate": "2015-12-30 19:00:00", "calendarYear": "2015", "period": "FY", "revenue": 11199000000, "costOfRevenue": 9039000000, "grossProfit": 2160000000, "grossProfitRatio": 0.1928743638, "researchAndDevelopmentExpenses": 69000000, "generalAndAdministrativeExpenses": 0, "sellingAndMarketingExpenses": 0, "sellingGeneralAndAdministrativeExpenses": 353000000, "otherExpenses": 2000000, "operatingExpenses": 1202000000, "costAndExpenses": 10241000000, "interestIncome": 0, "interestExpense": 270000000, "depreciationAndAmortization": 780000000, "ebitda": 1651000000, "ebitdaratio": 0.1474238771, "operatingIncome": 958000000, "operatingIncomeRatio": 0.0855433521, "totalOtherIncomeExpensesNet": -1025000000, "incomeBeforeTax": -337000000, "incomeBeforeTaxRatio": -0.0300919725, "incomeTaxExpense": 402000000, "netIncome": -863000000, "netIncomeRatio": -0.0770604518, "eps": -4.73, "epsdiluted": -4.73, "weightedAverageShsOut": 182400000, "weightedAverageShsOutDil": 182400000, "link": "", "finalLink": "", "calculatedOtherExpenses": 780000000, "calculatedOperatingExpenses": 1202000000, "calculatedNetInterest": -270000000, "calculatedOtherIncome": -1025000000, "calculatedIncomeNonControlling": 124000000, "calculatedEbitda": 1738000000}, {"date": "2014-12-31", "symbol": "AA", "reportedCurrency": "USD", "cik": "0001675149", "fillingDate": "2014-12-31", "acceptedDate": "2014-12-30 19:00:00", "calendarYear": "2014", "period": "FY", "revenue": 13147000000, "costOfRevenue": 10548000000, "grossProfit": 2599000000, "grossProfitRatio": 0.1976876854, "researchAndDevelopmentExpenses": 95000000, "generalAndAdministrativeExpenses": 0, "sellingAndMarketingExpenses": 0, "sellingGeneralAndAdministrativeExpenses": 383000000, "otherExpenses": -1000000, "operatingExpenses": 1547000000, "costAndExpenses": 12095000000, "interestIncome": 0, "interestExpense": 309000000, "depreciationAndAmortization": 954000000, "ebitda": 1911000000, "ebitdaratio": 0.1453563551, "operatingIncome": 1052000000, "operatingIncomeRatio": 0.0800182551, "totalOtherIncomeExpensesNet": -806000000, "incomeBeforeTax": -63000000, "incomeBeforeTaxRatio": -0.0047919677, "incomeTaxExpense": 284000000, "netIncome": -256000000, "netIncomeRatio": -0.0194721229, "eps": -1.4, "epsdiluted": -1.4, "weightedAverageShsOut": 182400000, "weightedAverageShsOutDil": 182400000, "link": "", "finalLink": "", "calculatedOtherExpenses": 1069000000, "calculatedOperatingExpenses": 1547000000, "calculatedNetInterest": -309000000, "calculatedOtherIncome": -806000000, "calculatedIncomeNonControlling": -91000000, "calculatedEbitda": 2006000000}, {"date": "2013-12-31", "symbol": "AA", "reportedCurrency": "USD", "cik": "0001675149", "fillingDate": "2013-12-31", "acceptedDate": "2013-12-30 19:00:00", "calendarYear": "2013", "period": "FY", "revenue": 12573000000, "costOfRevenue": 11040000000, "grossProfit": 1533000000, "grossProfitRatio": 0.1219279408, "researchAndDevelopmentExpenses": 86000000, "generalAndAdministrativeExpenses": 0, "sellingAndMarketingExpenses": 0, "sellingGeneralAndAdministrativeExpenses": 406000000, "otherExpenses": -7000000, "operatingExpenses": 1518000000, "costAndExpenses": 12558000000, "interestIncome": 0, "interestExpense": 305000000, "depreciationAndAmortization": 1026000000, "ebitda": 964000000, "ebitdaratio": 0.0766722342, "operatingIncome": 15000000, "operatingIncomeRatio": 0.0011930327, "totalOtherIncomeExpensesNet": -2457000000, "incomeBeforeTax": -2747000000, "incomeBeforeTaxRatio": -0.2184840531, "incomeTaxExpense": 123000000, "netIncome": -2909000000, "netIncomeRatio": -0.2313688062, "eps": -16.01, "epsdiluted": -16.01, "weightedAverageShsOut": 181700000, "weightedAverageShsOutDil": 181700000, "link": "", "finalLink": "", "calculatedOtherExpenses": 1026000000, "calculatedOperatingExpenses": 1518000000, "calculatedNetInterest": -305000000, "calculatedOtherIncome": -2457000000, "calculatedIncomeNonControlling": 39000000, "calculatedEbitda": 1041000000}]}