{"originalCurrency": "USD", "convertedCurrency": "USD", "report": [{"date": "2023-12-31", "symbol": "AAL", "reportedCurrency": "USD", "cik": "0000006201", "fillingDate": "2024-02-21", "acceptedDate": "2024-02-21 07:59:46", "calendarYear": "2023", "period": "FY", "revenue": 52788000000, "costOfRevenue": 40978000000, "grossProfit": 11810000000, "grossProfitRatio": 0.223725089, "researchAndDevelopmentExpenses": 0, "generalAndAdministrativeExpenses": 0, "sellingAndMarketingExpenses": 1799000000, "sellingGeneralAndAdministrativeExpenses": 1799000000, "otherExpenses": -6006000000, "operatingExpenses": 7805000000, "costAndExpenses": 48783000000, "interestIncome": 591000000, "interestExpense": 2145000000, "depreciationAndAmortization": 2254000000, "ebitda": 6259000000, "ebitdaratio": 0.1185686141, "operatingIncome": 4005000000, "operatingIncomeRatio": 0.0758695158, "totalOtherIncomeExpensesNet": -2884000000, "incomeBeforeTax": 1121000000, "incomeBeforeTaxRatio": 0.0212358869, "incomeTaxExpense": 299000000, "netIncome": 822000000, "netIncomeRatio": 0.0155717208, "eps": 1.26, "epsdiluted": 1.14, "weightedAverageShsOut": 653612000, "weightedAverageShsOutDil": 719669000, "link": "https://www.sec.gov/Archives/edgar/data/6201/000000620124000010/0000006201-24-000010-index.htm", "finalLink": "https://www.sec.gov/Archives/edgar/data/4515/000000620124000010/aal-20231231.htm", "calculatedOtherExpenses": 6006000000, "calculatedOperatingExpenses": 7805000000, "calculatedNetInterest": -1554000000, "calculatedOtherIncome": -1330000000, "calculatedIncomeNonControlling": 0, "calculatedEbitda": 6259000000}, {"date": "2022-12-31", "symbol": "AAL", "reportedCurrency": "USD", "cik": "0000006201", "fillingDate": "2023-02-22", "acceptedDate": "2023-02-22 08:01:45", "calendarYear": "2022", "period": "FY", "revenue": 48971000000, "costOfRevenue": 39934000000, "grossProfit": 9037000000, "grossProfitRatio": 0.1845377877, "researchAndDevelopmentExpenses": 0, "generalAndAdministrativeExpenses": 0, "sellingAndMarketingExpenses": 1815000000, "sellingGeneralAndAdministrativeExpenses": 1815000000, "otherExpenses": 5422000000, "operatingExpenses": 7237000000, "costAndExpenses": 47171000000, "interestIncome": 216000000, "interestExpense": 1962000000, "depreciationAndAmortization": 2298000000, "ebitda": 2148000000, "ebitdaratio": 0.0438626942, "operatingIncome": -150000000, "operatingIncomeRatio": -0.0030630373, "totalOtherIncomeExpensesNet": 336000000, "incomeBeforeTax": 186000000, "incomeBeforeTaxRatio": 0.0037981663, "incomeTaxExpense": 59000000, "netIncome": 127000000, "netIncomeRatio": 0.0025933716, "eps": 0.2, "epsdiluted": 0.19, "weightedAverageShsOut": 650345000, "weightedAverageShsOutDil": 655122000, "link": "https://www.sec.gov/Archives/edgar/data/6201/000000620123000018/0000006201-23-000018-index.htm", "finalLink": "https://www.sec.gov/Archives/edgar/data/4515/000000620123000018/aal-20221231.htm", "calculatedOtherExpenses": 7372000000, "calculatedOperatingExpenses": 9187000000, "calculatedNetInterest": -1746000000, "calculatedOtherIncome": 2082000000, "calculatedIncomeNonControlling": 0, "calculatedEbitda": 2148000000}, {"date": "2021-12-31", "symbol": "AAL", "reportedCurrency": "USD", "cik": "0000006201", "fillingDate": "2022-02-22", "acceptedDate": "2022-02-22 08:03:11", "calendarYear": "2021", "period": "FY", "revenue": 29882000000, "costOfRevenue": 29855000000, "grossProfit": 27000000, "grossProfitRatio": 0.000903554, "researchAndDevelopmentExpenses": 0, "generalAndAdministrativeExpenses": 0, "sellingAndMarketingExpenses": 1098000000, "sellingGeneralAndAdministrativeExpenses": 1098000000, "otherExpenses": 3994000000, "operatingExpenses": 5092000000, "costAndExpenses": 34947000000, "interestIncome": 18000000, "interestExpense": 1800000000, "depreciationAndAmortization": 4317000000, "ebitda": -748000000, "ebitdaratio": -0.0250317917, "operatingIncome": -5065000000, "operatingIncomeRatio": -0.1695000335, "totalOtherIncomeExpensesNet": 2517000000, "incomeBeforeTax": -2548000000, "incomeBeforeTaxRatio": -0.0852687236, "incomeTaxExpense": -555000000, "netIncome": -1993000000, "netIncomeRatio": -0.0666956696, "eps": -3.09, "epsdiluted": -3.09, "weightedAverageShsOut": 644015000, "weightedAverageShsOutDil": 644015000, "link": "https://www.sec.gov/Archives/edgar/data/6201/000000620122000026/0000006201-22-000026-index.htm", "finalLink": "https://www.sec.gov/Archives/edgar/data/4515/000000620122000026/aal-20211231.htm", "calculatedOtherExpenses": 3994000000, "calculatedOperatingExpenses": 5092000000, "calculatedNetInterest": -1782000000, "calculatedOtherIncome": 4299000000, "calculatedIncomeNonControlling": 0, "calculatedEbitda": -748000000}, {"date": "2020-12-31", "symbol": "AAL", "reportedCurrency": "USD", "cik": "0000006201", "fillingDate": "2021-02-17", "acceptedDate": "2021-02-17 17:17:57", "calendarYear": "2020", "period": "FY", "revenue": 17337000000, "costOfRevenue": 24933000000, "grossProfit": -7596000000, "grossProfitRatio": -0.4381380862, "researchAndDevelopmentExpenses": 0, "generalAndAdministrativeExpenses": 0, "sellingAndMarketingExpenses": 513000000, "sellingGeneralAndAdministrativeExpenses": 513000000, "otherExpenses": 2969000000, "operatingExpenses": 3482000000, "costAndExpenses": 28415000000, "interestIncome": 41000000, "interestExpense": 1227000000, "depreciationAndAmortization": 195000000, "ebitda": -10226000000, "ebitdaratio": -0.5898367653, "operatingIncome": -10421000000, "operatingIncomeRatio": -0.601084386, "totalOtherIncomeExpensesNet": -1032000000, "incomeBeforeTax": -11453000000, "incomeBeforeTaxRatio": -0.6606102555, "incomeTaxExpense": -2568000000, "netIncome": -8885000000, "netIncomeRatio": -0.512487743, "eps": -18.36, "epsdiluted": -18.36, "weightedAverageShsOut": 483888000, "weightedAverageShsOutDil": 483888000, "link": "https://www.sec.gov/Archives/edgar/data/6201/000000620121000014/0000006201-21-000014-index.htm", "finalLink": "https://www.sec.gov/Archives/edgar/data/4515/000000620121000014/aal-20201231.htm", "calculatedOtherExpenses": 2312000000, "calculatedOperatingExpenses": 2825000000, "calculatedNetInterest": -1186000000, "calculatedOtherIncome": 154000000, "calculatedIncomeNonControlling": 0, "calculatedEbitda": -10226000000}, {"date": "2019-12-31", "symbol": "AAL", "reportedCurrency": "USD", "cik": "0000006201", "fillingDate": "2020-02-19", "acceptedDate": "2020-02-19 07:31:30", "calendarYear": "2019", "period": "FY", "revenue": 45768000000, "costOfRevenue": 35379000000, "grossProfit": 10389000000, "grossProfitRatio": 0.2269926586, "researchAndDevelopmentExpenses": 0, "generalAndAdministrativeExpenses": 0, "sellingAndMarketingExpenses": 1602000000, "sellingGeneralAndAdministrativeExpenses": 1602000000, "otherExpenses": 5087000000, "operatingExpenses": 6689000000, "costAndExpenses": 42068000000, "interestIncome": 127000000, "interestExpense": 1095000000, "depreciationAndAmortization": 2318000000, "ebitda": 3351000000, "ebitdaratio": 0.0732170949, "operatingIncome": 1033000000, "operatingIncomeRatio": 0.0225703548, "totalOtherIncomeExpensesNet": 1223000000, "incomeBeforeTax": 2256000000, "incomeBeforeTaxRatio": 0.0492920818, "incomeTaxExpense": 570000000, "netIncome": 1686000000, "netIncomeRatio": 0.0368379654, "eps": 3.8, "epsdiluted": 3.8, "weightedAverageShsOut": 443363000, "weightedAverageShsOutDil": 444269000, "link": "https://www.sec.gov/Archives/edgar/data/6201/000000620120000023/0000006201-20-000023-index.htm", "finalLink": "https://www.sec.gov/Archives/edgar/data/4515/000000620120000023/a10k123119.htm", "calculatedOtherExpenses": 7754000000, "calculatedOperatingExpenses": 9356000000, "calculatedNetInterest": -968000000, "calculatedOtherIncome": 2191000000, "calculatedIncomeNonControlling": 0, "calculatedEbitda": 3351000000}, {"date": "2018-12-31", "symbol": "AAL", "reportedCurrency": "USD", "cik": "0000006201", "fillingDate": "2019-02-25", "acceptedDate": "2019-02-25 07:31:34", "calendarYear": "2018", "period": "FY", "revenue": 44541000000, "costOfRevenue": 34490000000, "grossProfit": 10051000000, "grossProfitRatio": 0.2256572596, "researchAndDevelopmentExpenses": 0, "generalAndAdministrativeExpenses": 0, "sellingAndMarketingExpenses": 1520000000, "sellingGeneralAndAdministrativeExpenses": 1520000000, "otherExpenses": 5088000000, "operatingExpenses": 6608000000, "costAndExpenses": 41098000000, "interestIncome": 118000000, "interestExpense": 1056000000, "depreciationAndAmortization": 2159000000, "ebitda": 2940000000, "ebitdaratio": 0.0660066007, "operatingIncome": 2505000000, "operatingIncomeRatio": 0.0562403179, "totalOtherIncomeExpensesNet": 1103000000, "incomeBeforeTax": 1884000000, "incomeBeforeTaxRatio": 0.0422981074, "incomeTaxExpense": 472000000, "netIncome": 1412000000, "netIncomeRatio": 0.0317011293, "eps": 3.04, "epsdiluted": 3.03, "weightedAverageShsOut": 464236000, "weightedAverageShsOutDil": 465660000, "link": "https://www.sec.gov/Archives/edgar/data/6201/000000620119000009/0000006201-19-000009-index.htm", "finalLink": "https://www.sec.gov/Archives/edgar/data/4515/000000620119000009/a10k123118.htm", "calculatedOtherExpenses": 6026000000, "calculatedOperatingExpenses": 7546000000, "calculatedNetInterest": -938000000, "calculatedOtherIncome": 317000000, "calculatedIncomeNonControlling": 0, "calculatedEbitda": 4664000000}, {"date": "2017-12-31", "symbol": "AAL", "reportedCurrency": "USD", "cik": "0000006201", "fillingDate": "2018-02-21", "acceptedDate": "2018-02-21 08:02:40", "calendarYear": "2017", "period": "FY", "revenue": 42207000000, "costOfRevenue": 31154000000, "grossProfit": 11053000000, "grossProfitRatio": 0.2618759921, "researchAndDevelopmentExpenses": 0, "generalAndAdministrativeExpenses": 0, "sellingAndMarketingExpenses": 1477000000, "sellingGeneralAndAdministrativeExpenses": 1477000000, "otherExpenses": -727000000, "operatingExpenses": 6283000000, "costAndExpenses": 37437000000, "interestIncome": 94000000, "interestExpense": 1053000000, "depreciationAndAmortization": 2017000000, "ebitda": 4137000000, "ebitdaratio": 0.0980169166, "operatingIncome": 4058000000, "operatingIncomeRatio": 0.0961451892, "totalOtherIncomeExpensesNet": -727000000, "incomeBeforeTax": 3084000000, "incomeBeforeTaxRatio": 0.0730684484, "incomeTaxExpense": 1165000000, "netIncome": 1919000000, "netIncomeRatio": 0.0454663918, "eps": 3.92, "epsdiluted": 3.9, "weightedAverageShsOut": 489164000, "weightedAverageShsOutDil": 491692000, "link": "https://www.sec.gov/Archives/edgar/data/6201/000000620118000009/0000006201-18-000009-index.htm", "finalLink": "https://www.sec.gov/Archives/edgar/data/4515/000000620118000009/a10k123117.htm", "calculatedOtherExpenses": 5518000000, "calculatedOperatingExpenses": 6995000000, "calculatedNetInterest": -959000000, "calculatedOtherIncome": -15000000, "calculatedIncomeNonControlling": 0, "calculatedEbitda": 6075000000}, {"date": "2016-12-31", "symbol": "AAL", "reportedCurrency": "USD", "cik": "0000006201", "fillingDate": "2017-02-22", "acceptedDate": "2017-02-22 08:01:43", "calendarYear": "2016", "period": "FY", "revenue": 40180000000, "costOfRevenue": 28339000000, "grossProfit": 11841000000, "grossProfitRatio": 0.2946988552, "researchAndDevelopmentExpenses": 0, "generalAndAdministrativeExpenses": 0, "sellingAndMarketingExpenses": 1323000000, "sellingGeneralAndAdministrativeExpenses": 1323000000, "otherExpenses": -766000000, "operatingExpenses": 5848000000, "costAndExpenses": 34187000000, "interestIncome": 63000000, "interestExpense": 991000000, "depreciationAndAmortization": 1818000000, "ebitda": 5290000000, "ebitdaratio": 0.1316575411, "operatingIncome": 5284000000, "operatingIncomeRatio": 0.131508213, "totalOtherIncomeExpensesNet": -766000000, "incomeBeforeTax": 4299000000, "incomeBeforeTaxRatio": 0.1069935291, "incomeTaxExpense": 1623000000, "netIncome": 2676000000, "netIncomeRatio": 0.0666002987, "eps": 4.85, "epsdiluted": 4.81, "weightedAverageShsOut": 552308000, "weightedAverageShsOutDil": 556099000, "link": "https://www.sec.gov/Archives/edgar/data/6201/000119312517051216/0001193125-17-051216-index.htm", "finalLink": "https://www.sec.gov/Archives/edgar/data/4515/000119312517051216/d286458d10k.htm", "calculatedOtherExpenses": 5234000000, "calculatedOperatingExpenses": 6557000000, "calculatedNetInterest": -928000000, "calculatedOtherIncome": -57000000, "calculatedIncomeNonControlling": 0, "calculatedEbitda": 7102000000}, {"date": "2015-12-31", "symbol": "AAL", "reportedCurrency": "USD", "cik": "0000006201", "fillingDate": "2016-02-24", "acceptedDate": "2016-02-24 08:04:10", "calendarYear": "2015", "period": "FY", "revenue": 40990000000, "costOfRevenue": 27967000000, "grossProfit": 13023000000, "grossProfitRatio": 0.317711637, "researchAndDevelopmentExpenses": 0, "generalAndAdministrativeExpenses": 0, "sellingAndMarketingExpenses": 1394000000, "sellingGeneralAndAdministrativeExpenses": 1394000000, "otherExpenses": -1798000000, "operatingExpenses": 5768000000, "costAndExpenses": 33735000000, "interestIncome": 39000000, "interestExpense": 880000000, "depreciationAndAmortization": 1609000000, "ebitda": 5496000000, "ebitdaratio": 0.1340814833, "operatingIncome": 6204000000, "operatingIncomeRatio": 0.1513539888, "totalOtherIncomeExpensesNet": -1798000000, "incomeBeforeTax": 4616000000, "incomeBeforeTaxRatio": 0.1126128324, "incomeTaxExpense": -2994000000, "netIncome": 7610000000, "netIncomeRatio": 0.1856550378, "eps": 11.39, "epsdiluted": 11.07, "weightedAverageShsOut": 668393000, "weightedAverageShsOutDil": 687355000, "link": "https://www.sec.gov/Archives/edgar/data/6201/000119312516474605/0001193125-16-474605-index.htm", "finalLink": "https://www.sec.gov/Archives/edgar/data/4515/000119312516474605/d78287d10k.htm", "calculatedOtherExpenses": 5425000000, "calculatedOperatingExpenses": 6819000000, "calculatedNetInterest": -841000000, "calculatedOtherIncome": -747000000, "calculatedIncomeNonControlling": 0, "calculatedEbitda": 7813000000}, {"date": "2014-12-31", "symbol": "AAL", "reportedCurrency": "USD", "cik": "0000006201", "fillingDate": "2015-02-25", "acceptedDate": "2015-02-25 08:02:34", "calendarYear": "2014", "period": "FY", "revenue": 42650000000, "costOfRevenue": 31939000000, "grossProfit": 10711000000, "grossProfitRatio": 0.251137163, "researchAndDevelopmentExpenses": 0, "generalAndAdministrativeExpenses": 0, "sellingAndMarketingExpenses": 1544000000, "sellingGeneralAndAdministrativeExpenses": 1544000000, "otherExpenses": -981000000, "operatingExpenses": 5662000000, "costAndExpenses": 37601000000, "interestIncome": 31000000, "interestExpense": 887000000, "depreciationAndAmortization": 1513000000, "ebitda": 4099000000, "ebitdaratio": 0.0961078546, "operatingIncome": 4249000000, "operatingIncomeRatio": 0.0996248535, "totalOtherIncomeExpensesNet": -981000000, "incomeBeforeTax": 3212000000, "incomeBeforeTaxRatio": 0.0753106682, "incomeTaxExpense": 330000000, "netIncome": 2882000000, "netIncomeRatio": 0.0675732708, "eps": 4.02, "epsdiluted": 3.93, "weightedAverageShsOut": 717456000, "weightedAverageShsOutDil": 734016000, "link": "https://www.sec.gov/Archives/edgar/data/6201/000119312515061145/0001193125-15-061145-index.htm", "finalLink": "https://www.sec.gov/Archives/edgar/data/4515/000119312515061145/d829913d10k.htm", "calculatedOtherExpenses": 4918000000, "calculatedOperatingExpenses": 6462000000, "calculatedNetInterest": -856000000, "calculatedOtherIncome": -181000000, "calculatedIncomeNonControlling": 0, "calculatedEbitda": 5762000000}, {"date": "2013-12-31", "symbol": "AAL", "reportedCurrency": "USD", "cik": "0000006201", "fillingDate": "2014-02-28", "acceptedDate": "2014-02-28 07:52:16", "calendarYear": "2013", "period": "FY", "revenue": 26743000000, "costOfRevenue": 20658000000, "grossProfit": 6085000000, "grossProfitRatio": 0.2275361777, "researchAndDevelopmentExpenses": 0, "generalAndAdministrativeExpenses": 0, "sellingAndMarketingExpenses": 1158000000, "sellingGeneralAndAdministrativeExpenses": 1158000000, "otherExpenses": 2969000000, "operatingExpenses": 4127000000, "costAndExpenses": 24785000000, "interestIncome": 20000000, "interestExpense": 856000000, "depreciationAndAmortization": -2262000000, "ebitda": -304000000, "ebitdaratio": -0.0113674606, "operatingIncome": 1958000000, "operatingIncomeRatio": 0.0732154209, "totalOtherIncomeExpensesNet": -4138000000, "incomeBeforeTax": -2180000000, "incomeBeforeTaxRatio": -0.0815166586, "incomeTaxExpense": -346000000, "netIncome": -1834000000, "netIncomeRatio": -0.0685786935, "eps": -17.04, "epsdiluted": -17.04, "weightedAverageShsOut": 107645000, "weightedAverageShsOutDil": 107645000, "link": "https://www.sec.gov/Archives/edgar/data/6201/000000620114000004/0000006201-14-000004-index.htm", "finalLink": "https://www.sec.gov/Archives/edgar/data/4515/000000620114000004/aagaa10k-20131231.htm", "calculatedOtherExpenses": 2969000000, "calculatedOperatingExpenses": 4127000000, "calculatedNetInterest": -836000000, "calculatedOtherIncome": -3302000000, "calculatedIncomeNonControlling": 0, "calculatedEbitda": -304000000}, {"date": "2012-12-31", "symbol": "AAL", "reportedCurrency": "USD", "cik": "0000006201", "fillingDate": "2013-02-20", "acceptedDate": "2013-02-20 16:01:06", "calendarYear": "2012", "period": "FY", "revenue": 24855000000, "costOfRevenue": 20419000000, "grossProfit": 4436000000, "grossProfitRatio": 0.1784751559, "researchAndDevelopmentExpenses": 0, "generalAndAdministrativeExpenses": 0, "sellingAndMarketingExpenses": 1058000000, "sellingGeneralAndAdministrativeExpenses": 1058000000, "otherExpenses": -145000000, "operatingExpenses": 3942000000, "costAndExpenses": 24361000000, "interestIncome": 26000000, "interestExpense": 612000000, "depreciationAndAmortization": 1015000000, "ebitda": 375000000, "ebitdaratio": 0.0150875075, "operatingIncome": 107000000, "operatingIncomeRatio": 0.0043049688, "totalOtherIncomeExpensesNet": -2353000000, "incomeBeforeTax": -2445000000, "incomeBeforeTaxRatio": -0.0983705492, "incomeTaxExpense": -569000000, "netIncome": -1876000000, "netIncomeRatio": -0.0754777711, "eps": -14.99, "epsdiluted": -14.99, "weightedAverageShsOut": 125122500, "weightedAverageShsOutDil": 125122500, "link": "https://www.sec.gov/Archives/edgar/data/6201/000000620113000023/0000006201-13-000023-index.htm", "finalLink": "https://www.sec.gov/Archives/edgar/data/6201/000000620113000023/amr-10kx20121231.htm", "calculatedOtherExpenses": 3271000000, "calculatedOperatingExpenses": 4329000000, "calculatedNetInterest": -586000000, "calculatedOtherIncome": -1966000000, "calculatedIncomeNonControlling": 0, "calculatedEbitda": 1122000000}, {"date": "2011-12-31", "symbol": "AAL", "reportedCurrency": "USD", "cik": "0000006201", "fillingDate": "2012-02-15", "acceptedDate": "2012-02-15 16:50:27", "calendarYear": "2011", "period": "FY", "revenue": 23979000000, "costOfRevenue": 11682000000, "grossProfit": 12297000000, "grossProfitRatio": 0.5128237208, "researchAndDevelopmentExpenses": 0, "generalAndAdministrativeExpenses": 7571000000, "sellingAndMarketingExpenses": 1062000000, "sellingGeneralAndAdministrativeExpenses": 8633000000, "otherExpenses": 3993000000, "operatingExpenses": 12626000000, "costAndExpenses": 24308000000, "interestIncome": 26000000, "interestExpense": 786000000, "depreciationAndAmortization": 222000000, "ebitda": -107000000, "ebitdaratio": -0.0044622378, "operatingIncome": -329000000, "operatingIncomeRatio": -0.0137203386, "totalOtherIncomeExpensesNet": -1650000000, "incomeBeforeTax": -1979000000, "incomeBeforeTaxRatio": -0.0825305476, "incomeTaxExpense": 1650000000, "netIncome": -1979000000, "netIncomeRatio": -0.0825305476, "eps": -15.83, "epsdiluted": -15.83, "weightedAverageShsOut": 124985000, "weightedAverageShsOutDil": 124985000, "link": "https://www.sec.gov/Archives/edgar/data/6201/000119312512063516/0001193125-12-063516-index.htm", "finalLink": "https://www.sec.gov/Archives/edgar/data/6201/000119312512063516/d259681d10k.htm", "calculatedOtherExpenses": 3993000000, "calculatedOperatingExpenses": 12626000000, "calculatedNetInterest": -760000000, "calculatedOtherIncome": -890000000, "calculatedIncomeNonControlling": -1650000000, "calculatedEbitda": -107000000}, {"date": "2010-12-31", "symbol": "AAL", "reportedCurrency": "USD", "cik": "0000006201", "fillingDate": "2011-02-16", "acceptedDate": "2011-02-16 16:29:46", "calendarYear": "2010", "period": "FY", "revenue": 22170000000, "costOfRevenue": 6221000000, "grossProfit": 15949000000, "grossProfitRatio": 0.7193955796, "researchAndDevelopmentExpenses": 0, "generalAndAdministrativeExpenses": 6847000000, "sellingAndMarketingExpenses": 976000000, "sellingGeneralAndAdministrativeExpenses": 7823000000, "otherExpenses": 3822000000, "operatingExpenses": 11645000000, "costAndExpenses": 17866000000, "interestIncome": 57000000, "interestExpense": 823000000, "depreciationAndAmortization": 1102000000, "ebitda": 1410000000, "ebitdaratio": 0.0635994587, "operatingIncome": 308000000, "operatingIncomeRatio": 0.0138926477, "totalOtherIncomeExpensesNet": -814000000, "incomeBeforeTax": -506000000, "incomeBeforeTaxRatio": -0.0228236355, "incomeTaxExpense": -35000000, "netIncome": -471000000, "netIncomeRatio": -0.0212449256, "eps": -3.79, "epsdiluted": -3.79, "weightedAverageShsOut": 124375500, "weightedAverageShsOutDil": 124375500, "link": "https://www.sec.gov/Archives/edgar/data/6201/000095012311014726/0000950123-11-014726-index.htm", "finalLink": "https://www.sec.gov/Archives/edgar/data/6201/000095012311014726/d78201e10vk.htm", "calculatedOtherExpenses": 7818000000, "calculatedOperatingExpenses": 15641000000, "calculatedNetInterest": -766000000, "calculatedOtherIncome": -48000000, "calculatedIncomeNonControlling": 0, "calculatedEbitda": 1410000000}, {"date": "2009-12-31", "symbol": "AAL", "reportedCurrency": "USD", "cik": "0000006201", "fillingDate": "2010-02-17", "acceptedDate": "2010-02-17 16:02:35", "calendarYear": "2009", "period": "FY", "revenue": 19917000000, "costOfRevenue": 5462000000, "grossProfit": 14455000000, "grossProfitRatio": 0.7257619119, "researchAndDevelopmentExpenses": 0, "generalAndAdministrativeExpenses": 6807000000, "sellingAndMarketingExpenses": 853000000, "sellingGeneralAndAdministrativeExpenses": 7660000000, "otherExpenses": 3912000000, "operatingExpenses": 11572000000, "costAndExpenses": 17034000000, "interestIncome": 34000000, "interestExpense": 702000000, "depreciationAndAmortization": -2829000000, "ebitda": 54000000, "ebitdaratio": 0.0027112517, "operatingIncome": 2883000000, "operatingIncomeRatio": 0.1447507155, "totalOtherIncomeExpensesNet": -4635000000, "incomeBeforeTax": -1752000000, "incomeBeforeTaxRatio": -0.087965055, "incomeTaxExpense": -284000000, "netIncome": -1468000000, "netIncomeRatio": -0.0737058794, "eps": -13.37, "epsdiluted": -13.37, "weightedAverageShsOut": 109809000, "weightedAverageShsOutDil": 109809000, "link": "https://www.sec.gov/Archives/edgar/data/6201/000000620110000006/0000006201-10-000006-index.htm", "finalLink": "https://www.sec.gov/Archives/edgar/data/6201/000000620110000006/ar123109.htm", "calculatedOtherExpenses": 3912000000, "calculatedOperatingExpenses": 11572000000, "calculatedNetInterest": -668000000, "calculatedOtherIncome": -3967000000, "calculatedIncomeNonControlling": 0, "calculatedEbitda": 54000000}, {"date": "2008-12-31", "symbol": "AAL", "reportedCurrency": "USD", "cik": "0000006201", "fillingDate": "2009-02-19", "acceptedDate": "2009-02-19 16:07:27", "calendarYear": "2008", "period": "FY", "revenue": 23766000000, "costOfRevenue": 8979000000, "grossProfit": 14787000000, "grossProfitRatio": 0.6221913658, "researchAndDevelopmentExpenses": 0, "generalAndAdministrativeExpenses": 6655000000, "sellingAndMarketingExpenses": 997000000, "sellingGeneralAndAdministrativeExpenses": 7652000000, "otherExpenses": 4231000000, "operatingExpenses": 11883000000, "costAndExpenses": 20862000000, "interestIncome": 181000000, "interestExpense": 723000000, "depreciationAndAmortization": -3045000000, "ebitda": -141000000, "ebitdaratio": -0.0059328452, "operatingIncome": 2904000000, "operatingIncomeRatio": 0.1221913658, "totalOtherIncomeExpensesNet": -4975000000, "incomeBeforeTax": -2071000000, "incomeBeforeTaxRatio": -0.0871412943, "incomeTaxExpense": 4975000000, "netIncome": -2071000000, "netIncomeRatio": -0.0871412943, "eps": -21.41, "epsdiluted": -21.41, "weightedAverageShsOut": 96736500, "weightedAverageShsOutDil": 96736500, "link": "https://www.sec.gov/Archives/edgar/data/6201/000000620109000009/0000006201-09-000009-index.htm", "finalLink": "https://www.sec.gov/Archives/edgar/data/6201/000000620109000009/ar120810k.htm", "calculatedOtherExpenses": 4231000000, "calculatedOperatingExpenses": 11883000000, "calculatedNetInterest": -542000000, "calculatedOtherIncome": -4433000000, "calculatedIncomeNonControlling": -4975000000, "calculatedEbitda": -141000000}, {"date": "2007-12-31", "symbol": "AAL", "reportedCurrency": "USD", "cik": "0000006201", "fillingDate": "2007-12-31", "acceptedDate": "2007-12-30 19:00:00", "calendarYear": "2007", "period": "FY", "revenue": 22935000000, "costOfRevenue": 6392000000, "grossProfit": 16543000000, "grossProfitRatio": 0.7212993242, "researchAndDevelopmentExpenses": 0, "generalAndAdministrativeExpenses": 6770000000, "sellingAndMarketingExpenses": 1028000000, "sellingGeneralAndAdministrativeExpenses": 7798000000, "otherExpenses": 4042000000, "operatingExpenses": 11840000000, "costAndExpenses": 18232000000, "interestIncome": 357000000, "interestExpense": 914000000, "depreciationAndAmortization": 1298000000, "ebitda": 2620000000, "ebitdaratio": 0.114235884, "operatingIncome": 1322000000, "operatingIncomeRatio": 0.0576411598, "totalOtherIncomeExpensesNet": -818000000, "incomeBeforeTax": 504000000, "incomeBeforeTaxRatio": 0.0219751472, "incomeTaxExpense": 818000000, "netIncome": 504000000, "netIncomeRatio": 0.0219751472, "eps": 5.51, "epsdiluted": 4.51, "weightedAverageShsOut": 91507500, "weightedAverageShsOutDil": 111676500, "link": "", "finalLink": "", "calculatedOtherExpenses": 7423000000, "calculatedOperatingExpenses": 15221000000, "calculatedNetInterest": -557000000, "calculatedOtherIncome": -261000000, "calculatedIncomeNonControlling": -818000000, "calculatedEbitda": 2620000000}, {"date": "2006-12-31", "symbol": "AAL", "reportedCurrency": "USD", "cik": "0000006201", "fillingDate": "2007-02-23", "acceptedDate": "2007-02-22 17:48:29", "calendarYear": "2006", "period": "FY", "revenue": 22563000000, "costOfRevenue": 14346000000, "grossProfit": 8217000000, "grossProfitRatio": 0.3641802952, "researchAndDevelopmentExpenses": 0, "generalAndAdministrativeExpenses": 9778000000, "sellingAndMarketingExpenses": -1076000000, "sellingGeneralAndAdministrativeExpenses": 8702000000, "otherExpenses": 14690000000, "operatingExpenses": 23392000000, "costAndExpenses": 37738000000, "interestIncome": 279000000, "interestExpense": -1030000000, "depreciationAndAmortization": 16563000000, "ebitda": 1388000000, "ebitdaratio": 0.0615166423, "operatingIncome": -15175000000, "operatingIncomeRatio": -0.6725612729, "totalOtherIncomeExpensesNet": 15406000000, "incomeBeforeTax": 231000000, "incomeBeforeTaxRatio": 0.0102380003, "incomeTaxExpense": -15406000000, "netIncome": 231000000, "netIncomeRatio": 0.0102380003, "eps": 3.02, "epsdiluted": 2.34, "weightedAverageShsOut": 76567500, "weightedAverageShsOutDil": 98604000, "link": "https://www.sec.gov/Archives/edgar/data/6201/000095013407003888/0000950134-07-003888-index.htm", "finalLink": "https://www.sec.gov/Archives/edgar/data/6201/000095013407003888/d43815e10vk.htm", "calculatedOtherExpenses": 14690000000, "calculatedOperatingExpenses": 23392000000, "calculatedNetInterest": 1309000000, "calculatedOtherIncome": 14097000000, "calculatedIncomeNonControlling": 15406000000, "calculatedEbitda": 1388000000}, {"date": "2005-12-31", "symbol": "AAL", "reportedCurrency": "USD", "cik": "0000006201", "fillingDate": "2006-02-24", "acceptedDate": "2006-02-24 14:07:30", "calendarYear": "2005", "period": "FY", "revenue": 20712000000, "costOfRevenue": 13626000000, "grossProfit": 7086000000, "grossProfitRatio": 0.3421205098, "researchAndDevelopmentExpenses": 0, "generalAndAdministrativeExpenses": 9721000000, "sellingAndMarketingExpenses": -1113000000, "sellingGeneralAndAdministrativeExpenses": 8608000000, "otherExpenses": 14050000000, "operatingExpenses": 22658000000, "costAndExpenses": 36284000000, "interestIncome": 149000000, "interestExpense": -957000000, "depreciationAndAmortization": 15875000000, "ebitda": 303000000, "ebitdaratio": 0.0146292005, "operatingIncome": -15572000000, "operatingIncomeRatio": -0.7518346852, "totalOtherIncomeExpensesNet": 14711000000, "incomeBeforeTax": -861000000, "incomeBeforeTaxRatio": -0.0415701043, "incomeTaxExpense": -14711000000, "netIncome": -861000000, "netIncomeRatio": -0.0415701043, "eps": -13.93, "epsdiluted": -13.93, "weightedAverageShsOut": 61793340, "weightedAverageShsOutDil": 61793340, "link": "https://www.sec.gov/Archives/edgar/data/6201/000095013406003715/0000950134-06-003715-index.htm", "finalLink": "https://www.sec.gov/Archives/edgar/data/6201/000095013406003715/d33303e10vk.htm", "calculatedOtherExpenses": 14050000000, "calculatedOperatingExpenses": 22658000000, "calculatedNetInterest": 1106000000, "calculatedOtherIncome": 13605000000, "calculatedIncomeNonControlling": 14711000000, "calculatedEbitda": 303000000}, {"date": "2004-12-31", "symbol": "AAL", "reportedCurrency": "USD", "cik": "0000006201", "fillingDate": "2005-02-25", "acceptedDate": "2005-02-24 18:29:35", "calendarYear": "2004", "period": "FY", "revenue": 18645000000, "costOfRevenue": 11456000000, "grossProfit": 7189000000, "grossProfitRatio": 0.3855725396, "researchAndDevelopmentExpenses": 0, "generalAndAdministrativeExpenses": 9622000000, "sellingAndMarketingExpenses": -1107000000, "sellingGeneralAndAdministrativeExpenses": 8515000000, "otherExpenses": 12059000000, "operatingExpenses": 20574000000, "costAndExpenses": 32030000000, "interestIncome": 66000000, "interestExpense": -871000000, "depreciationAndAmortization": 13916000000, "ebitda": 531000000, "ebitdaratio": 0.0284794851, "operatingIncome": -13385000000, "operatingIncomeRatio": -0.7178868329, "totalOtherIncomeExpensesNet": 12624000000, "incomeBeforeTax": -761000000, "incomeBeforeTaxRatio": -0.040815232, "incomeTaxExpense": -12624000000, "netIncome": -761000000, "netIncomeRatio": -0.040815232, "eps": -12.69, "epsdiluted": -12.69, "weightedAverageShsOut": 59964873, "weightedAverageShsOutDil": 59964873, "link": "https://www.sec.gov/Archives/edgar/data/6201/000095013405003726/0000950134-05-003726-index.htm", "finalLink": "https://www.sec.gov/Archives/edgar/data/6201/000095013405003726/d22731e10vk.htm", "calculatedOtherExpenses": 12059000000, "calculatedOperatingExpenses": 20574000000, "calculatedNetInterest": 937000000, "calculatedOtherIncome": 11687000000, "calculatedIncomeNonControlling": 12624000000, "calculatedEbitda": 531000000}, {"date": "2003-12-31", "symbol": "AAL", "reportedCurrency": "USD", "cik": "0000006201", "fillingDate": "2004-02-27", "acceptedDate": "2004-02-27 16:42:37", "calendarYear": "2003", "period": "FY", "revenue": 17440000000, "costOfRevenue": 10391000000, "grossProfit": 7049000000, "grossProfitRatio": 0.4041857798, "researchAndDevelopmentExpenses": 0, "generalAndAdministrativeExpenses": 10187000000, "sellingAndMarketingExpenses": -1063000000, "sellingGeneralAndAdministrativeExpenses": 9124000000, "otherExpenses": 10971000000, "operatingExpenses": 20095000000, "costAndExpenses": 30486000000, "interestIncome": 55000000, "interestExpense": -703000000, "depreciationAndAmortization": 1377000000, "ebitda": -11804000000, "ebitdaratio": -0.6768348624, "operatingIncome": -844000000, "operatingIncomeRatio": -0.0483944954, "totalOtherIncomeExpensesNet": 135000000, "incomeBeforeTax": -1308000000, "incomeBeforeTaxRatio": -0.075, "incomeTaxExpense": -80000000, "netIncome": -1228000000, "netIncomeRatio": -0.070412844, "eps": -20.78, "epsdiluted": -20.78, "weightedAverageShsOut": 59105412, "weightedAverageShsOutDil": 59105412, "link": "https://www.sec.gov/Archives/edgar/data/6201/000095013404002668/0000950134-04-002668-index.htm", "finalLink": "https://www.sec.gov/Archives/edgar/data/6201/000095013404002668/d12953e10vk.htm", "calculatedOtherExpenses": -1231000000, "calculatedOperatingExpenses": 7893000000, "calculatedNetInterest": 758000000, "calculatedOtherIncome": -1222000000, "calculatedIncomeNonControlling": 0, "calculatedEbitda": 533000000}, {"date": "2002-12-31", "symbol": "AAL", "reportedCurrency": "USD", "cik": "0000006201", "fillingDate": "2003-04-15", "acceptedDate": "2003-04-14 21:57:41", "calendarYear": "2002", "period": "FY", "revenue": 17299000000, "costOfRevenue": 11076000000, "grossProfit": 6223000000, "grossProfitRatio": 0.3597317764, "researchAndDevelopmentExpenses": 0, "generalAndAdministrativeExpenses": 11555000000, "sellingAndMarketingExpenses": -1125000000, "sellingGeneralAndAdministrativeExpenses": 10430000000, "otherExpenses": 11527000000, "operatingExpenses": 21957000000, "costAndExpenses": 33033000000, "interestIncome": 71000000, "interestExpense": -685000000, "depreciationAndAmortization": 12252000000, "ebitda": -3482000000, "ebitdaratio": -0.2012833112, "operatingIncome": -15734000000, "operatingIncomeRatio": -0.9095323429, "totalOtherIncomeExpensesNet": 11874000000, "incomeBeforeTax": -3860000000, "incomeBeforeTaxRatio": -0.2231342852, "incomeTaxExpense": -1337000000, "netIncome": -3511000000, "netIncomeRatio": -0.2029597087, "eps": -60.46, "epsdiluted": -60.46, "weightedAverageShsOut": 58076107, "weightedAverageShsOutDil": 58076107, "link": "https://www.sec.gov/Archives/edgar/data/6201/000104746903013301/0001047469-03-013301-index.htm", "finalLink": "https://www.sec.gov/Archives/edgar/data/6201/000104746903013301/a2108197z10-k.htm", "calculatedOtherExpenses": 11527000000, "calculatedOperatingExpenses": 21957000000, "calculatedNetInterest": 756000000, "calculatedOtherIncome": 11118000000, "calculatedIncomeNonControlling": 988000000, "calculatedEbitda": -3482000000}, {"date": "2001-12-31", "symbol": "AAL", "reportedCurrency": "USD", "cik": "0000006201", "fillingDate": "2002-02-28", "acceptedDate": "2002-02-28 00:00:00", "calendarYear": "2001", "period": "FY", "revenue": 18963000000, "costOfRevenue": 12578000000, "grossProfit": 6385000000, "grossProfitRatio": 0.3367083267, "researchAndDevelopmentExpenses": 0, "generalAndAdministrativeExpenses": 11728000000, "sellingAndMarketingExpenses": -835000000, "sellingGeneralAndAdministrativeExpenses": 10893000000, "otherExpenses": 11956000000, "operatingExpenses": 22849000000, "costAndExpenses": 35427000000, "interestIncome": 0, "interestExpense": 0, "depreciationAndAmortization": 1404000000, "ebitda": -14592000000, "ebitdaratio": -0.7694984971, "operatingIncome": -2470000000, "operatingIncomeRatio": -0.1302536518, "totalOtherIncomeExpensesNet": -468000000, "incomeBeforeTax": -2756000000, "incomeBeforeTaxRatio": -0.1453356536, "incomeTaxExpense": -994000000, "netIncome": -1762000000, "netIncomeRatio": -0.0929177873, "eps": -30.6, "epsdiluted": -30.6, "weightedAverageShsOut": 57577165, "weightedAverageShsOutDil": 57577165, "link": "https://www.sec.gov/Archives/edgar/data/6201/000095013402001661/0000950134-02-001661-index.htm", "finalLink": "https://www.sec.gov/Archives/edgar/data/6201/000095013402001661/d94486e10-k405.txt", "calculatedOtherExpenses": -2038000000, "calculatedOperatingExpenses": 8855000000, "calculatedNetInterest": 0, "calculatedOtherIncome": -286000000, "calculatedIncomeNonControlling": 0, "calculatedEbitda": -1066000000}, {"date": "2000-12-31", "symbol": "AAL", "reportedCurrency": "USD", "cik": "0000006201", "fillingDate": "2001-03-22", "acceptedDate": "2001-03-22 00:00:00", "calendarYear": "2000", "period": "FY", "revenue": 19703000000, "costOfRevenue": 10906000000, "grossProfit": 8797000000, "grossProfitRatio": 0.4464802314, "researchAndDevelopmentExpenses": 0, "generalAndAdministrativeExpenses": 10463000000, "sellingAndMarketingExpenses": -1037000000, "sellingGeneralAndAdministrativeExpenses": 9426000000, "otherExpenses": 10502000000, "operatingExpenses": 19928000000, "costAndExpenses": 30834000000, "interestIncome": 0, "interestExpense": 0, "depreciationAndAmortization": 1202000000, "ebitda": -10148000000, "ebitdaratio": -0.5150484698, "operatingIncome": 1381000000, "operatingIncomeRatio": 0.0700908491, "totalOtherIncomeExpensesNet": 219000000, "incomeBeforeTax": 1287000000, "incomeBeforeTaxRatio": 0.065320002, "incomeTaxExpense": 508000000, "netIncome": 813000000, "netIncomeRatio": 0.0412627519, "eps": 14.54, "epsdiluted": 13.47, "weightedAverageShsOut": 55921823, "weightedAverageShsOutDil": 60368887, "link": "https://www.sec.gov/Archives/edgar/data/6201/000095013401002483/0000950134-01-002483-index.htm", "finalLink": "https://www.sec.gov/Archives/edgar/data/6201/000095013401002483/d84957e10-k405.txt", "calculatedOtherExpenses": -2010000000, "calculatedOperatingExpenses": 7416000000, "calculatedNetInterest": 0, "calculatedOtherIncome": -94000000, "calculatedIncomeNonControlling": -34000000, "calculatedEbitda": 2583000000}, {"date": "1999-12-31", "symbol": "AAL", "reportedCurrency": "USD", "cik": "0000006201", "fillingDate": "2000-03-27", "acceptedDate": "2000-03-27 00:00:00", "calendarYear": "1999", "period": "FY", "revenue": 17730000000, "costOfRevenue": 9772000000, "grossProfit": 7958000000, "grossProfitRatio": 0.4488437676, "researchAndDevelopmentExpenses": 0, "generalAndAdministrativeExpenses": 10016000000, "sellingAndMarketingExpenses": -1162000000, "sellingGeneralAndAdministrativeExpenses": 8854000000, "otherExpenses": 9292000000, "operatingExpenses": 18146000000, "costAndExpenses": 27918000000, "interestIncome": 0, "interestExpense": 0, "depreciationAndAmortization": 1271000000, "ebitda": 2427000000, "ebitdaratio": 0.1368866328, "operatingIncome": 1156000000, "operatingIncomeRatio": 0.0652002256, "totalOtherIncomeExpensesNet": -150000000, "incomeBeforeTax": 1006000000, "incomeBeforeTaxRatio": 0.0567399887, "incomeTaxExpense": 350000000, "netIncome": 985000000, "netIncomeRatio": 0.0555555556, "eps": 17.3, "epsdiluted": 16.76, "weightedAverageShsOut": 56950077, "weightedAverageShsOutDil": 58769569, "link": "https://www.sec.gov/Archives/edgar/data/6201/000095013400002454/0000950134-00-002454-index.html", "finalLink": "https://www.sec.gov/Archives/edgar/data/6201/000095013400002454/", "calculatedOtherExpenses": -2052000000, "calculatedOperatingExpenses": 6802000000, "calculatedNetInterest": 0, "calculatedOtherIncome": -150000000, "calculatedIncomeNonControlling": -329000000, "calculatedEbitda": 2427000000}, {"date": "1998-12-31", "symbol": "AAL", "reportedCurrency": "USD", "cik": "0000006201", "fillingDate": "1999-03-19", "acceptedDate": "1999-03-19 00:00:00", "calendarYear": "1998", "period": "FY", "revenue": 19205000000, "costOfRevenue": 9291000000, "grossProfit": 9914000000, "grossProfitRatio": 0.5162197344, "researchAndDevelopmentExpenses": 0, "generalAndAdministrativeExpenses": 10403000000, "sellingAndMarketingExpenses": -1226000000, "sellingGeneralAndAdministrativeExpenses": 9177000000, "otherExpenses": 9134000000, "operatingExpenses": 18311000000, "costAndExpenses": 27602000000, "interestIncome": 0, "interestExpense": 0, "depreciationAndAmortization": 1287000000, "ebitda": -7168000000, "ebitdaratio": -0.3732361364, "operatingIncome": 2338000000, "operatingIncomeRatio": 0.1217391304, "totalOtherIncomeExpensesNet": 58000000, "incomeBeforeTax": 2164000000, "incomeBeforeTaxRatio": 0.1126789898, "incomeTaxExpense": 858000000, "netIncome": 1314000000, "netIncomeRatio": 0.0684196824, "eps": 20.83, "epsdiluted": 20.13, "weightedAverageShsOut": 63082134, "weightedAverageShsOutDil": 65263165, "link": "https://www.sec.gov/Archives/edgar/data/6201/000095013499001798/0000950134-99-001798-index.html", "finalLink": "https://www.sec.gov/Archives/edgar/data/6201/", "calculatedOtherExpenses": -1601000000, "calculatedOperatingExpenses": 7576000000, "calculatedNetInterest": 0, "calculatedOtherIncome": -174000000, "calculatedIncomeNonControlling": -8000000, "calculatedEbitda": 3625000000}, {"date": "1997-12-31", "symbol": "AAL", "reportedCurrency": "USD", "cik": "0000006201", "fillingDate": "1998-03-27", "acceptedDate": "1998-03-27 00:00:00", "calendarYear": "1997", "period": "FY", "revenue": 18570000000, "costOfRevenue": 9264000000, "grossProfit": 9306000000, "grossProfitRatio": 0.5011308562, "researchAndDevelopmentExpenses": 0, "generalAndAdministrativeExpenses": 10354000000, "sellingAndMarketingExpenses": -1278000000, "sellingGeneralAndAdministrativeExpenses": 9076000000, "otherExpenses": 9038000000, "operatingExpenses": 18114000000, "costAndExpenses": 27378000000, "interestIncome": 0, "interestExpense": 0, "depreciationAndAmortization": 964000000, "ebitda": 2890000000, "ebitdaratio": 0.155627356, "operatingIncome": 1926000000, "operatingIncomeRatio": 0.1037156704, "totalOtherIncomeExpensesNet": -280000000, "incomeBeforeTax": 1646000000, "incomeBeforeTaxRatio": 0.0886375875, "incomeTaxExpense": 661000000, "netIncome": 985000000, "netIncomeRatio": 0.0530425417, "eps": 14.82, "epsdiluted": 14.41, "weightedAverageShsOut": 66483000, "weightedAverageShsOutDil": 68350500, "link": "https://www.sec.gov/Archives/edgar/data/6201/000095013498002532/0000950134-98-002532-index.html", "finalLink": "https://www.sec.gov/Archives/edgar/data/6201/", "calculatedOtherExpenses": -1696000000, "calculatedOperatingExpenses": 7380000000, "calculatedNetInterest": 0, "calculatedOtherIncome": -280000000, "calculatedIncomeNonControlling": 0, "calculatedEbitda": 2890000000}, {"date": "1996-12-31", "symbol": "AAL", "reportedCurrency": "USD", "cik": "0000006201", "fillingDate": "1997-03-27", "acceptedDate": "1997-03-27 00:00:00", "calendarYear": "1996", "period": "FY", "revenue": 17753000000, "costOfRevenue": 9008000000, "grossProfit": 8745000000, "grossProfitRatio": 0.4925928012, "researchAndDevelopmentExpenses": 0, "generalAndAdministrativeExpenses": 9976000000, "sellingAndMarketingExpenses": -1252000000, "sellingGeneralAndAdministrativeExpenses": 8724000000, "otherExpenses": 9198000000, "operatingExpenses": 17922000000, "costAndExpenses": 26930000000, "interestIncome": 0, "interestExpense": 0, "depreciationAndAmortization": 909000000, "ebitda": 2748000000, "ebitdaratio": 0.1547907396, "operatingIncome": 1839000000, "operatingIncomeRatio": 0.103588126, "totalOtherIncomeExpensesNet": -206000000, "incomeBeforeTax": 1633000000, "incomeBeforeTaxRatio": 0.0919844533, "incomeTaxExpense": 528000000, "netIncome": 1016000000, "netIncomeRatio": 0.057229764, "eps": 15.82, "epsdiluted": 14.78, "weightedAverageShsOut": 64242000, "weightedAverageShsOutDil": 68724000, "link": "https://www.sec.gov/Archives/edgar/data/6201/000095013497002243/0000950134-97-002243-index.html", "finalLink": "https://www.sec.gov/Archives/edgar/data/6201/", "calculatedOtherExpenses": -1818000000, "calculatedOperatingExpenses": 6906000000, "calculatedNetInterest": 0, "calculatedOtherIncome": -206000000, "calculatedIncomeNonControlling": 89000000, "calculatedEbitda": 2748000000}, {"date": "1995-12-31", "symbol": "AAL", "reportedCurrency": "USD", "cik": "0000006201", "fillingDate": "1996-03-21", "acceptedDate": "1996-03-21 00:00:00", "calendarYear": "1995", "period": "FY", "revenue": 16910000000, "costOfRevenue": 8580000000, "grossProfit": 8330000000, "grossProfitRatio": 0.4926079243, "researchAndDevelopmentExpenses": 0, "generalAndAdministrativeExpenses": 9914000000, "sellingAndMarketingExpenses": -1293000000, "sellingGeneralAndAdministrativeExpenses": 8621000000, "otherExpenses": 8290000000, "operatingExpenses": 16911000000, "costAndExpenses": 25491000000, "interestIncome": 0, "interestExpense": 0, "depreciationAndAmortization": 1259000000, "ebitda": -6753000000, "ebitdaratio": -0.3993494973, "operatingIncome": 1015000000, "operatingIncomeRatio": 0.0600236546, "totalOtherIncomeExpensesNet": -569000000, "incomeBeforeTax": 358000000, "incomeBeforeTaxRatio": 0.0211709048, "incomeTaxExpense": 162000000, "netIncome": 167000000, "netIncomeRatio": 0.0098758131, "eps": 5.82, "epsdiluted": 2.46, "weightedAverageShsOut": 28676303, "weightedAverageShsOutDil": 67977000, "link": "https://www.sec.gov/Archives/edgar/data/6201/000095013496000838/0000950134-96-000838-index.html", "finalLink": "https://www.sec.gov/Archives/edgar/data/6201/", "calculatedOtherExpenses": -1306000000, "calculatedOperatingExpenses": 7315000000, "calculatedNetInterest": 0, "calculatedOtherIncome": -657000000, "calculatedIncomeNonControlling": 29000000, "calculatedEbitda": 2274000000}, {"date": "1994-12-31", "symbol": "AAL", "reportedCurrency": "USD", "cik": "0000006201", "fillingDate": "1995-03-29", "acceptedDate": "1995-03-29 00:00:00", "calendarYear": "1994", "period": "FY", "revenue": 16137000000, "costOfRevenue": 8239000000, "grossProfit": 7898000000, "grossProfitRatio": 0.4894342195, "researchAndDevelopmentExpenses": 0, "generalAndAdministrativeExpenses": 9792000000, "sellingAndMarketingExpenses": -1335000000, "sellingGeneralAndAdministrativeExpenses": 8457000000, "otherExpenses": 7944000000, "operatingExpenses": 16401000000, "costAndExpenses": 24640000000, "interestIncome": 0, "interestExpense": 0, "depreciationAndAmortization": 10126000000, "ebitda": 1623000000, "ebitdaratio": 0.1005763153, "operatingIncome": -8503000000, "operatingIncomeRatio": -0.5269256987, "totalOtherIncomeExpensesNet": 8873000000, "incomeBeforeTax": 370000000, "incomeBeforeTaxRatio": 0.0229286732, "incomeTaxExpense": 142000000, "netIncome": 228000000, "netIncomeRatio": 0.0141290203, "eps": 4.01, "epsdiluted": 4.01, "weightedAverageShsOut": 56921400, "weightedAverageShsOutDil": 56921400, "link": "https://www.sec.gov/Archives/edgar/data/6201/000095013495000523/0000950134-95-000523-index.html", "finalLink": "https://www.sec.gov/Archives/edgar/data/6201/", "calculatedOtherExpenses": 7944000000, "calculatedOperatingExpenses": 16401000000, "calculatedNetInterest": 0, "calculatedOtherIncome": 8873000000, "calculatedIncomeNonControlling": 0, "calculatedEbitda": 1623000000}, {"date": "1993-12-31", "symbol": "AAL", "reportedCurrency": "USD", "cik": "0000006201", "fillingDate": "1994-03-31", "acceptedDate": "1994-03-31 00:00:00", "calendarYear": "1993", "period": "FY", "revenue": 15816000000, "costOfRevenue": 8704000000, "grossProfit": 7112000000, "grossProfitRatio": 0.449671219, "researchAndDevelopmentExpenses": 0, "generalAndAdministrativeExpenses": 0, "sellingAndMarketingExpenses": 0, "sellingGeneralAndAdministrativeExpenses": 5199000000, "otherExpenses": 1223000000, "operatingExpenses": 6422000000, "costAndExpenses": 15126000000, "interestIncome": 0, "interestExpense": 0, "depreciationAndAmortization": -1223000000, "ebitda": -1350000000, "ebitdaratio": -0.0853566009, "operatingIncome": -127000000, "operatingIncomeRatio": -0.0080298432, "totalOtherIncomeExpensesNet": 14000000, "incomeBeforeTax": -113000000, "incomeBeforeTaxRatio": -0.0071446636, "incomeTaxExpense": -17000000, "netIncome": -110000000, "netIncomeRatio": -0.0069549823, "eps": -1.94, "epsdiluted": -1.94, "weightedAverageShsOut": 56691964, "weightedAverageShsOutDil": 56691964, "link": "https://www.sec.gov/Archives/edgar/data/6201/000095013494000325/0000950134-94-000325-index.html", "finalLink": "https://www.sec.gov/Archives/edgar/data/6201/", "calculatedOtherExpenses": 2040000000, "calculatedOperatingExpenses": 7239000000, "calculatedNetInterest": 0, "calculatedOtherIncome": 14000000, "calculatedIncomeNonControlling": 14000000, "calculatedEbitda": -1350000000}, {"date": "1992-12-31", "symbol": "AAL", "reportedCurrency": "USD", "cik": "0000006201", "fillingDate": "1992-12-31", "acceptedDate": "1992-12-30 19:00:00", "calendarYear": "1992", "period": "FY", "revenue": 14396000000, "costOfRevenue": 8276000000, "grossProfit": 6120000000, "grossProfitRatio": 0.4251180884, "researchAndDevelopmentExpenses": 0, "generalAndAdministrativeExpenses": 0, "sellingAndMarketingExpenses": 0, "sellingGeneralAndAdministrativeExpenses": 5104000000, "otherExpenses": 1041000000, "operatingExpenses": 6145000000, "costAndExpenses": 14421000000, "interestIncome": 0, "interestExpense": 0, "depreciationAndAmortization": -1041000000, "ebitda": -2198000000, "ebitdaratio": -0.1526813004, "operatingIncome": -1157000000, "operatingIncomeRatio": -0.0803695471, "totalOtherIncomeExpensesNet": 460000000, "incomeBeforeTax": -697000000, "incomeBeforeTaxRatio": -0.0484162267, "incomeTaxExpense": -222000000, "netIncome": -935000000, "netIncomeRatio": -0.0649485968, "eps": -16.79, "epsdiluted": -16.79, "weightedAverageShsOut": 55697368, "weightedAverageShsOutDil": 55697368, "link": "", "finalLink": "", "calculatedOtherExpenses": 2173000000, "calculatedOperatingExpenses": 7277000000, "calculatedNetInterest": 0, "calculatedOtherIncome": 460000000, "calculatedIncomeNonControlling": 460000000, "calculatedEbitda": -2198000000}, {"date": "1991-12-31", "symbol": "AAL", "reportedCurrency": "USD", "cik": "0000006201", "fillingDate": "1991-12-31", "acceptedDate": "1991-12-30 19:00:00", "calendarYear": "1991", "period": "FY", "revenue": 12887000000, "costOfRevenue": 7309000000, "grossProfit": 5578000000, "grossProfitRatio": 0.4328392954, "researchAndDevelopmentExpenses": 0, "generalAndAdministrativeExpenses": 0, "sellingAndMarketingExpenses": 0, "sellingGeneralAndAdministrativeExpenses": 4690000000, "otherExpenses": 883000000, "operatingExpenses": 5573000000, "costAndExpenses": 12882000000, "interestIncome": 0, "interestExpense": 0, "depreciationAndAmortization": -883000000, "ebitda": 725000000, "ebitdaratio": 0.0562582447, "operatingIncome": -340000000, "operatingIncomeRatio": -0.0263831768, "totalOtherIncomeExpensesNet": 163000000, "incomeBeforeTax": -340000000, "incomeBeforeTaxRatio": -0.0263831768, "incomeTaxExpense": -100000000, "netIncome": -240000000, "netIncomeRatio": -0.0186234189, "eps": -4.79, "epsdiluted": -4.79, "weightedAverageShsOut": 50078212, "weightedAverageShsOutDil": 50078212, "link": "", "finalLink": "", "calculatedOtherExpenses": 1228000000, "calculatedOperatingExpenses": 5918000000, "calculatedNetInterest": 0, "calculatedOtherIncome": 0, "calculatedIncomeNonControlling": 0, "calculatedEbitda": -1223000000}, {"date": "1990-12-31", "symbol": "AAL", "reportedCurrency": "USD", "cik": "0000006201", "fillingDate": "1990-12-31", "acceptedDate": "1990-12-30 19:00:00", "calendarYear": "1990", "period": "FY", "revenue": 11719600000, "costOfRevenue": 7806800000, "grossProfit": 3912800000, "grossProfitRatio": 0.3338680501, "researchAndDevelopmentExpenses": 0, "generalAndAdministrativeExpenses": 0, "sellingAndMarketingExpenses": 0, "sellingGeneralAndAdministrativeExpenses": 3065700000, "otherExpenses": 723100000, "operatingExpenses": 3788800000, "costAndExpenses": 11595600000, "interestIncome": 0, "interestExpense": 0, "depreciationAndAmortization": -723100000, "ebitda": 667000000, "ebitdaratio": 0.0569132052, "operatingIncome": -33300000, "operatingIncomeRatio": -0.0028413939, "totalOtherIncomeExpensesNet": 180100000, "incomeBeforeTax": -33300000, "incomeBeforeTaxRatio": -0.0028413939, "incomeTaxExpense": 6300000, "netIncome": -39600000, "netIncomeRatio": -0.0033789549, "eps": -0.83, "epsdiluted": -0.83, "weightedAverageShsOut": 47711613, "weightedAverageShsOutDil": 47711613, "link": "", "finalLink": "", "calculatedOtherExpenses": 880400000, "calculatedOperatingExpenses": 3946100000, "calculatedNetInterest": 0, "calculatedOtherIncome": 0, "calculatedIncomeNonControlling": 0, "calculatedEbitda": -756400000}, {"date": "1989-12-31", "symbol": "AAL", "reportedCurrency": "USD", "cik": "0000006201", "fillingDate": "1989-12-31", "acceptedDate": "1989-12-30 19:00:00", "calendarYear": "1989", "period": "FY", "revenue": 10479600000, "costOfRevenue": 4838500000, "grossProfit": 5641100000, "grossProfitRatio": 0.5382934463, "researchAndDevelopmentExpenses": 0, "generalAndAdministrativeExpenses": 0, "sellingAndMarketingExpenses": 0, "sellingGeneralAndAdministrativeExpenses": 4284400000, "otherExpenses": 612700000, "operatingExpenses": 4897100000, "costAndExpenses": 9735600000, "interestIncome": 0, "interestExpense": 0, "depreciationAndAmortization": -612700000, "ebitda": 1143600000, "ebitdaratio": 0.1091263025, "operatingIncome": 718400000, "operatingIncomeRatio": 0.0685522348, "totalOtherIncomeExpensesNet": 213100000, "incomeBeforeTax": 718400000, "incomeBeforeTaxRatio": 0.0685522348, "incomeTaxExpense": 263600000, "netIncome": 454800000, "netIncomeRatio": 0.043398603, "eps": 9.85, "epsdiluted": 9.85, "weightedAverageShsOut": 46186718, "weightedAverageShsOutDil": 46186718, "link": "", "finalLink": "", "calculatedOtherExpenses": 638300000, "calculatedOperatingExpenses": 4922700000, "calculatedNetInterest": 0, "calculatedOtherIncome": 0, "calculatedIncomeNonControlling": 0, "calculatedEbitda": 105700000}, {"date": "1988-12-31", "symbol": "AAL", "reportedCurrency": "USD", "cik": "0000006201", "fillingDate": "1988-12-31", "acceptedDate": "1988-12-30 19:00:00", "calendarYear": "1988", "period": "FY", "revenue": 8824300000, "costOfRevenue": 7465000000, "grossProfit": 1359300000, "grossProfitRatio": 0.1540405471, "researchAndDevelopmentExpenses": 0, "generalAndAdministrativeExpenses": 0, "sellingAndMarketingExpenses": 0, "sellingGeneralAndAdministrativeExpenses": 0, "otherExpenses": 552800000, "operatingExpenses": 552800000, "costAndExpenses": 8017800000, "interestIncome": 0, "interestExpense": 0, "depreciationAndAmortization": 552800000, "ebitda": 1216000000, "ebitdaratio": 0.1378012987, "operatingIncome": 740700000, "operatingIncomeRatio": 0.0839386694, "totalOtherIncomeExpensesNet": 143300000, "incomeBeforeTax": 740700000, "incomeBeforeTaxRatio": 0.0839386694, "incomeTaxExpense": 263900000, "netIncome": 476800000, "netIncomeRatio": 0.0540326145, "eps": 10.84, "epsdiluted": 10.54, "weightedAverageShsOut": 43999432, "weightedAverageShsOutDil": 45256558, "link": "", "finalLink": "", "calculatedOtherExpenses": 618600000, "calculatedOperatingExpenses": 618600000, "calculatedNetInterest": 0, "calculatedOtherIncome": 0, "calculatedIncomeNonControlling": 0, "calculatedEbitda": 1293500000}, {"date": "1987-12-31", "symbol": "AAL", "reportedCurrency": "USD", "cik": "0000006201", "fillingDate": "1987-12-31", "acceptedDate": "1987-12-30 19:00:00", "calendarYear": "1987", "period": "FY", "revenue": 7198000000, "costOfRevenue": 6251000000, "grossProfit": 947000000, "grossProfitRatio": 0.1315643234, "researchAndDevelopmentExpenses": 0, "generalAndAdministrativeExpenses": 0, "sellingAndMarketingExpenses": 0, "sellingGeneralAndAdministrativeExpenses": 0, "otherExpenses": 485900000, "operatingExpenses": 485900000, "costAndExpenses": 6736900000, "interestIncome": 0, "interestExpense": 0, "depreciationAndAmortization": 485900000, "ebitda": 898000000, "ebitdaratio": 0.1247568769, "operatingIncome": 322500000, "operatingIncomeRatio": 0.0448041123, "totalOtherIncomeExpensesNet": 49000000, "incomeBeforeTax": 322500000, "incomeBeforeTaxRatio": 0.0448041123, "incomeTaxExpense": 124100000, "netIncome": 198400000, "netIncomeRatio": 0.027563212, "eps": 4.46, "epsdiluted": 4.46, "weightedAverageShsOut": 44499202, "weightedAverageShsOutDil": 44499202, "link": "", "finalLink": "", "calculatedOtherExpenses": 624500000, "calculatedOperatingExpenses": 624500000, "calculatedNetInterest": 0, "calculatedOtherIncome": 0, "calculatedIncomeNonControlling": 0, "calculatedEbitda": 808400000}, {"date": "1986-12-31", "symbol": "AAL", "reportedCurrency": "USD", "cik": "0000006201", "fillingDate": "1986-12-31", "acceptedDate": "1986-12-30 19:00:00", "calendarYear": "1986", "period": "FY", "revenue": 6018200000, "costOfRevenue": 5218600000, "grossProfit": 799600000, "grossProfitRatio": 0.1328636469, "researchAndDevelopmentExpenses": 0, "generalAndAdministrativeExpenses": 0, "sellingAndMarketingExpenses": 0, "sellingGeneralAndAdministrativeExpenses": 0, "otherExpenses": 388700000, "operatingExpenses": 388700000, "costAndExpenses": 5607300000, "interestIncome": 0, "interestExpense": 0, "depreciationAndAmortization": 388700000, "ebitda": 638700000, "ebitdaratio": 0.1061280782, "operatingIncome": 418600000, "operatingIncomeRatio": 0.0695556811, "totalOtherIncomeExpensesNet": 160900000, "incomeBeforeTax": 418600000, "incomeBeforeTaxRatio": 0.0695556811, "incomeTaxExpense": 139500000, "netIncome": 279100000, "netIncomeRatio": 0.0463759928, "eps": 6.31, "epsdiluted": 6.31, "weightedAverageShsOut": 44226888, "weightedAverageShsOutDil": 44226888, "link": "", "finalLink": "", "calculatedOtherExpenses": 381000000, "calculatedOperatingExpenses": 381000000, "calculatedNetInterest": 0, "calculatedOtherIncome": 0, "calculatedIncomeNonControlling": 0, "calculatedEbitda": 807300000}, {"date": "1985-12-31", "symbol": "AAL", "reportedCurrency": "USD", "cik": "0000006201", "fillingDate": "1985-12-31", "acceptedDate": "1985-12-30 19:00:00", "calendarYear": "1985", "period": "FY", "revenue": 6131000000, "costOfRevenue": 5154600000, "grossProfit": 976400000, "grossProfitRatio": 0.1592562388, "researchAndDevelopmentExpenses": 0, "generalAndAdministrativeExpenses": 0, "sellingAndMarketingExpenses": 0, "sellingGeneralAndAdministrativeExpenses": 102900000, "otherExpenses": 336900000, "operatingExpenses": 439800000, "costAndExpenses": 5594400000, "interestIncome": 0, "interestExpense": 0, "depreciationAndAmortization": 336900000, "ebitda": 757900000, "ebitdaratio": 0.1236176806, "operatingIncome": 519000000, "operatingIncomeRatio": 0.0846517697, "totalOtherIncomeExpensesNet": 115600000, "incomeBeforeTax": 519000000, "incomeBeforeTaxRatio": 0.0846517697, "incomeTaxExpense": 173200000, "netIncome": 345800000, "netIncomeRatio": 0.056401892, "eps": 8.19, "epsdiluted": 8.06, "weightedAverageShsOut": 42200487, "weightedAverageShsOutDil": 42920631, "link": "", "finalLink": "", "calculatedOtherExpenses": 354500000, "calculatedOperatingExpenses": 457400000, "calculatedNetInterest": 0, "calculatedOtherIncome": 0, "calculatedIncomeNonControlling": 0, "calculatedEbitda": 855900000}]}