{"originalCurrency": "USD", "convertedCurrency": "USD", "report": [{"date": "2023-12-30", "symbol": "AAP", "reportedCurrency": "USD", "cik": "0001158449", "fillingDate": "2024-03-12", "acceptedDate": "2024-03-12 16:28:41", "calendarYear": "2023", "period": "FY", "revenue": 11287607000, "costOfRevenue": 6764105000, "grossProfit": 4523502000, "grossProfitRatio": 0.4007494237, "researchAndDevelopmentExpenses": 0, "generalAndAdministrativeExpenses": 4257325000, "sellingAndMarketingExpenses": 151800000, "sellingGeneralAndAdministrativeExpenses": 4409125000, "otherExpenses": 5525000, "operatingExpenses": 4409125000, "costAndExpenses": 11173230000, "interestIncome": 0, "interestExpense": 88055000, "depreciationAndAmortization": 306454000, "ebitda": 420831000, "ebitdaratio": 0.0372825702, "operatingIncome": 114377000, "operatingIncomeRatio": 0.0101329715, "totalOtherIncomeExpensesNet": -82530000, "incomeBeforeTax": 31847000, "incomeBeforeTaxRatio": 0.0028214129, "incomeTaxExpense": 2112000, "netIncome": 29735000, "netIncomeRatio": 0.002634305, "eps": 0.5, "epsdiluted": 0.5, "weightedAverageShsOut": 59432000, "weightedAverageShsOutDil": 59608000, "link": "https://www.sec.gov/Archives/edgar/data/1158449/000115844924000048/0001158449-24-000048-index.htm", "finalLink": "https://www.sec.gov/Archives/edgar/data/1158449/000115844924000048/aap-20231230.htm", "calculatedOtherExpenses": 0, "calculatedOperatingExpenses": 4409125000, "calculatedNetInterest": -88055000, "calculatedOtherIncome": 5525000, "calculatedIncomeNonControlling": 0, "calculatedEbitda": 420831000}, {"date": "2022-12-31", "symbol": "AAP", "reportedCurrency": "USD", "cik": "0001158449", "fillingDate": "2023-02-28", "acceptedDate": "2023-02-28 16:27:41", "calendarYear": "2022", "period": "FY", "revenue": 11154722000, "costOfRevenue": 6192622000, "grossProfit": 4962100000, "grossProfitRatio": 0.4448430001, "researchAndDevelopmentExpenses": 0, "generalAndAdministrativeExpenses": 4083949000, "sellingAndMarketingExpenses": 164000000, "sellingGeneralAndAdministrativeExpenses": 4247949000, "otherExpenses": -6996000, "operatingExpenses": 4247949000, "costAndExpenses": 10440571000, "interestIncome": 51060000, "interestExpense": 51060000, "depreciationAndAmortization": 276804000, "ebitda": 990955000, "ebitdaratio": 0.0888372655, "operatingIncome": 714151000, "operatingIncomeRatio": 0.0640223037, "totalOtherIncomeExpensesNet": -65464000, "incomeBeforeTax": 648687000, "incomeBeforeTaxRatio": 0.0581535784, "incomeTaxExpense": 146815000, "netIncome": 464402000, "netIncomeRatio": 0.0416327722, "eps": 7.7, "epsdiluted": 7.65, "weightedAverageShsOut": 60351000, "weightedAverageShsOutDil": 60717000, "link": "https://www.sec.gov/Archives/edgar/data/1158449/000115844923000035/0001158449-23-000035-index.htm", "finalLink": "https://www.sec.gov/Archives/edgar/data/1158449/000115844923000035/aap-20221231.htm", "calculatedOtherExpenses": 0, "calculatedOperatingExpenses": 4247949000, "calculatedNetInterest": 0, "calculatedOtherIncome": -65464000, "calculatedIncomeNonControlling": 37470000, "calculatedEbitda": 990955000}, {"date": "2021-12-31", "symbol": "AAP", "reportedCurrency": "USD", "cik": "0001158449", "fillingDate": "2022-02-15", "acceptedDate": "2022-02-15 16:20:02", "calendarYear": "2021", "period": "FY", "revenue": 10997989000, "costOfRevenue": 6069241000, "grossProfit": 4928748000, "grossProfitRatio": 0.44814993, "researchAndDevelopmentExpenses": 0, "generalAndAdministrativeExpenses": 3912031000, "sellingAndMarketingExpenses": 178000000, "sellingGeneralAndAdministrativeExpenses": 4090031000, "otherExpenses": 4999000, "operatingExpenses": 4090031000, "costAndExpenses": 10159272000, "interestIncome": 37791000, "interestExpense": 37791000, "depreciationAndAmortization": 264932000, "ebitda": 1103649000, "ebitdaratio": 0.1003500731, "operatingIncome": 838717000, "operatingIncomeRatio": 0.0762609419, "totalOtherIncomeExpensesNet": -32792000, "incomeBeforeTax": 805925000, "incomeBeforeTaxRatio": 0.0732793059, "incomeTaxExpense": 189817000, "netIncome": 596615000, "netIncomeRatio": 0.0542476447, "eps": 9.62, "epsdiluted": 9.55, "weightedAverageShsOut": 64028000, "weightedAverageShsOutDil": 64509000, "link": "https://www.sec.gov/Archives/edgar/data/1158449/000115844922000037/0001158449-22-000037-index.htm", "finalLink": "https://www.sec.gov/Archives/edgar/data/1158449/000115844922000037/aap-20220101.htm", "calculatedOtherExpenses": 0, "calculatedOperatingExpenses": 4090031000, "calculatedNetInterest": 0, "calculatedOtherIncome": -32792000, "calculatedIncomeNonControlling": 19493000, "calculatedEbitda": 1103649000}, {"date": "2020-12-31", "symbol": "AAP", "reportedCurrency": "USD", "cik": "0001158449", "fillingDate": "2021-02-22", "acceptedDate": "2021-02-22 06:17:48", "calendarYear": "2020", "period": "FY", "revenue": 10106321000, "costOfRevenue": 5624707000, "grossProfit": 4481614000, "grossProfitRatio": 0.4434466311, "researchAndDevelopmentExpenses": 0, "generalAndAdministrativeExpenses": 3599407000, "sellingAndMarketingExpenses": 132300000, "sellingGeneralAndAdministrativeExpenses": 3731707000, "otherExpenses": -3984000, "operatingExpenses": 3731707000, "costAndExpenses": 9356414000, "interestIncome": 46886000, "interestExpense": 46886000, "depreciationAndAmortization": 246097000, "ebitda": 996004000, "ebitdaratio": 0.0985525791, "operatingIncome": 749907000, "operatingIncomeRatio": 0.0742017793, "totalOtherIncomeExpensesNet": -98892000, "incomeBeforeTax": 651015000, "incomeBeforeTaxRatio": 0.0644166161, "incomeTaxExpense": 157994000, "netIncome": 493021000, "netIncomeRatio": 0.0487834297, "eps": 7.17, "epsdiluted": 7.14, "weightedAverageShsOut": 68748000, "weightedAverageShsOutDil": 69003000, "link": "https://www.sec.gov/Archives/edgar/data/1158449/000115844921000036/0001158449-21-000036-index.htm", "finalLink": "https://www.sec.gov/Archives/edgar/data/1158449/000115844921000036/aap-20210102.htm", "calculatedOtherExpenses": 0, "calculatedOperatingExpenses": 3731707000, "calculatedNetInterest": 0, "calculatedOtherIncome": -98892000, "calculatedIncomeNonControlling": 0, "calculatedEbitda": 996004000}, {"date": "2019-12-28", "symbol": "AAP", "reportedCurrency": "USD", "cik": "0001158449", "fillingDate": "2020-02-18", "acceptedDate": "2020-02-18 16:33:41", "calendarYear": "2019", "period": "FY", "revenue": 9709003000, "costOfRevenue": 5454257000, "grossProfit": 4254746000, "grossProfitRatio": 0.4382268705, "researchAndDevelopmentExpenses": 0, "generalAndAdministrativeExpenses": 3460266000, "sellingAndMarketingExpenses": 117300000, "sellingGeneralAndAdministrativeExpenses": 3577566000, "otherExpenses": 464000, "operatingExpenses": 3577566000, "costAndExpenses": 9031823000, "interestIncome": 39898000, "interestExpense": 39898000, "depreciationAndAmortization": 238835000, "ebitda": 916015000, "ebitdaratio": 0.0943469685, "operatingIncome": 677180000, "operatingIncomeRatio": 0.0697476353, "totalOtherIncomeExpensesNet": -39434000, "incomeBeforeTax": 637746000, "incomeBeforeTaxRatio": 0.0656860442, "incomeTaxExpense": 150850000, "netIncome": 486896000, "netIncomeRatio": 0.0501489185, "eps": 6.87, "epsdiluted": 6.84, "weightedAverageShsOut": 70869000, "weightedAverageShsOutDil": 71165000, "link": "https://www.sec.gov/Archives/edgar/data/1158449/000115844920000035/0001158449-20-000035-index.htm", "finalLink": "https://www.sec.gov/Archives/edgar/data/1158449/000115844920000035/aap10k12282019secreport.htm", "calculatedOtherExpenses": 0, "calculatedOperatingExpenses": 3577566000, "calculatedNetInterest": 0, "calculatedOtherIncome": -39434000, "calculatedIncomeNonControlling": 0, "calculatedEbitda": 916015000}, {"date": "2018-12-29", "symbol": "AAP", "reportedCurrency": "USD", "cik": "0001158449", "fillingDate": "2019-02-19", "acceptedDate": "2019-02-19 16:04:12", "calendarYear": "2018", "period": "FY", "revenue": 9580554000, "costOfRevenue": 5361141000, "grossProfit": 4219413000, "grossProfitRatio": 0.4404143017, "researchAndDevelopmentExpenses": 0, "generalAndAdministrativeExpenses": 3494238000, "sellingAndMarketingExpenses": 120900000, "sellingGeneralAndAdministrativeExpenses": 3615138000, "otherExpenses": 7577000, "operatingExpenses": 3615138000, "costAndExpenses": 8976279000, "interestIncome": 0, "interestExpense": 56588000, "depreciationAndAmortization": 238184000, "ebitda": 850036000, "ebitdaratio": 0.0887251405, "operatingIncome": 604275000, "operatingIncomeRatio": 0.0630730749, "totalOtherIncomeExpensesNet": 7577000, "incomeBeforeTax": 555264000, "incomeBeforeTaxRatio": 0.0579574, "incomeTaxExpense": 131417000, "netIncome": 423847000, "netIncomeRatio": 0.0442403435, "eps": 5.75, "epsdiluted": 5.73, "weightedAverageShsOut": 73728000, "weightedAverageShsOutDil": 73991000, "link": "https://www.sec.gov/Archives/edgar/data/1158449/000115844919000043/0001158449-19-000043-index.htm", "finalLink": "https://www.sec.gov/Archives/edgar/data/1158449/000115844919000043/aap_10kx12292018secreport.htm", "calculatedOtherExpenses": 0, "calculatedOperatingExpenses": 3615138000, "calculatedNetInterest": -56588000, "calculatedOtherIncome": 7577000, "calculatedIncomeNonControlling": 0, "calculatedEbitda": 842459000}, {"date": "2017-12-30", "symbol": "AAP", "reportedCurrency": "USD", "cik": "0001158449", "fillingDate": "2018-02-21", "acceptedDate": "2018-02-21 16:17:10", "calendarYear": "2017", "period": "FY", "revenue": 9373784000, "costOfRevenue": 5288735000, "grossProfit": 4085049000, "grossProfitRatio": 0.4357950855, "researchAndDevelopmentExpenses": 0, "generalAndAdministrativeExpenses": 3412037000, "sellingAndMarketingExpenses": 102800000, "sellingGeneralAndAdministrativeExpenses": 3514837000, "otherExpenses": 8848000, "operatingExpenses": 3514837000, "costAndExpenses": 8803572000, "interestIncome": 0, "interestExpense": 58801000, "depreciationAndAmortization": 249260000, "ebitda": 828320000, "ebitdaratio": 0.0883655949, "operatingIncome": 570212000, "operatingIncomeRatio": 0.0608305035, "totalOtherIncomeExpensesNet": 8848000, "incomeBeforeTax": 520259000, "incomeBeforeTaxRatio": 0.0555014922, "incomeTaxExpense": 44754000, "netIncome": 475505000, "netIncomeRatio": 0.050727113, "eps": 6.44, "epsdiluted": 6.42, "weightedAverageShsOut": 73846000, "weightedAverageShsOutDil": 74110000, "link": "https://www.sec.gov/Archives/edgar/data/1158449/000115844918000039/0001158449-18-000039-index.htm", "finalLink": "https://www.sec.gov/Archives/edgar/data/1158449/000115844918000039/aap_10kx12302017.htm", "calculatedOtherExpenses": 0, "calculatedOperatingExpenses": 3514837000, "calculatedNetInterest": -58801000, "calculatedOtherIncome": 8848000, "calculatedIncomeNonControlling": 0, "calculatedEbitda": 819472000}, {"date": "2016-12-31", "symbol": "AAP", "reportedCurrency": "USD", "cik": "0001158449", "fillingDate": "2017-02-28", "acceptedDate": "2017-02-28 17:08:31", "calendarYear": "2016", "period": "FY", "revenue": 9567679000, "costOfRevenue": 5311764000, "grossProfit": 4255915000, "grossProfitRatio": 0.4448220932, "researchAndDevelopmentExpenses": 0, "generalAndAdministrativeExpenses": 3371317000, "sellingAndMarketingExpenses": 97000000, "sellingGeneralAndAdministrativeExpenses": 3468317000, "otherExpenses": 11147000, "operatingExpenses": 3468317000, "costAndExpenses": 8780081000, "interestIncome": 0, "interestExpense": 59910000, "depreciationAndAmortization": 258387000, "ebitda": 1057132000, "ebitdaratio": 0.1104899109, "operatingIncome": 787598000, "operatingIncomeRatio": 0.0823186062, "totalOtherIncomeExpensesNet": 11147000, "incomeBeforeTax": 738835000, "incomeBeforeTaxRatio": 0.0772219678, "incomeTaxExpense": 279213000, "netIncome": 459622000, "netIncomeRatio": 0.0480390281, "eps": 6.22, "epsdiluted": 6.2, "weightedAverageShsOut": 73562000, "weightedAverageShsOutDil": 73856000, "link": "https://www.sec.gov/Archives/edgar/data/1158449/000115844917000034/0001158449-17-000034-index.htm", "finalLink": "https://www.sec.gov/Archives/edgar/data/1158449/000115844917000034/aap_10kx12312016.htm", "calculatedOtherExpenses": 0, "calculatedOperatingExpenses": 3468317000, "calculatedNetInterest": -59910000, "calculatedOtherIncome": 11147000, "calculatedIncomeNonControlling": 0, "calculatedEbitda": 1045985000}, {"date": "2015-12-31", "symbol": "AAP", "reportedCurrency": "USD", "cik": "0001158449", "fillingDate": "2016-03-01", "acceptedDate": "2016-03-01 17:29:32", "calendarYear": "2015", "period": "FY", "revenue": 9737018000, "costOfRevenue": 5314246000, "grossProfit": 4422772000, "grossProfitRatio": 0.4542224324, "researchAndDevelopmentExpenses": 0, "generalAndAdministrativeExpenses": 3488192000, "sellingAndMarketingExpenses": 108800000, "sellingGeneralAndAdministrativeExpenses": 3596992000, "otherExpenses": -7484000, "operatingExpenses": 3596992000, "costAndExpenses": 8911238000, "interestIncome": 0, "interestExpense": 65408000, "depreciationAndAmortization": 269476000, "ebitda": 1087772000, "ebitdaratio": 0.1117151062, "operatingIncome": 825780000, "operatingIncomeRatio": 0.0848083058, "totalOtherIncomeExpensesNet": -7484000, "incomeBeforeTax": 752888000, "incomeBeforeTaxRatio": 0.0773222356, "incomeTaxExpense": 279490000, "netIncome": 473398000, "netIncomeRatio": 0.0486183758, "eps": 6.45, "epsdiluted": 6.4, "weightedAverageShsOut": 73190000, "weightedAverageShsOutDil": 73733000, "link": "https://www.sec.gov/Archives/edgar/data/1158449/000115844916000299/0001158449-16-000299-index.htm", "finalLink": "https://www.sec.gov/Archives/edgar/data/1158449/000115844916000299/aap_10kx122016.htm", "calculatedOtherExpenses": 0, "calculatedOperatingExpenses": 3596992000, "calculatedNetInterest": -65408000, "calculatedOtherIncome": -7484000, "calculatedIncomeNonControlling": 0, "calculatedEbitda": 1095256000}, {"date": "2014-12-31", "symbol": "AAP", "reportedCurrency": "USD", "cik": "0001158449", "fillingDate": "2015-03-03", "acceptedDate": "2015-03-03 17:23:49", "calendarYear": "2014", "period": "FY", "revenue": 9843861000, "costOfRevenue": 5390248000, "grossProfit": 4453613000, "grossProfitRatio": 0.4524254253, "researchAndDevelopmentExpenses": 0, "generalAndAdministrativeExpenses": 3505440000, "sellingAndMarketingExpenses": 96463000, "sellingGeneralAndAdministrativeExpenses": 3601903000, "otherExpenses": 3092000, "operatingExpenses": 3601903000, "costAndExpenses": 8992151000, "interestIncome": 0, "interestExpense": 73408000, "depreciationAndAmortization": 284693000, "ebitda": 1139495000, "ebitdaratio": 0.1157569169, "operatingIncome": 851710000, "operatingIncomeRatio": 0.086521945, "totalOtherIncomeExpensesNet": 3092000, "incomeBeforeTax": 781394000, "incomeBeforeTaxRatio": 0.0793788128, "incomeTaxExpense": 287569000, "netIncome": 493825000, "netIncomeRatio": 0.0501657835, "eps": 6.75, "epsdiluted": 6.71, "weightedAverageShsOut": 72932000, "weightedAverageShsOutDil": 73414000, "link": "https://www.sec.gov/Archives/edgar/data/1158449/000115844915000063/0001158449-15-000063-index.htm", "finalLink": "https://www.sec.gov/Archives/edgar/data/1158449/000115844915000063/aap_10kx132015.htm", "calculatedOtherExpenses": 0, "calculatedOperatingExpenses": 3601903000, "calculatedNetInterest": -73408000, "calculatedOtherIncome": 3092000, "calculatedIncomeNonControlling": 0, "calculatedEbitda": 1136403000}, {"date": "2013-12-28", "symbol": "AAP", "reportedCurrency": "USD", "cik": "0001158449", "fillingDate": "2014-02-25", "acceptedDate": "2014-02-25 17:13:25", "calendarYear": "2013", "period": "FY", "revenue": 6493814000, "costOfRevenue": 3241668000, "grossProfit": 3252146000, "grossProfitRatio": 0.5008067678, "researchAndDevelopmentExpenses": 0, "generalAndAdministrativeExpenses": 2522712000, "sellingAndMarketingExpenses": 69116000, "sellingGeneralAndAdministrativeExpenses": 2591828000, "otherExpenses": 2698000, "operatingExpenses": 2591828000, "costAndExpenses": 5833496000, "interestIncome": 0, "interestExpense": 36618000, "depreciationAndAmortization": 207795000, "ebitda": 870811000, "ebitdaratio": 0.1340985436, "operatingIncome": 660318000, "operatingIncomeRatio": 0.1016841566, "totalOtherIncomeExpensesNet": 2698000, "incomeBeforeTax": 626398000, "incomeBeforeTaxRatio": 0.096460724, "incomeTaxExpense": 234640000, "netIncome": 391758000, "netIncomeRatio": 0.0603278751, "eps": 5.36, "epsdiluted": 5.32, "weightedAverageShsOut": 72930000, "weightedAverageShsOutDil": 73414000, "link": "https://www.sec.gov/Archives/edgar/data/1158449/000115844914000058/0001158449-14-000058-index.htm", "finalLink": "https://www.sec.gov/Archives/edgar/data/1158449/000115844914000058/aap_10kx12282013.htm", "calculatedOtherExpenses": 0, "calculatedOperatingExpenses": 2591828000, "calculatedNetInterest": -36618000, "calculatedOtherIncome": 2698000, "calculatedIncomeNonControlling": 0, "calculatedEbitda": 868113000}, {"date": "2012-12-29", "symbol": "AAP", "reportedCurrency": "USD", "cik": "0001158449", "fillingDate": "2013-02-25", "acceptedDate": "2013-02-25 17:17:15", "calendarYear": "2012", "period": "FY", "revenue": 6205003000, "costOfRevenue": 3106967000, "grossProfit": 3098036000, "grossProfitRatio": 0.4992803388, "researchAndDevelopmentExpenses": 0, "generalAndAdministrativeExpenses": 2356850000, "sellingAndMarketingExpenses": 83871000, "sellingGeneralAndAdministrativeExpenses": 2440721000, "otherExpenses": 600000, "operatingExpenses": 2440721000, "costAndExpenses": 5547688000, "interestIncome": 0, "interestExpense": 33841000, "depreciationAndAmortization": 189544000, "ebitda": 847459000, "ebitdaratio": 0.1365767269, "operatingIncome": 657315000, "operatingIncomeRatio": 0.1059330672, "totalOtherIncomeExpensesNet": 600000, "incomeBeforeTax": 624074000, "incomeBeforeTaxRatio": 0.1005759385, "incomeTaxExpense": 236404000, "netIncome": 387670000, "netIncomeRatio": 0.0624770044, "eps": 5.29, "epsdiluted": 5.22, "weightedAverageShsOut": 73091000, "weightedAverageShsOutDil": 74062000, "link": "https://www.sec.gov/Archives/edgar/data/1158449/000115844913000069/0001158449-13-000069-index.htm", "finalLink": "https://www.sec.gov/Archives/edgar/data/1158449/000115844913000069/aap_10kx12292012.htm", "calculatedOtherExpenses": 0, "calculatedOperatingExpenses": 2440721000, "calculatedNetInterest": -33841000, "calculatedOtherIncome": 600000, "calculatedIncomeNonControlling": 0, "calculatedEbitda": 846859000}, {"date": "2011-12-31", "symbol": "AAP", "reportedCurrency": "USD", "cik": "0001158449", "fillingDate": "2012-02-28", "acceptedDate": "2012-02-28 17:19:13", "calendarYear": "2011", "period": "FY", "revenue": 6170462000, "costOfRevenue": 3101172000, "grossProfit": 3069290000, "grossProfitRatio": 0.497416563, "researchAndDevelopmentExpenses": 0, "generalAndAdministrativeExpenses": 0, "sellingAndMarketingExpenses": 0, "sellingGeneralAndAdministrativeExpenses": 2404648000, "otherExpenses": 0, "operatingExpenses": 2404648000, "costAndExpenses": 5505820000, "interestIncome": 0, "interestExpense": 30949000, "depreciationAndAmortization": 175949000, "ebitda": 840591000, "ebitdaratio": 0.1362282111, "operatingIncome": 664642000, "operatingIncomeRatio": 0.1077134905, "totalOtherIncomeExpensesNet": -457000, "incomeBeforeTax": 633236000, "incomeBeforeTaxRatio": 0.1026237582, "incomeTaxExpense": 238554000, "netIncome": 394682000, "netIncomeRatio": 0.0639631198, "eps": 5.21, "epsdiluted": 5.11, "weightedAverageShsOut": 75620000, "weightedAverageShsOutDil": 77071000, "link": "https://www.sec.gov/Archives/edgar/data/1158449/000115844912000029/0001158449-12-000029-index.htm", "finalLink": "https://www.sec.gov/Archives/edgar/data/1158449/000115844912000029/aap_10kx12312011.htm", "calculatedOtherExpenses": 0, "calculatedOperatingExpenses": 2404648000, "calculatedNetInterest": -30949000, "calculatedOtherIncome": -457000, "calculatedIncomeNonControlling": 0, "calculatedEbitda": 840591000}, {"date": "2010-12-31", "symbol": "AAP", "reportedCurrency": "USD", "cik": "0001158449", "fillingDate": "2011-03-01", "acceptedDate": "2011-03-01 17:04:56", "calendarYear": "2010", "period": "FY", "revenue": 5925203000, "costOfRevenue": 2963888000, "grossProfit": 2961315000, "grossProfitRatio": 0.4997828766, "researchAndDevelopmentExpenses": 0, "generalAndAdministrativeExpenses": 0, "sellingAndMarketingExpenses": 0, "sellingGeneralAndAdministrativeExpenses": 2376382000, "otherExpenses": 0, "operatingExpenses": 2376382000, "costAndExpenses": 5340270000, "interestIncome": 0, "interestExpense": 26861000, "depreciationAndAmortization": 164437000, "ebitda": 749370000, "ebitdaratio": 0.1264716162, "operatingIncome": 584933000, "operatingIncomeRatio": 0.0987194869, "totalOtherIncomeExpensesNet": -1017000, "incomeBeforeTax": 557055000, "incomeBeforeTaxRatio": 0.0940145004, "incomeTaxExpense": 211002000, "netIncome": 346053000, "netIncomeRatio": 0.0584035686, "eps": 4, "epsdiluted": 3.95, "weightedAverageShsOut": 86082000, "weightedAverageShsOutDil": 87155000, "link": "https://www.sec.gov/Archives/edgar/data/1158449/000115844911000008/0001158449-11-000008-index.htm", "finalLink": "https://www.sec.gov/Archives/edgar/data/1158449/000115844911000008/aap10k.htm", "calculatedOtherExpenses": 0, "calculatedOperatingExpenses": 2376382000, "calculatedNetInterest": -26861000, "calculatedOtherIncome": -1017000, "calculatedIncomeNonControlling": 0, "calculatedEbitda": 749370000}, {"date": "2009-12-31", "symbol": "AAP", "reportedCurrency": "USD", "cik": "0001158449", "fillingDate": "2010-03-02", "acceptedDate": "2010-03-02 17:19:32", "calendarYear": "2009", "period": "FY", "revenue": 5412623000, "costOfRevenue": 2768397000, "grossProfit": 2644226000, "grossProfitRatio": 0.4885294985, "researchAndDevelopmentExpenses": 0, "generalAndAdministrativeExpenses": 0, "sellingAndMarketingExpenses": 0, "sellingGeneralAndAdministrativeExpenses": 2189841000, "otherExpenses": 0, "operatingExpenses": 2189841000, "costAndExpenses": 4958238000, "interestIncome": 0, "interestExpense": 23337000, "depreciationAndAmortization": 150917000, "ebitda": 605302000, "ebitdaratio": 0.1118315464, "operatingIncome": 454385000, "operatingIncomeRatio": 0.0839491315, "totalOtherIncomeExpensesNet": 607000, "incomeBeforeTax": 431655000, "incomeBeforeTaxRatio": 0.0797496888, "incomeTaxExpense": 161282000, "netIncome": 270373000, "netIncomeRatio": 0.0499523059, "eps": 2.85, "epsdiluted": 2.83, "weightedAverageShsOut": 94459000, "weightedAverageShsOutDil": 95113000, "link": "https://www.sec.gov/Archives/edgar/data/1158449/000115844910000032/0001158449-10-000032-index.htm", "finalLink": "https://www.sec.gov/Archives/edgar/data/1158449/000115844910000032/aap10k.htm", "calculatedOtherExpenses": 0, "calculatedOperatingExpenses": 2189841000, "calculatedNetInterest": -23337000, "calculatedOtherIncome": 607000, "calculatedIncomeNonControlling": 0, "calculatedEbitda": 605302000}, {"date": "2008-12-31", "symbol": "AAP", "reportedCurrency": "USD", "cik": "0001158449", "fillingDate": "2009-03-04", "acceptedDate": "2009-03-04 16:15:01", "calendarYear": "2008", "period": "FY", "revenue": 5142255000, "costOfRevenue": 2679191000, "grossProfit": 2463064000, "grossProfitRatio": 0.4789851923, "researchAndDevelopmentExpenses": 0, "generalAndAdministrativeExpenses": 0, "sellingAndMarketingExpenses": 0, "sellingGeneralAndAdministrativeExpenses": 2048137000, "otherExpenses": 0, "operatingExpenses": 2048137000, "costAndExpenses": 4727328000, "interestIncome": 0, "interestExpense": -33729000, "depreciationAndAmortization": 146940000, "ebitda": 562373000, "ebitdaratio": 0.1093631102, "operatingIncome": 414927000, "operatingIncomeRatio": 0.0806896974, "totalOtherIncomeExpensesNet": -506000, "incomeBeforeTax": 380692000, "incomeBeforeTaxRatio": 0.0740321124, "incomeTaxExpense": 142654000, "netIncome": 238038000, "netIncomeRatio": 0.0462905865, "eps": 2.51, "epsdiluted": 2.49, "weightedAverageShsOut": 94655000, "weightedAverageShsOutDil": 95205000, "link": "https://www.sec.gov/Archives/edgar/data/1158449/000115844909000027/0001158449-09-000027-index.htm", "finalLink": "https://www.sec.gov/Archives/edgar/data/1158449/000115844909000027/aap10k.htm", "calculatedOtherExpenses": 0, "calculatedOperatingExpenses": 2048137000, "calculatedNetInterest": 33729000, "calculatedOtherIncome": -67964000, "calculatedIncomeNonControlling": 0, "calculatedEbitda": 561867000}, {"date": "2007-12-29", "symbol": "AAP", "reportedCurrency": "USD", "cik": "0001158449", "fillingDate": "2008-02-27", "acceptedDate": "2008-02-27 12:58:06", "calendarYear": "2007", "period": "FY", "revenue": 4844404000, "costOfRevenue": 2523435000, "grossProfit": 2320969000, "grossProfitRatio": 0.4791031054, "researchAndDevelopmentExpenses": 0, "generalAndAdministrativeExpenses": 0, "sellingAndMarketingExpenses": 0, "sellingGeneralAndAdministrativeExpenses": 1904540000, "otherExpenses": 0, "operatingExpenses": 1904540000, "costAndExpenses": 4427975000, "interestIncome": 0, "interestExpense": -34809000, "depreciationAndAmortization": 147500000, "ebitda": 562915000, "ebitdaratio": 0.1161990206, "operatingIncome": 416429000, "operatingIncomeRatio": 0.0859608323, "totalOtherIncomeExpensesNet": 1014000, "incomeBeforeTax": 382634000, "incomeBeforeTaxRatio": 0.078984742, "incomeTaxExpense": 144317000, "netIncome": 238317000, "netIncomeRatio": 0.0491942869, "eps": 2.3, "epsdiluted": 2.28, "weightedAverageShsOut": 103826000, "weightedAverageShsOutDil": 104654000, "link": "https://www.sec.gov/Archives/edgar/data/1158449/000115844908000043/0001158449-08-000043-index.htm", "finalLink": "https://www.sec.gov/Archives/edgar/data/1158449/000115844908000043/aap10k.htm", "calculatedOtherExpenses": 0, "calculatedOperatingExpenses": 1904540000, "calculatedNetInterest": 34809000, "calculatedOtherIncome": -68604000, "calculatedIncomeNonControlling": 0, "calculatedEbitda": 563929000}, {"date": "2006-12-30", "symbol": "AAP", "reportedCurrency": "USD", "cik": "0001158449", "fillingDate": "2007-02-28", "acceptedDate": "2007-02-28 14:30:07", "calendarYear": "2006", "period": "FY", "revenue": 4616503000, "costOfRevenue": 2415339000, "grossProfit": 2201164000, "grossProfitRatio": 0.4768033293, "researchAndDevelopmentExpenses": 0, "generalAndAdministrativeExpenses": 0, "sellingAndMarketingExpenses": 0, "sellingGeneralAndAdministrativeExpenses": 1797814000, "otherExpenses": 0, "operatingExpenses": 1797814000, "costAndExpenses": 4213153000, "interestIncome": 0, "interestExpense": -35992000, "depreciationAndAmortization": 139957000, "ebitda": 540750000, "ebitdaratio": 0.1171341165, "operatingIncome": 403350000, "operatingIncomeRatio": 0.0873713285, "totalOtherIncomeExpensesNet": 2557000, "incomeBeforeTax": 369915000, "incomeBeforeTaxRatio": 0.0801288334, "incomeTaxExpense": 138597000, "netIncome": 231318000, "netIncomeRatio": 0.0501067583, "eps": 2.18, "epsdiluted": 2.16, "weightedAverageShsOut": 106129000, "weightedAverageShsOutDil": 107124000, "link": "https://www.sec.gov/Archives/edgar/data/1158449/000115844907000040/0001158449-07-000040-index.htm", "finalLink": "https://www.sec.gov/Archives/edgar/data/1158449/000115844907000040/aap10k.htm", "calculatedOtherExpenses": 0, "calculatedOperatingExpenses": 1797814000, "calculatedNetInterest": 35992000, "calculatedOtherIncome": -69427000, "calculatedIncomeNonControlling": 0, "calculatedEbitda": 543307000}, {"date": "2005-12-31", "symbol": "AAP", "reportedCurrency": "USD", "cik": "0001158449", "fillingDate": "2006-03-16", "acceptedDate": "2006-03-15 17:44:46", "calendarYear": "2005", "period": "FY", "revenue": 4264971000, "costOfRevenue": 2250493000, "grossProfit": 2014478000, "grossProfitRatio": 0.4723309959, "researchAndDevelopmentExpenses": 0, "generalAndAdministrativeExpenses": 0, "sellingAndMarketingExpenses": 0, "sellingGeneralAndAdministrativeExpenses": 1605986000, "otherExpenses": 0, "operatingExpenses": 1605986000, "costAndExpenses": 3856479000, "interestIncome": 0, "interestExpense": -32384000, "depreciationAndAmortization": 120558000, "ebitda": 526235000, "ebitdaratio": 0.1233853642, "operatingIncome": 408492000, "operatingIncomeRatio": 0.0957783769, "totalOtherIncomeExpensesNet": 2815000, "incomeBeforeTax": 378923000, "incomeBeforeTaxRatio": 0.0888453872, "incomeTaxExpense": 144198000, "netIncome": 234725000, "netIncomeRatio": 0.0550355442, "eps": 2.17, "epsdiluted": 2.13, "weightedAverageShsOut": 108318000, "weightedAverageShsOutDil": 109987000, "link": "https://www.sec.gov/Archives/edgar/data/1158449/000115844906000037/0001158449-06-000037-index.htm", "finalLink": "https://www.sec.gov/Archives/edgar/data/1158449/000115844906000037/aap.htm", "calculatedOtherExpenses": 0, "calculatedOperatingExpenses": 1605986000, "calculatedNetInterest": 32384000, "calculatedOtherIncome": -61953000, "calculatedIncomeNonControlling": 0, "calculatedEbitda": 529050000}, {"date": "2004-12-31", "symbol": "AAP", "reportedCurrency": "USD", "cik": "0001158449", "fillingDate": "2005-03-17", "acceptedDate": "2005-03-17 14:58:30", "calendarYear": "2004", "period": "FY", "revenue": 3770297000, "costOfRevenue": 2016926000, "grossProfit": 1753371000, "grossProfitRatio": 0.4650485094, "researchAndDevelopmentExpenses": 0, "generalAndAdministrativeExpenses": 0, "sellingAndMarketingExpenses": 0, "sellingGeneralAndAdministrativeExpenses": 1424613000, "otherExpenses": 0, "operatingExpenses": 1424613000, "costAndExpenses": 3441539000, "interestIncome": 0, "interestExpense": -20069000, "depreciationAndAmortization": 105959000, "ebitda": 437658000, "ebitdaratio": 0.1160805104, "operatingIncome": 328758000, "operatingIncomeRatio": 0.0871968442, "totalOtherIncomeExpensesNet": -2941000, "incomeBeforeTax": 305748000, "incomeBeforeTaxRatio": 0.0810938767, "incomeTaxExpense": 117721000, "netIncome": 187988000, "netIncomeRatio": 0.049860263, "eps": 1.7, "epsdiluted": 1.66, "weightedAverageShsOut": 110846000, "weightedAverageShsOutDil": 113222000, "link": "https://www.sec.gov/Archives/edgar/data/1158449/000115844905000070/0001158449-05-000070-index.htm", "finalLink": "https://www.sec.gov/Archives/edgar/data/1158449/000115844905000070/aap10k_2004.htm", "calculatedOtherExpenses": 0, "calculatedOperatingExpenses": 1424613000, "calculatedNetInterest": 20069000, "calculatedOtherIncome": -43079000, "calculatedIncomeNonControlling": 39000, "calculatedEbitda": 434717000}, {"date": "2003-12-31", "symbol": "AAP", "reportedCurrency": "USD", "cik": "0001158449", "fillingDate": "2004-03-12", "acceptedDate": "2004-03-12 12:57:59", "calendarYear": "2003", "period": "FY", "revenue": 3493696000, "costOfRevenue": 1889178000, "grossProfit": 1604518000, "grossProfitRatio": 0.4592609088, "researchAndDevelopmentExpenses": 0, "generalAndAdministrativeExpenses": 0, "sellingAndMarketingExpenses": 0, "sellingGeneralAndAdministrativeExpenses": 1305867000, "otherExpenses": 0, "operatingExpenses": 1305867000, "costAndExpenses": 3195045000, "interestIncome": 0, "interestExpense": -37576000, "depreciationAndAmortization": 105847000, "ebitda": 461862000, "ebitdaratio": 0.1321986801, "operatingIncome": 288234000, "operatingIncomeRatio": 0.0825011678, "totalOtherIncomeExpensesNet": -57364000, "incomeBeforeTax": 203711000, "incomeBeforeTaxRatio": 0.0583081642, "incomeTaxExpense": 78424000, "netIncome": 124935000, "netIncomeRatio": 0.0357601234, "eps": 1.14, "epsdiluted": 1.11, "weightedAverageShsOut": 109498500, "weightedAverageShsOutDil": 112114500, "link": "https://www.sec.gov/Archives/edgar/data/1158449/000115844904000010/0001158449-04-000010-index.htm", "finalLink": "https://www.sec.gov/Archives/edgar/data/1158449/000115844904000010/aap10k_2003.htm", "calculatedOtherExpenses": 10417000, "calculatedOperatingExpenses": 1316284000, "calculatedNetInterest": 37576000, "calculatedOtherIncome": -122099000, "calculatedIncomeNonControlling": 352000, "calculatedEbitda": 394081000}, {"date": "2002-12-28", "symbol": "AAP", "reportedCurrency": "USD", "cik": "0001158449", "fillingDate": "2003-03-27", "acceptedDate": "2003-03-27 17:28:18", "calendarYear": "2002", "period": "FY", "revenue": 3287883000, "costOfRevenue": 1839889000, "grossProfit": 1447994000, "grossProfitRatio": 0.4404031409, "researchAndDevelopmentExpenses": 0, "generalAndAdministrativeExpenses": 0, "sellingAndMarketingExpenses": 0, "sellingGeneralAndAdministrativeExpenses": 1210477000, "otherExpenses": 0, "operatingExpenses": 1210477000, "costAndExpenses": 3050366000, "interestIncome": 0, "interestExpense": -78219000, "depreciationAndAmortization": 110702000, "ebitda": 384326000, "ebitdaratio": 0.1168916291, "operatingIncome": 201985000, "operatingIncomeRatio": 0.0614331471, "totalOtherIncomeExpensesNet": -36107000, "incomeBeforeTax": 123191000, "incomeBeforeTaxRatio": 0.0374681824, "incomeTaxExpense": 47799000, "netIncome": 65019000, "netIncomeRatio": 0.0197753387, "eps": 0.62, "epsdiluted": 0.6, "weightedAverageShsOut": 105147000, "weightedAverageShsOutDil": 108564000, "link": "https://www.sec.gov/Archives/edgar/data/1158449/000101706203000555/0001017062-03-000555-index.htm", "finalLink": "https://www.sec.gov/Archives/edgar/data/1158449/000101706203000555/d10k.htm", "calculatedOtherExpenses": 35532000, "calculatedOperatingExpenses": 1246009000, "calculatedNetInterest": 78219000, "calculatedOtherIncome": -157013000, "calculatedIncomeNonControlling": 10373000, "calculatedEbitda": 312687000}, {"date": "2001-12-29", "symbol": "AAP", "reportedCurrency": "USD", "cik": "0001158449", "fillingDate": "2002-03-28", "acceptedDate": "2002-03-28 00:00:00", "calendarYear": "2001", "period": "FY", "revenue": 2517639000, "costOfRevenue": 1441613000, "grossProfit": 1076026000, "grossProfitRatio": 0.4273948727, "researchAndDevelopmentExpenses": 0, "generalAndAdministrativeExpenses": 0, "sellingAndMarketingExpenses": 0, "sellingGeneralAndAdministrativeExpenses": 959266000, "otherExpenses": 13694000, "operatingExpenses": 972960000, "costAndExpenses": 2414573000, "interestIncome": 0, "interestExpense": 0, "depreciationAndAmortization": 97555000, "ebitda": 226985000, "ebitdaratio": 0.090157882, "operatingIncome": 89113000, "operatingIncomeRatio": 0.0353954638, "totalOtherIncomeExpensesNet": -26364000, "incomeBeforeTax": 28501000, "incomeBeforeTaxRatio": 0.0113205269, "incomeTaxExpense": 11312000, "netIncome": 11442000, "netIncomeRatio": 0.0045447342, "eps": 0.13, "epsdiluted": 0.13, "weightedAverageShsOut": 85911000, "weightedAverageShsOutDil": 87474000, "link": "https://www.sec.gov/Archives/edgar/data/1158449/000089843002001066/0000898430-02-001066-index.htm", "finalLink": "https://www.sec.gov/Archives/edgar/data/1158449/000089843002001066/d10k.txt", "calculatedOtherExpenses": 27647000, "calculatedOperatingExpenses": 986913000, "calculatedNetInterest": 0, "calculatedOtherIncome": -60612000, "calculatedIncomeNonControlling": 5747000, "calculatedEbitda": 186668000}, {"date": "2000-12-31", "symbol": "AAP", "reportedCurrency": "USD", "cik": "0001158449", "fillingDate": "2000-12-31", "acceptedDate": "2000-12-30 19:00:00", "calendarYear": "2000", "period": "FY", "revenue": 2288022000, "costOfRevenue": 1392127000, "grossProfit": 895895000, "grossProfitRatio": 0.391558735, "researchAndDevelopmentExpenses": 0, "generalAndAdministrativeExpenses": 0, "sellingAndMarketingExpenses": 0, "sellingGeneralAndAdministrativeExpenses": 803106000, "otherExpenses": 0, "operatingExpenses": 803106000, "costAndExpenses": 2195233000, "interestIncome": 0, "interestExpense": 0, "depreciationAndAmortization": 80726000, "ebitda": 172503000, "ebitdaratio": 0.0753939429, "operatingIncome": 92789000, "operatingIncomeRatio": 0.0405542429, "totalOtherIncomeExpensesNet": 1012000, "incomeBeforeTax": 27161000, "incomeBeforeTaxRatio": 0.0118709523, "incomeTaxExpense": 10535000, "netIncome": 19559000, "netIncomeRatio": 0.0085484318, "eps": 0.23, "epsdiluted": 0.23, "weightedAverageShsOut": 84845196, "weightedAverageShsOutDil": 85789709, "link": "", "finalLink": "", "calculatedOtherExpenses": 0, "calculatedOperatingExpenses": 803106000, "calculatedNetInterest": 0, "calculatedOtherIncome": -65628000, "calculatedIncomeNonControlling": -2933000, "calculatedEbitda": 173515000}, {"date": "1999-12-31", "symbol": "AAP", "reportedCurrency": "USD", "cik": "0001158449", "fillingDate": "1999-12-31", "acceptedDate": "1999-12-30 19:00:00", "calendarYear": "1999", "period": "FY", "revenue": 2017425000, "costOfRevenue": 1225440000, "grossProfit": 791985000, "grossProfitRatio": 0.3925722146, "researchAndDevelopmentExpenses": 0, "generalAndAdministrativeExpenses": 0, "sellingAndMarketingExpenses": 0, "sellingGeneralAndAdministrativeExpenses": 721753000, "otherExpenses": 1082000, "operatingExpenses": 722835000, "costAndExpenses": 1948275000, "interestIncome": 0, "interestExpense": 0, "depreciationAndAmortization": 82068000, "ebitda": 110184000, "ebitdaratio": 0.0546161567, "operatingIncome": 28116000, "operatingIncomeRatio": 0.0139365776, "totalOtherIncomeExpensesNet": -41034000, "incomeBeforeTax": -12918000, "incomeBeforeTaxRatio": -0.006403212, "incomeTaxExpense": 12408000, "netIncome": -25326000, "netIncomeRatio": -0.0125536265, "eps": -0.3, "epsdiluted": -0.3, "weightedAverageShsOut": 84807000, "weightedAverageShsOutDil": 84807000, "link": "", "finalLink": "", "calculatedOtherExpenses": 42116000, "calculatedOperatingExpenses": 763869000, "calculatedNetInterest": 0, "calculatedOtherIncome": -41034000, "calculatedIncomeNonControlling": 0, "calculatedEbitda": 110184000}, {"date": "1998-12-31", "symbol": "AAP", "reportedCurrency": "USD", "cik": "0001158449", "fillingDate": "1998-12-31", "acceptedDate": "1998-12-30 19:00:00", "calendarYear": "1998", "period": "FY", "revenue": 1220759000, "costOfRevenue": 766198000, "grossProfit": 454561000, "grossProfitRatio": 0.3723593273, "researchAndDevelopmentExpenses": 0, "generalAndAdministrativeExpenses": 0, "sellingAndMarketingExpenses": 0, "sellingGeneralAndAdministrativeExpenses": 392353000, "otherExpenses": 22591000, "operatingExpenses": 414944000, "costAndExpenses": 1181142000, "interestIncome": 0, "interestExpense": 0, "depreciationAndAmortization": 15576000, "ebitda": 47405000, "ebitdaratio": 0.0388323985, "operatingIncome": 31829000, "operatingIncomeRatio": 0.0260731234, "totalOtherIncomeExpensesNet": -7788000, "incomeBeforeTax": -2266000, "incomeBeforeTaxRatio": -0.0018562222, "incomeTaxExpense": 26223000, "netIncome": -2182000, "netIncomeRatio": -0.0017874126, "eps": -0.0391, "epsdiluted": -0.0391, "weightedAverageShsOut": 55818000, "weightedAverageShsOutDil": 55818000, "link": "", "finalLink": "", "calculatedOtherExpenses": 30379000, "calculatedOperatingExpenses": 422732000, "calculatedNetInterest": 0, "calculatedOtherIncome": -34095000, "calculatedIncomeNonControlling": -26307000, "calculatedEbitda": 47405000}]}