{"originalCurrency": "USD", "convertedCurrency": "USD", "report": [{"date": "2023-12-31", "symbol": "AB", "reportedCurrency": "USD", "cik": "0000825313", "fillingDate": "2024-02-09", "acceptedDate": "2024-02-09 16:53:31", "calendarYear": "2023", "period": "FY", "revenue": 4262864000, "costOfRevenue": 1816007000, "grossProfit": 2446857000, "grossProfitRatio": 0.5739936812, "researchAndDevelopmentExpenses": 0, "generalAndAdministrativeExpenses": 581571000, "sellingAndMarketingExpenses": 215643000, "sellingGeneralAndAdministrativeExpenses": 797214000, "otherExpenses": 0, "operatingExpenses": 797214000, "costAndExpenses": 2613221000, "interestIncome": 0, "interestExpense": 107541000, "depreciationAndAmortization": 1043332, "ebitda": 817670000, "ebitdaratio": 0.191812359, "operatingIncome": 817670000, "operatingIncomeRatio": 0.191812359, "totalOtherIncomeExpensesNet": 299781000, "incomeBeforeTax": 299781000, "incomeBeforeTaxRatio": 0.070323848, "incomeTaxExpense": 35597000, "netIncome": 264184000, "netIncomeRatio": 0.0619733588, "eps": 2.34, "epsdiluted": 2.34, "weightedAverageShsOut": 112948000, "weightedAverageShsOutDil": 112948000, "link": "https://www.sec.gov/Archives/edgar/data/825313/000082531324000020/0000825313-24-000020-index.htm", "finalLink": "https://www.sec.gov/Archives/edgar/data/825313/000082531324000020/ab-20231231.htm", "calculatedOtherExpenses": 831973000, "calculatedOperatingExpenses": 1629187000, "calculatedNetInterest": -107541000, "calculatedOtherIncome": -410348000, "calculatedIncomeNonControlling": 0, "calculatedEbitda": 818713332}, {"date": "2022-12-31", "symbol": "AB", "reportedCurrency": "USD", "cik": "0000825313", "fillingDate": "2023-02-10", "acceptedDate": "2023-02-10 07:23:57", "calendarYear": "2022", "period": "FY", "revenue": 305504000, "costOfRevenue": 1693200000, "grossProfit": -1387696000, "grossProfitRatio": -4.5423169582, "researchAndDevelopmentExpenses": 0, "generalAndAdministrativeExpenses": 641635000, "sellingAndMarketingExpenses": 215556000, "sellingGeneralAndAdministrativeExpenses": 857191000, "otherExpenses": 688803000, "operatingExpenses": 1545994000, "costAndExpenses": 3239194000, "interestIncome": 0, "interestExpense": 66438000, "depreciationAndAmortization": 66617000, "ebitda": 1004507000, "ebitdaratio": 3.2880322353, "operatingIncome": 937890000, "operatingIncomeRatio": 3.0699761705, "totalOtherIncomeExpensesNet": -632386000, "incomeBeforeTax": 305504000, "incomeBeforeTaxRatio": 1, "incomeTaxExpense": 31339000, "netIncome": 274165000, "netIncomeRatio": 0.8974186917, "eps": 2.69, "epsdiluted": 2.69, "weightedAverageShsOut": 101763000, "weightedAverageShsOutDil": 101764000, "link": "https://www.sec.gov/Archives/edgar/data/825313/000082531323000011/0000825313-23-000011-index.htm", "finalLink": "https://www.sec.gov/Archives/edgar/data/825313/000082531323000011/ab-20221231.htm", "calculatedOtherExpenses": -3182777000, "calculatedOperatingExpenses": -2325586000, "calculatedNetInterest": -66438000, "calculatedOtherIncome": -565948000, "calculatedIncomeNonControlling": 0, "calculatedEbitda": 1004507000}, {"date": "2021-12-31", "symbol": "AB", "reportedCurrency": "USD", "cik": "0000825313", "fillingDate": "2022-02-11", "acceptedDate": "2022-02-11 07:30:03", "calendarYear": "2021", "period": "FY", "revenue": 416326000, "costOfRevenue": 1721710000, "grossProfit": -1305384000, "grossProfitRatio": -3.1354851727, "researchAndDevelopmentExpenses": 0, "generalAndAdministrativeExpenses": 555608000, "sellingAndMarketingExpenses": 197486000, "sellingGeneralAndAdministrativeExpenses": 753094000, "otherExpenses": 0, "operatingExpenses": 753094000, "costAndExpenses": 2474804000, "interestIncome": 0, "interestExpense": 3686000, "depreciationAndAmortization": 1259295, "ebitda": 416326000, "ebitdaratio": 1, "operatingIncome": 416326000, "operatingIncomeRatio": 1, "totalOtherIncomeExpensesNet": -67839000, "incomeBeforeTax": 416326000, "incomeBeforeTaxRatio": 1, "incomeTaxExpense": 30484000, "netIncome": 385843000, "netIncomeRatio": 0.9267809361, "eps": 3.88, "epsdiluted": 3.88, "weightedAverageShsOut": 99545000, "weightedAverageShsOutDil": 99556000, "link": "https://www.sec.gov/Archives/edgar/data/825313/000082531322000012/0000825313-22-000012-index.htm", "finalLink": "https://www.sec.gov/Archives/edgar/data/825313/000082531322000012/ab-20211231.htm", "calculatedOtherExpenses": -2474804000, "calculatedOperatingExpenses": -1721710000, "calculatedNetInterest": -3686000, "calculatedOtherIncome": 3686000, "calculatedIncomeNonControlling": -1000, "calculatedEbitda": 417585295}, {"date": "2020-12-31", "symbol": "AB", "reportedCurrency": "USD", "cik": "0000825313", "fillingDate": "2021-02-11", "acceptedDate": "2021-02-11 06:35:08", "calendarYear": "2020", "period": "FY", "revenue": 308404000, "costOfRevenue": 1521096000, "grossProfit": -1212692000, "grossProfitRatio": -3.932153928, "researchAndDevelopmentExpenses": 0, "generalAndAdministrativeExpenses": 485544000, "sellingAndMarketingExpenses": 189787000, "sellingGeneralAndAdministrativeExpenses": 675331000, "otherExpenses": 0, "operatingExpenses": 675331000, "costAndExpenses": 2196427000, "interestIncome": 0, "interestExpense": 15650000, "depreciationAndAmortization": 1056238, "ebitda": 308404000, "ebitdaratio": 1, "operatingIncome": 308404000, "operatingIncomeRatio": 1, "totalOtherIncomeExpensesNet": -41484000, "incomeBeforeTax": 308404000, "incomeBeforeTaxRatio": 1, "incomeTaxExpense": 29024000, "netIncome": 279380000, "netIncomeRatio": 0.9058896772, "eps": 2.88, "epsdiluted": 2.88, "weightedAverageShsOut": 96870000, "weightedAverageShsOutDil": 96897000, "link": "https://www.sec.gov/Archives/edgar/data/825313/000082531321000006/0000825313-21-000006-index.htm", "finalLink": "https://www.sec.gov/Archives/edgar/data/825313/000082531321000006/ab-20201231.htm", "calculatedOtherExpenses": -2196427000, "calculatedOperatingExpenses": -1521096000, "calculatedNetInterest": -15650000, "calculatedOtherIncome": 15650000, "calculatedIncomeNonControlling": 0, "calculatedEbitda": 309460238}, {"date": "2019-12-31", "symbol": "AB", "reportedCurrency": "USD", "cik": "0000825313", "fillingDate": "2020-02-12", "acceptedDate": "2020-02-12 06:24:52", "calendarYear": "2019", "period": "FY", "revenue": 266292000, "costOfRevenue": 1474866000, "grossProfit": -1208574000, "grossProfitRatio": -4.5385291334, "researchAndDevelopmentExpenses": 0, "generalAndAdministrativeExpenses": 484750000, "sellingAndMarketingExpenses": 219860000, "sellingGeneralAndAdministrativeExpenses": 704610000, "otherExpenses": 0, "operatingExpenses": 704610000, "costAndExpenses": 2179476000, "interestIncome": 0, "interestExpense": 57205000, "depreciationAndAmortization": 968986, "ebitda": 266292000, "ebitdaratio": 1, "operatingIncome": 266292000, "operatingIncomeRatio": 1, "totalOtherIncomeExpensesNet": -71395000, "incomeBeforeTax": 266292000, "incomeBeforeTaxRatio": 1, "incomeTaxExpense": 27729000, "netIncome": 238563000, "netIncomeRatio": 0.8958699473, "eps": 2.49, "epsdiluted": 2.49, "weightedAverageShsOut": 95884000, "weightedAverageShsOutDil": 95928000, "link": "https://www.sec.gov/Archives/edgar/data/825313/000082531320000012/0000825313-20-000012-index.htm", "finalLink": "https://www.sec.gov/Archives/edgar/data/825313/000082531320000012/ab-20191231x10k.htm", "calculatedOtherExpenses": -2179476000, "calculatedOperatingExpenses": -1474866000, "calculatedNetInterest": -57205000, "calculatedOtherIncome": 57205000, "calculatedIncomeNonControlling": 0, "calculatedEbitda": 267260986}, {"date": "2018-12-31", "symbol": "AB", "reportedCurrency": "USD", "cik": "0000825313", "fillingDate": "2019-02-13", "acceptedDate": "2019-02-13 07:17:51", "calendarYear": "2018", "period": "FY", "revenue": 270647000, "costOfRevenue": 1413752000, "grossProfit": -1143105000, "grossProfitRatio": -4.2236012223, "researchAndDevelopmentExpenses": 0, "generalAndAdministrativeExpenses": 448996000, "sellingAndMarketingExpenses": 222630000, "sellingGeneralAndAdministrativeExpenses": 671626000, "otherExpenses": 0, "operatingExpenses": 671626000, "costAndExpenses": 2085378000, "interestIncome": 0, "interestExpense": 52399000, "depreciationAndAmortization": 0, "ebitda": 270647000, "ebitdaratio": 1, "operatingIncome": 270647000, "operatingIncomeRatio": 1, "totalOtherIncomeExpensesNet": -67726000, "incomeBeforeTax": 270647000, "incomeBeforeTaxRatio": 1, "incomeTaxExpense": 28250000, "netIncome": 242397000, "netIncomeRatio": 0.8956204946, "eps": 2.5, "epsdiluted": 2.49, "weightedAverageShsOut": 97041000, "weightedAverageShsOutDil": 97292000, "link": "https://www.sec.gov/Archives/edgar/data/825313/000082531319000006/0000825313-19-000006-index.htm", "finalLink": "https://www.sec.gov/Archives/edgar/data/825313/000082531319000006/ab-20181231x10k.htm", "calculatedOtherExpenses": -2085378000, "calculatedOperatingExpenses": -1413752000, "calculatedNetInterest": -52399000, "calculatedOtherIncome": 52399000, "calculatedIncomeNonControlling": 0, "calculatedEbitda": 270647000}, {"date": "2017-12-31", "symbol": "AB", "reportedCurrency": "USD", "cik": "0000825313", "fillingDate": "2018-02-13", "acceptedDate": "2018-02-13 07:02:10", "calendarYear": "2017", "period": "FY", "revenue": 232393000, "costOfRevenue": 1378034000, "grossProfit": -1145641000, "grossProfitRatio": -4.9297569204, "researchAndDevelopmentExpenses": 0, "generalAndAdministrativeExpenses": 481488000, "sellingAndMarketingExpenses": 204392000, "sellingGeneralAndAdministrativeExpenses": 685880000, "otherExpenses": 0, "operatingExpenses": 685880000, "costAndExpenses": 2063914000, "interestIncome": 0, "interestExpense": 25165000, "depreciationAndAmortization": -541517000, "ebitda": 232393000, "ebitdaratio": 1, "operatingIncome": 773910000, "operatingIncomeRatio": 3.3301777592, "totalOtherIncomeExpensesNet": -111507000, "incomeBeforeTax": 232393000, "incomeBeforeTaxRatio": 1, "incomeTaxExpense": 24971000, "netIncome": 207422000, "netIncomeRatio": 0.8925483986, "eps": 2.19, "epsdiluted": 2.19, "weightedAverageShsOut": 94733000, "weightedAverageShsOutDil": 95163000, "link": "https://www.sec.gov/Archives/edgar/data/825313/000082531318000011/0000825313-18-000011-index.htm", "finalLink": "https://www.sec.gov/Archives/edgar/data/825313/000082531318000011/ab-20171231x10k.htm", "calculatedOtherExpenses": -2605431000, "calculatedOperatingExpenses": -1919551000, "calculatedNetInterest": -25165000, "calculatedOtherIncome": -516352000, "calculatedIncomeNonControlling": 0, "calculatedEbitda": 232393000}, {"date": "2016-12-31", "symbol": "AB", "reportedCurrency": "USD", "cik": "0000825313", "fillingDate": "2017-02-14", "acceptedDate": "2017-02-14 06:55:23", "calendarYear": "2016", "period": "FY", "revenue": 239389, "costOfRevenue": 1273736000, "grossProfit": -1273496611, "grossProfitRatio": -5319.7791502534, "researchAndDevelopmentExpenses": 0, "generalAndAdministrativeExpenses": 426147000, "sellingAndMarketingExpenses": 208538000, "sellingGeneralAndAdministrativeExpenses": 634685000, "otherExpenses": 0, "operatingExpenses": 634685000, "costAndExpenses": 1908421000, "interestIncome": 0, "interestExpense": 9123000, "depreciationAndAmortization": -483776000, "ebitda": 239389000, "ebitdaratio": 1000, "operatingIncome": 723165000, "operatingIncomeRatio": 3020.8781522961, "totalOtherIncomeExpensesNet": -49807000, "incomeBeforeTax": 239389, "incomeBeforeTaxRatio": 1, "incomeTaxExpense": 22803, "netIncome": 216586, "netIncomeRatio": 0.9047449966, "eps": 2.24, "epsdiluted": 2.23, "weightedAverageShsOut": 96834000, "weightedAverageShsOutDil": 97388000, "link": "https://www.sec.gov/Archives/edgar/data/825313/000082531317000008/0000825313-17-000008-index.htm", "finalLink": "https://www.sec.gov/Archives/edgar/data/825313/000082531317000008/ab-20161231x10k.htm", "calculatedOtherExpenses": -2631346611, "calculatedOperatingExpenses": -1996661611, "calculatedNetInterest": -9123000, "calculatedOtherIncome": -713802611, "calculatedIncomeNonControlling": 0, "calculatedEbitda": 239389000}, {"date": "2015-12-31", "symbol": "AB", "reportedCurrency": "USD", "cik": "0000825313", "fillingDate": "2016-02-11", "acceptedDate": "2016-02-11 06:50:23", "calendarYear": "2015", "period": "FY", "revenue": 212498, "costOfRevenue": 1294722000, "grossProfit": -1294509502, "grossProfitRatio": -6091.866756393, "researchAndDevelopmentExpenses": 0, "generalAndAdministrativeExpenses": 431635000, "sellingAndMarketingExpenses": 0, "sellingGeneralAndAdministrativeExpenses": 431635000, "otherExpenses": 0, "operatingExpenses": 431635000, "costAndExpenses": 1726357000, "interestIncome": 0, "interestExpense": 3321000, "depreciationAndAmortization": -418601000, "ebitda": 212498000, "ebitdaratio": 1000, "operatingIncome": 631099000, "operatingIncomeRatio": 2969.9055991115, "totalOtherIncomeExpensesNet": -44497000, "incomeBeforeTax": 212498, "incomeBeforeTaxRatio": 1, "incomeTaxExpense": 24320, "netIncome": 188178, "netIncomeRatio": 0.885551864, "eps": 1.87, "epsdiluted": 1.86, "weightedAverageShsOut": 99475000, "weightedAverageShsOutDil": 100512000, "link": "https://www.sec.gov/Archives/edgar/data/825313/000082531316000046/0000825313-16-000046-index.htm", "finalLink": "https://www.sec.gov/Archives/edgar/data/825313/000082531316000046/ab-20151231x10k.htm", "calculatedOtherExpenses": -2357243502, "calculatedOperatingExpenses": -1925608502, "calculatedNetInterest": -3321000, "calculatedOtherIncome": -627565502, "calculatedIncomeNonControlling": 0, "calculatedEbitda": 212498000}, {"date": "2014-12-31", "symbol": "AB", "reportedCurrency": "USD", "cik": "0000825313", "fillingDate": "2015-02-12", "acceptedDate": "2015-02-12 07:14:17", "calendarYear": "2014", "period": "FY", "revenue": 203277000, "costOfRevenue": 1290632000, "grossProfit": -1087355000, "grossProfitRatio": -5.3491295129, "researchAndDevelopmentExpenses": 0, "generalAndAdministrativeExpenses": 426960000, "sellingAndMarketingExpenses": 0, "sellingGeneralAndAdministrativeExpenses": 426960000, "otherExpenses": 0, "operatingExpenses": 426960000, "costAndExpenses": 1717592000, "interestIncome": 0, "interestExpense": 2426000, "depreciationAndAmortization": -405344000, "ebitda": 203277000, "ebitdaratio": 1, "operatingIncome": 608621000, "operatingIncomeRatio": 2.9940475312, "totalOtherIncomeExpensesNet": -405344000, "incomeBeforeTax": 203277000, "incomeBeforeTaxRatio": 1, "incomeTaxExpense": 22463000, "netIncome": 180814000, "netIncomeRatio": 0.8894956144, "eps": 1.84, "epsdiluted": 1.84, "weightedAverageShsOut": 96802000, "weightedAverageShsOutDil": 97950000, "link": "https://www.sec.gov/Archives/edgar/data/825313/000114036115005663/0001140361-15-005663-index.htm", "finalLink": "https://www.sec.gov/Archives/edgar/data/825313/000114036115005663/form10k.htm", "calculatedOtherExpenses": -2122936000, "calculatedOperatingExpenses": -1695976000, "calculatedNetInterest": -2426000, "calculatedOtherIncome": -402918000, "calculatedIncomeNonControlling": 0, "calculatedEbitda": 203277000}, {"date": "2013-12-31", "symbol": "AB", "reportedCurrency": "USD", "cik": "0000825313", "fillingDate": "2014-02-12", "acceptedDate": "2014-02-12 07:18:17", "calendarYear": "2013", "period": "FY", "revenue": 185912000, "costOfRevenue": 1262294000, "grossProfit": -1076382000, "grossProfitRatio": -5.7897392315, "researchAndDevelopmentExpenses": 0, "generalAndAdministrativeExpenses": 423043000, "sellingAndMarketingExpenses": 0, "sellingGeneralAndAdministrativeExpenses": 423043000, "otherExpenses": 0, "operatingExpenses": 423043000, "costAndExpenses": 1685337000, "interestIncome": 0, "interestExpense": 2924000, "depreciationAndAmortization": -378339000, "ebitda": 185912000, "ebitdaratio": 1, "operatingIncome": 564251000, "operatingIncomeRatio": 3.0350434614, "totalOtherIncomeExpensesNet": -378339000, "incomeBeforeTax": 185912000, "incomeBeforeTaxRatio": 1, "incomeTaxExpense": 20410000, "netIncome": 165502000, "netIncomeRatio": 0.8902168768, "eps": 1.72, "epsdiluted": 1.71, "weightedAverageShsOut": 96461000, "weightedAverageShsOutDil": 97422000, "link": "https://www.sec.gov/Archives/edgar/data/825313/000114036114006056/0001140361-14-006056-index.htm", "finalLink": "https://www.sec.gov/Archives/edgar/data/825313/000114036114006056/form10k.htm", "calculatedOtherExpenses": -2063676000, "calculatedOperatingExpenses": -1640633000, "calculatedNetInterest": -2924000, "calculatedOtherIncome": -375415000, "calculatedIncomeNonControlling": 0, "calculatedEbitda": 185912000}, {"date": "2012-12-31", "symbol": "AB", "reportedCurrency": "USD", "cik": "0000825313", "fillingDate": "2013-02-12", "acceptedDate": "2013-02-12 07:01:07", "calendarYear": "2012", "period": "FY", "revenue": 70807000, "costOfRevenue": 1413036000, "grossProfit": -1342229000, "grossProfitRatio": -18.9561625263, "researchAndDevelopmentExpenses": 0, "generalAndAdministrativeExpenses": 508364000, "sellingAndMarketingExpenses": 0, "sellingGeneralAndAdministrativeExpenses": 508364000, "otherExpenses": 0, "operatingExpenses": 508364000, "costAndExpenses": 1921400000, "interestIncome": 0, "interestExpense": 3222000, "depreciationAndAmortization": -131558000, "ebitda": 70807000, "ebitdaratio": 1, "operatingIncome": 202365000, "operatingIncomeRatio": 2.8579801432, "totalOtherIncomeExpensesNet": -131558000, "incomeBeforeTax": 70807000, "incomeBeforeTaxRatio": 1, "incomeTaxExpense": 19722000, "netIncome": 51085000, "netIncomeRatio": 0.7214682164, "eps": 0.51, "epsdiluted": 0.51, "weightedAverageShsOut": 101067000, "weightedAverageShsOutDil": 101068000, "link": "https://www.sec.gov/Archives/edgar/data/825313/000114036113005892/0001140361-13-005892-index.htm", "finalLink": "https://www.sec.gov/Archives/edgar/data/825313/000114036113005892/form10k.htm", "calculatedOtherExpenses": -2052958000, "calculatedOperatingExpenses": -1544594000, "calculatedNetInterest": -3222000, "calculatedOtherIncome": -128336000, "calculatedIncomeNonControlling": 0, "calculatedEbitda": 70807000}, {"date": "2011-12-31", "symbol": "AB", "reportedCurrency": "USD", "cik": "0000825313", "fillingDate": "2012-02-10", "acceptedDate": "2012-02-10 07:26:09", "calendarYear": "2011", "period": "FY", "revenue": 2752441000, "costOfRevenue": 1277149000, "grossProfit": 1475292000, "grossProfitRatio": 0.5359940504, "researchAndDevelopmentExpenses": 0, "generalAndAdministrativeExpenses": 533578000, "sellingAndMarketingExpenses": 0, "sellingGeneralAndAdministrativeExpenses": 533578000, "otherExpenses": 0, "operatingExpenses": 533578000, "costAndExpenses": 1810727000, "interestIncome": 0, "interestExpense": 2550000, "depreciationAndAmortization": 142888000, "ebitda": -65581000, "ebitdaratio": -0.0238264871, "operatingIncome": -208469000, "operatingIncomeRatio": -0.0757396798, "totalOtherIncomeExpensesNet": 142888000, "incomeBeforeTax": -65581000, "incomeBeforeTaxRatio": -0.0238264871, "incomeTaxExpense": 27687000, "netIncome": -93268000, "netIncomeRatio": -0.0338855583, "eps": -0.9, "epsdiluted": -0.9, "weightedAverageShsOut": 103288000, "weightedAverageShsOutDil": 103288000, "link": "https://www.sec.gov/Archives/edgar/data/825313/000114036112006703/0001140361-12-006703-index.htm", "finalLink": "https://www.sec.gov/Archives/edgar/data/825313/000114036112006703/form10k.htm", "calculatedOtherExpenses": 1150183000, "calculatedOperatingExpenses": 1683761000, "calculatedNetInterest": -2550000, "calculatedOtherIncome": 145438000, "calculatedIncomeNonControlling": 0, "calculatedEbitda": -65581000}, {"date": "2010-12-31", "symbol": "AB", "reportedCurrency": "USD", "cik": "0000825313", "fillingDate": "2011-02-10", "acceptedDate": "2011-02-10 16:40:40", "calendarYear": "2010", "period": "FY", "revenue": 2952105000, "costOfRevenue": 1445564000, "grossProfit": 1506541000, "grossProfitRatio": 0.5103277153, "researchAndDevelopmentExpenses": 0, "generalAndAdministrativeExpenses": 515884000, "sellingAndMarketingExpenses": 0, "sellingGeneralAndAdministrativeExpenses": 515884000, "otherExpenses": 0, "operatingExpenses": 515884000, "costAndExpenses": 1961448000, "interestIncome": 0, "interestExpense": 3548000, "depreciationAndAmortization": -296645000, "ebitda": 162217000, "ebitdaratio": 0.0549496038, "operatingIncome": 458862000, "operatingIncomeRatio": 0.1554355282, "totalOtherIncomeExpensesNet": 6760000, "incomeBeforeTax": 162217000, "incomeBeforeTaxRatio": 0.0549496038, "incomeTaxExpense": 28059000, "netIncome": 134158000, "netIncomeRatio": 0.0454448605, "eps": 1.33, "epsdiluted": 1.32, "weightedAverageShsOut": 101162000, "weightedAverageShsOutDil": 102801000, "link": "https://www.sec.gov/Archives/edgar/data/825313/000114036111007854/0001140361-11-007854-index.htm", "finalLink": "https://www.sec.gov/Archives/edgar/data/825313/000114036111007854/form10k.htm", "calculatedOtherExpenses": 531795000, "calculatedOperatingExpenses": 1047679000, "calculatedNetInterest": -3548000, "calculatedOtherIncome": -293097000, "calculatedIncomeNonControlling": 0, "calculatedEbitda": 162217000}, {"date": "2009-12-31", "symbol": "AB", "reportedCurrency": "USD", "cik": "0000825313", "fillingDate": "2010-02-11", "acceptedDate": "2010-02-11 17:08:37", "calendarYear": "2009", "period": "FY", "revenue": 2793393000, "costOfRevenue": 1319179000, "grossProfit": 1474214000, "grossProfitRatio": 0.5277503022, "researchAndDevelopmentExpenses": 0, "generalAndAdministrativeExpenses": 1856414000, "sellingAndMarketingExpenses": 380893000, "sellingGeneralAndAdministrativeExpenses": 2237307000, "otherExpenses": -144447000, "operatingExpenses": 558361000, "costAndExpenses": 1877540000, "interestIncome": 26730000, "interestExpense": 7107000, "depreciationAndAmortization": 21126000, "ebitda": 220746000, "ebitdaratio": 0.0790243263, "operatingIncome": 590828000, "operatingIncomeRatio": 0.2115090859, "totalOtherIncomeExpensesNet": 33657000, "incomeBeforeTax": 624485000, "incomeBeforeTaxRatio": 0.2235578739, "incomeTaxExpense": 45977000, "netIncome": 556127000, "netIncomeRatio": 0.1990865589, "eps": 1.8, "epsdiluted": 1.8, "weightedAverageShsOut": 92906000, "weightedAverageShsOutDil": 93150000, "link": "https://www.sec.gov/Archives/edgar/data/825313/000114036110005696/0001140361-10-005696-index.htm", "finalLink": "https://www.sec.gov/Archives/edgar/data/825313/000114036110005696/form10k.htm", "calculatedOtherExpenses": -1353921000, "calculatedOperatingExpenses": 883386000, "calculatedNetInterest": 19623000, "calculatedOtherIncome": 14034000, "calculatedIncomeNonControlling": 22381000, "calculatedEbitda": 611954000}, {"date": "2008-12-31", "symbol": "AB", "reportedCurrency": "USD", "cik": "0000825313", "fillingDate": "2009-02-23", "acceptedDate": "2009-02-20 19:21:09", "calendarYear": "2008", "period": "FY", "revenue": 3550683000, "costOfRevenue": 1475407000, "grossProfit": 2075276000, "grossProfitRatio": 0.5844723395, "researchAndDevelopmentExpenses": 0, "generalAndAdministrativeExpenses": 539198000, "sellingAndMarketingExpenses": 0, "sellingGeneralAndAdministrativeExpenses": 539198000, "otherExpenses": 0, "operatingExpenses": 539198000, "costAndExpenses": 2014605000, "interestIncome": 0, "interestExpense": 36524000, "depreciationAndAmortization": -646865000, "ebitda": 278636000, "ebitdaratio": 0.0784739161, "operatingIncome": 925501000, "operatingIncomeRatio": 0.2606543586, "totalOtherIncomeExpensesNet": -86261000, "incomeBeforeTax": 278636000, "incomeBeforeTaxRatio": 0.0784739161, "incomeTaxExpense": 33910000, "netIncome": 244726000, "netIncomeRatio": 0.0689236409, "eps": 2.79, "epsdiluted": 2.79, "weightedAverageShsOut": 87571000, "weightedAverageShsOutDil": 88102000, "link": "https://www.sec.gov/Archives/edgar/data/825313/000114036109004725/0001140361-09-004725-index.htm", "finalLink": "https://www.sec.gov/Archives/edgar/data/825313/000114036109004725/form10-k.htm", "calculatedOtherExpenses": 610577000, "calculatedOperatingExpenses": 1149775000, "calculatedNetInterest": -36524000, "calculatedOtherIncome": -610341000, "calculatedIncomeNonControlling": 0, "calculatedEbitda": 278636000}, {"date": "2007-12-31", "symbol": "AB", "reportedCurrency": "USD", "cik": "0000825313", "fillingDate": "2008-02-25", "acceptedDate": "2008-02-22 21:39:34", "calendarYear": "2007", "period": "FY", "revenue": 4719749000, "costOfRevenue": 1854512000, "grossProfit": 2865237000, "grossProfitRatio": 0.6070740202, "researchAndDevelopmentExpenses": 0, "generalAndAdministrativeExpenses": 591221000, "sellingAndMarketingExpenses": 0, "sellingGeneralAndAdministrativeExpenses": 591221000, "otherExpenses": 0, "operatingExpenses": 591221000, "costAndExpenses": 2445733000, "interestIncome": 0, "interestExpense": 194432000, "depreciationAndAmortization": -957277000, "ebitda": 415256000, "ebitdaratio": 0.0879826448, "operatingIncome": 1372533000, "operatingIncomeRatio": 0.2908063543, "totalOtherIncomeExpensesNet": 15756000, "incomeBeforeTax": 415256000, "incomeBeforeTaxRatio": 0.0879826448, "incomeTaxExpense": 39104000, "netIncome": 376152000, "netIncomeRatio": 0.0796974585, "eps": 4.35, "epsdiluted": 4.32, "weightedAverageShsOut": 86460000, "weightedAverageShsOutDil": 88267000, "link": "https://www.sec.gov/Archives/edgar/data/825313/000114036108004917/0001140361-08-004917-index.htm", "finalLink": "https://www.sec.gov/Archives/edgar/data/825313/000114036108004917/form10-k.htm", "calculatedOtherExpenses": 901483000, "calculatedOperatingExpenses": 1492704000, "calculatedNetInterest": -194432000, "calculatedOtherIncome": -762845000, "calculatedIncomeNonControlling": 0, "calculatedEbitda": 415256000}, {"date": "2006-12-31", "symbol": "AB", "reportedCurrency": "USD", "cik": "0000825313", "fillingDate": "2007-02-28", "acceptedDate": "2007-02-27 21:00:19", "calendarYear": "2006", "period": "FY", "revenue": 4138240000, "costOfRevenue": 1568337000, "grossProfit": 2569903000, "grossProfitRatio": 0.6210135227, "researchAndDevelopmentExpenses": 0, "generalAndAdministrativeExpenses": 583296000, "sellingAndMarketingExpenses": 0, "sellingGeneralAndAdministrativeExpenses": 583296000, "otherExpenses": 0, "operatingExpenses": 583296000, "costAndExpenses": 2151633000, "interestIncome": 0, "interestExpense": 187833000, "depreciationAndAmortization": -803981000, "ebitda": 359469000, "ebitdaratio": 0.0868651891, "operatingIncome": 1163450000, "operatingIncomeRatio": 0.2811460911, "totalOtherIncomeExpensesNet": 20196000, "incomeBeforeTax": 359469000, "incomeBeforeTaxRatio": 0.0868651891, "incomeTaxExpense": 34473000, "netIncome": 324996000, "netIncomeRatio": 0.0785348361, "eps": 3.85, "epsdiluted": 3.82, "weightedAverageShsOut": 84325000, "weightedAverageShsOutDil": 86568000, "link": "https://www.sec.gov/Archives/edgar/data/825313/000114036107004463/0001140361-07-004463-index.htm", "finalLink": "https://www.sec.gov/Archives/edgar/data/825313/000114036107004463/form10k.htm", "calculatedOtherExpenses": 823157000, "calculatedOperatingExpenses": 1406453000, "calculatedNetInterest": -187833000, "calculatedOtherIncome": -616148000, "calculatedIncomeNonControlling": 0, "calculatedEbitda": 359469000}, {"date": "2005-12-31", "symbol": "AB", "reportedCurrency": "USD", "cik": "0000825313", "fillingDate": "2006-02-24", "acceptedDate": "2006-02-24 16:22:21", "calendarYear": "2005", "period": "FY", "revenue": 141374000, "costOfRevenue": 1263456000, "grossProfit": -1122082000, "grossProfitRatio": -7.9369756815, "researchAndDevelopmentExpenses": 0, "generalAndAdministrativeExpenses": 386590000, "sellingAndMarketingExpenses": 0, "sellingGeneralAndAdministrativeExpenses": 386590000, "otherExpenses": 0, "operatingExpenses": 386590000, "costAndExpenses": 1650046000, "interestIncome": 0, "interestExpense": 0, "depreciationAndAmortization": 1783726000, "ebitda": 275054000, "ebitdaratio": 1.9455769802, "operatingIncome": -1508672000, "operatingIncomeRatio": -10.6714954659, "totalOtherIncomeExpensesNet": 2441561000, "incomeBeforeTax": 275054000, "incomeBeforeTaxRatio": 1.9455769802, "incomeTaxExpense": 26990000, "netIncome": 248064000, "netIncomeRatio": 1.7546649313, "eps": 3.04, "epsdiluted": 3.02, "weightedAverageShsOut": 81489000, "weightedAverageShsOutDil": 83203000, "link": "https://www.sec.gov/Archives/edgar/data/825313/000110465906011930/0001104659-06-011930-index.htm", "finalLink": "https://www.sec.gov/Archives/edgar/data/825313/000110465906011930/a06-1959_110k.htm", "calculatedOtherExpenses": 0, "calculatedOperatingExpenses": 386590000, "calculatedNetInterest": 0, "calculatedOtherIncome": 1783726000, "calculatedIncomeNonControlling": 0, "calculatedEbitda": 275054000}, {"date": "2004-12-31", "symbol": "AB", "reportedCurrency": "USD", "cik": "0000825313", "fillingDate": "2005-03-15", "acceptedDate": "2005-03-15 08:44:34", "calendarYear": "2004", "period": "FY", "revenue": 75211000, "costOfRevenue": 1105863000, "grossProfit": -1030652000, "grossProfitRatio": -13.7034742258, "researchAndDevelopmentExpenses": 0, "generalAndAdministrativeExpenses": 426389000, "sellingAndMarketingExpenses": 0, "sellingGeneralAndAdministrativeExpenses": 426389000, "otherExpenses": 0, "operatingExpenses": 426389000, "costAndExpenses": 1532252000, "interestIncome": 0, "interestExpense": 0, "depreciationAndAmortization": 1677012000, "ebitda": 219971000, "ebitdaratio": 2.9247184587, "operatingIncome": -1457041000, "operatingIncomeRatio": -19.3727114385, "totalOtherIncomeExpensesNet": 2202123000, "incomeBeforeTax": 219971000, "incomeBeforeTaxRatio": 2.9247184587, "incomeTaxExpense": 24798000, "netIncome": 195173000, "netIncomeRatio": 2.5950060496, "eps": 2.45, "epsdiluted": 2.43, "weightedAverageShsOut": 79727000, "weightedAverageShsOutDil": 81371000, "link": "https://www.sec.gov/Archives/edgar/data/825313/000110465905010988/0001104659-05-010988-index.htm", "finalLink": "https://www.sec.gov/Archives/edgar/data/825313/000110465905010988/a05-4728_110k.htm", "calculatedOtherExpenses": 0, "calculatedOperatingExpenses": 426389000, "calculatedNetInterest": 0, "calculatedOtherIncome": 1677012000, "calculatedIncomeNonControlling": 0, "calculatedEbitda": 219971000}, {"date": "2003-12-31", "symbol": "AB", "reportedCurrency": "USD", "cik": "0000825313", "fillingDate": "2004-03-10", "acceptedDate": "2004-03-10 11:31:16", "calendarYear": "2003", "period": "FY", "revenue": 52241000, "costOfRevenue": 914529000, "grossProfit": -862288000, "grossProfitRatio": -16.5059627496, "researchAndDevelopmentExpenses": 0, "generalAndAdministrativeExpenses": 339706000, "sellingAndMarketingExpenses": 0, "sellingGeneralAndAdministrativeExpenses": 339706000, "otherExpenses": 0, "operatingExpenses": 339706000, "costAndExpenses": 1254235000, "interestIncome": 0, "interestExpense": 0, "depreciationAndAmortization": 1302418000, "ebitda": 100424000, "ebitdaratio": 1.9223215482, "operatingIncome": -1201994000, "operatingIncomeRatio": -23.008633066, "totalOtherIncomeExpensesNet": 1560482000, "incomeBeforeTax": 100424000, "incomeBeforeTaxRatio": 1.9223215482, "incomeTaxExpense": 21819000, "netIncome": 78605000, "netIncomeRatio": 1.5046610899, "eps": 1.02, "epsdiluted": 1.01, "weightedAverageShsOut": 77245000, "weightedAverageShsOutDil": 79636000, "link": "https://www.sec.gov/Archives/edgar/data/825313/000104746904007255/0001047469-04-007255-index.htm", "finalLink": "https://www.sec.gov/Archives/edgar/data/825313/000104746904007255/a2128266z10-k.htm", "calculatedOtherExpenses": 0, "calculatedOperatingExpenses": 339706000, "calculatedNetInterest": 0, "calculatedOtherIncome": 1302418000, "calculatedIncomeNonControlling": 0, "calculatedEbitda": 100424000}, {"date": "2002-12-31", "symbol": "AB", "reportedCurrency": "USD", "cik": "0000825313", "fillingDate": "2003-03-27", "acceptedDate": "2003-03-27 12:19:36", "calendarYear": "2002", "period": "FY", "revenue": 30604000, "costOfRevenue": 907075000, "grossProfit": -876471000, "grossProfitRatio": -28.6390994641, "researchAndDevelopmentExpenses": 0, "generalAndAdministrativeExpenses": 329059000, "sellingAndMarketingExpenses": 5700, "sellingGeneralAndAdministrativeExpenses": 329064700, "otherExpenses": 0, "operatingExpenses": 329064700, "costAndExpenses": 1236139700, "interestIncome": 0, "interestExpense": 0, "depreciationAndAmortization": -447983000, "ebitda": 183695000, "ebitdaratio": 6.0023199582, "operatingIncome": 631678000, "operatingIncomeRatio": 20.6403738073, "totalOtherIncomeExpensesNet": 11455000, "incomeBeforeTax": 183695000, "incomeBeforeTaxRatio": 6.0023199582, "incomeTaxExpense": 21653000, "netIncome": 162042000, "netIncomeRatio": 5.2947980656, "eps": 2.14, "epsdiluted": 2.11, "weightedAverageShsOut": 75854000, "weightedAverageShsOutDil": 79605000, "link": "https://www.sec.gov/Archives/edgar/data/825313/000110465903005082/0001104659-03-005082-index.htm", "finalLink": "https://www.sec.gov/Archives/edgar/data/825313/000110465903005082/j8697_10k.htm", "calculatedOtherExpenses": -1837213700, "calculatedOperatingExpenses": -1508149000, "calculatedNetInterest": 0, "calculatedOtherIncome": -447983000, "calculatedIncomeNonControlling": 0, "calculatedEbitda": 183695000}, {"date": "2001-12-31", "symbol": "AB", "reportedCurrency": "USD", "cik": "0000825313", "fillingDate": "2002-03-28", "acceptedDate": "2002-03-28 00:00:00", "calendarYear": "2001", "period": "FY", "revenue": 7243000000, "costOfRevenue": 0, "grossProfit": 7243000000, "grossProfitRatio": 1, "researchAndDevelopmentExpenses": 0, "generalAndAdministrativeExpenses": 0, "sellingAndMarketingExpenses": 0, "sellingGeneralAndAdministrativeExpenses": 0, "otherExpenses": -7060980000, "operatingExpenses": -7060980000, "costAndExpenses": -7060980000, "interestIncome": 0, "interestExpense": 0, "depreciationAndAmortization": 0, "ebitda": 182020000, "ebitdaratio": 0.0251304708, "operatingIncome": 182020000, "operatingIncomeRatio": 0.0251304708, "totalOtherIncomeExpensesNet": 0, "incomeBeforeTax": 182020000, "incomeBeforeTaxRatio": 0.0251304708, "incomeTaxExpense": 22729000, "netIncome": 159291000, "netIncomeRatio": 0.0219924065, "eps": 2.15, "epsdiluted": 2.1, "weightedAverageShsOut": 74184000, "weightedAverageShsOutDil": 80074000, "link": "https://www.sec.gov/Archives/edgar/data/825313/000110465902001048/0001104659-02-001048-index.htm", "finalLink": "https://www.sec.gov/Archives/edgar/data/825313/000110465902001048/j3006_10k.htm", "calculatedOtherExpenses": 7060980000, "calculatedOperatingExpenses": 7060980000, "calculatedNetInterest": 0, "calculatedOtherIncome": 0, "calculatedIncomeNonControlling": 0, "calculatedEbitda": 182020000}, {"date": "2000-12-31", "symbol": "AB", "reportedCurrency": "USD", "cik": "0000825313", "fillingDate": "2001-04-02", "acceptedDate": "2001-04-02 00:00:00", "calendarYear": "2000", "period": "FY", "revenue": 244922000, "costOfRevenue": 698136000, "grossProfit": -453214000, "grossProfitRatio": -1.8504421816, "researchAndDevelopmentExpenses": 0, "generalAndAdministrativeExpenses": 226710000, "sellingAndMarketingExpenses": 0, "sellingGeneralAndAdministrativeExpenses": 226710000, "otherExpenses": 0, "operatingExpenses": 226710000, "costAndExpenses": 924846000, "interestIncome": 0, "interestExpense": 0, "depreciationAndAmortization": -469300000, "ebitda": 244922000, "ebitdaratio": 1, "operatingIncome": 714222000, "operatingIncomeRatio": 2.9161202342, "totalOtherIncomeExpensesNet": -4877000, "incomeBeforeTax": 244922000, "incomeBeforeTaxRatio": 1, "incomeTaxExpense": 20952000, "netIncome": 223970000, "netIncomeRatio": 0.9144543977, "eps": 3.1, "epsdiluted": 2.93, "weightedAverageShsOut": 72286000, "weightedAverageShsOutDil": 79030000, "link": "https://www.sec.gov/Archives/edgar/data/825313/000110465901500264/0001104659-01-500264-index.htm", "finalLink": "https://www.sec.gov/Archives/edgar/data/825313/000110465901500264/j0172-10k.htm", "calculatedOtherExpenses": -1394146000, "calculatedOperatingExpenses": -1167436000, "calculatedNetInterest": 0, "calculatedOtherIncome": -469300000, "calculatedIncomeNonControlling": 0, "calculatedEbitda": 244922000}, {"date": "1999-12-31", "symbol": "AB", "reportedCurrency": "USD", "cik": "0000825313", "fillingDate": "2000-03-28", "acceptedDate": "2000-03-28 00:00:00", "calendarYear": "1999", "period": "FY", "revenue": 1474426000, "costOfRevenue": 0, "grossProfit": 1474426000, "grossProfitRatio": 1, "researchAndDevelopmentExpenses": 0, "generalAndAdministrativeExpenses": 522164000, "sellingAndMarketingExpenses": 502567000, "sellingGeneralAndAdministrativeExpenses": 1024731000, "otherExpenses": -2035944000, "operatingExpenses": -1011213000, "costAndExpenses": -1011213000, "interestIncome": 0, "interestExpense": 16729000, "depreciationAndAmortization": 152635000, "ebitda": 615848000, "ebitdaratio": 0.4176866116, "operatingIncome": 463213000, "operatingIncomeRatio": 0.31416497, "totalOtherIncomeExpensesNet": -16729000, "incomeBeforeTax": 446484000, "incomeBeforeTaxRatio": 0.3028188597, "incomeTaxExpense": 63642000, "netIncome": 382842000, "netIncomeRatio": 0.2596549437, "eps": 2.61, "epsdiluted": 2.53, "weightedAverageShsOut": 146666667, "weightedAverageShsOutDil": 151304348, "link": "https://www.sec.gov/Archives/edgar/data/825313/000110465900000076/0001104659-00-000076-index.html", "finalLink": "https://www.sec.gov/Archives/edgar/data/825313/000110465900000076/", "calculatedOtherExpenses": -13518000, "calculatedOperatingExpenses": 1011213000, "calculatedNetInterest": -16729000, "calculatedOtherIncome": 0, "calculatedIncomeNonControlling": 0, "calculatedEbitda": 615848000}, {"date": "1998-12-31", "symbol": "AB", "reportedCurrency": "USD", "cik": "0000825313", "fillingDate": "1999-03-30", "acceptedDate": "1999-03-30 00:00:00", "calendarYear": "1998", "period": "FY", "revenue": 1316470000, "costOfRevenue": 0, "grossProfit": 1316470000, "grossProfitRatio": 1, "researchAndDevelopmentExpenses": 0, "generalAndAdministrativeExpenses": 503246000, "sellingAndMarketingExpenses": 460340000, "sellingGeneralAndAdministrativeExpenses": 963586000, "otherExpenses": -1923758000, "operatingExpenses": -960172000, "costAndExpenses": -960172000, "interestIncome": 0, "interestExpense": 7586000, "depreciationAndAmortization": 129374000, "ebitda": 485672000, "ebitdaratio": 0.3689199146, "operatingIncome": 356298000, "operatingIncomeRatio": 0.2706465016, "totalOtherIncomeExpensesNet": -7586000, "incomeBeforeTax": 348712000, "incomeBeforeTaxRatio": 0.2648841219, "incomeTaxExpense": 55796000, "netIncome": 292916000, "netIncomeRatio": 0.2225010824, "eps": 1.71, "epsdiluted": 1.66, "weightedAverageShsOut": 171295906, "weightedAverageShsOutDil": 176455422, "link": "https://www.sec.gov/Archives/edgar/data/825313/000104746999012489/0001047469-99-012489-index.html", "finalLink": "https://www.sec.gov/Archives/edgar/data/825313/", "calculatedOtherExpenses": -3414000, "calculatedOperatingExpenses": 960172000, "calculatedNetInterest": -7586000, "calculatedOtherIncome": 0, "calculatedIncomeNonControlling": 0, "calculatedEbitda": 485672000}, {"date": "1997-12-31", "symbol": "AB", "reportedCurrency": "USD", "cik": "0000825313", "fillingDate": "1998-03-30", "acceptedDate": "1998-03-30 00:00:00", "calendarYear": "1997", "period": "FY", "revenue": 972368000, "costOfRevenue": 0, "grossProfit": 972368000, "grossProfitRatio": 1, "researchAndDevelopmentExpenses": 0, "generalAndAdministrativeExpenses": 384534000, "sellingAndMarketingExpenses": 312166000, "sellingGeneralAndAdministrativeExpenses": 696700000, "otherExpenses": -1518338000, "operatingExpenses": -821638000, "costAndExpenses": -821638000, "interestIncome": 0, "interestExpense": 2968000, "depreciationAndAmortization": 92773000, "ebitda": 243503000, "ebitdaratio": 0.2504226795, "operatingIncome": 150730000, "operatingIncomeRatio": 0.1550133283, "totalOtherIncomeExpensesNet": -2968000, "incomeBeforeTax": 147762000, "incomeBeforeTaxRatio": 0.151960986, "incomeTaxExpense": 18806000, "netIncome": 128956000, "netIncomeRatio": 0.1326205716, "eps": 0.76, "epsdiluted": 0.74, "weightedAverageShsOut": 169736842, "weightedAverageShsOutDil": 174324324, "link": "https://www.sec.gov/Archives/edgar/data/825313/000104746998012547/0001047469-98-012547-index.html", "finalLink": "https://www.sec.gov/Archives/edgar/data/825313/", "calculatedOtherExpenses": 124938000, "calculatedOperatingExpenses": 821638000, "calculatedNetInterest": -2968000, "calculatedOtherIncome": 0, "calculatedIncomeNonControlling": 0, "calculatedEbitda": 243503000}, {"date": "1996-12-31", "symbol": "AB", "reportedCurrency": "USD", "cik": "0000825313", "fillingDate": "1997-03-27", "acceptedDate": "1997-03-26 17:47:00", "calendarYear": "1996", "period": "FY", "revenue": 786594000, "costOfRevenue": 0, "grossProfit": 786594000, "grossProfitRatio": 1, "researchAndDevelopmentExpenses": 0, "generalAndAdministrativeExpenses": 315597000, "sellingAndMarketingExpenses": 247794000, "sellingGeneralAndAdministrativeExpenses": 563391000, "otherExpenses": -1140472000, "operatingExpenses": -577081000, "costAndExpenses": -577081000, "interestIncome": 0, "interestExpense": 1923000, "depreciationAndAmortization": 76893000, "ebitda": 286406000, "ebitdaratio": 0.3641090575, "operatingIncome": 209513000, "operatingIncomeRatio": 0.2663546887, "totalOtherIncomeExpensesNet": -1923000, "incomeBeforeTax": 207590000, "incomeBeforeTaxRatio": 0.2639099713, "incomeTaxExpense": 14244000, "netIncome": 193346000, "netIncomeRatio": 0.245801519, "eps": 1.14, "epsdiluted": 1.14, "weightedAverageShsOut": 170348899, "weightedAverageShsOutDil": 170348899, "link": "https://www.sec.gov/Archives/edgar/data/825313/000091205797010284/0000912057-97-010284-index.htm", "finalLink": "https://www.sec.gov/Archives/edgar/data/825313/000091205797010284/", "calculatedOtherExpenses": 13690000, "calculatedOperatingExpenses": 577081000, "calculatedNetInterest": -1923000, "calculatedOtherIncome": 0, "calculatedIncomeNonControlling": 0, "calculatedEbitda": 286406000}, {"date": "1995-12-31", "symbol": "AB", "reportedCurrency": "USD", "cik": "0000825313", "fillingDate": "1996-04-01", "acceptedDate": "1996-04-01 00:00:00", "calendarYear": "1995", "period": "FY", "revenue": 630508000, "costOfRevenue": 0, "grossProfit": 630508000, "grossProfitRatio": 1, "researchAndDevelopmentExpenses": 0, "generalAndAdministrativeExpenses": 261091000, "sellingAndMarketingExpenses": 201214000, "sellingGeneralAndAdministrativeExpenses": 462305000, "otherExpenses": -917055000, "operatingExpenses": -454750000, "costAndExpenses": -454750000, "interestIncome": 0, "interestExpense": 8747000, "depreciationAndAmortization": 67350000, "ebitda": 243108000, "ebitdaratio": 0.3855748063, "operatingIncome": 175758000, "operatingIncomeRatio": 0.2787561776, "totalOtherIncomeExpensesNet": -8747000, "incomeBeforeTax": 167011000, "incomeBeforeTaxRatio": 0.264883237, "incomeTaxExpense": 11624000, "netIncome": 155387000, "netIncomeRatio": 0.2464473092, "eps": 0.95, "epsdiluted": 0.95, "weightedAverageShsOut": 163116000, "weightedAverageShsOutDil": 163116000, "link": "https://www.sec.gov/Archives/edgar/data/825313/000091205796005686/0000912057-96-005686-index.html", "finalLink": "https://www.sec.gov/Archives/edgar/data/825313/", "calculatedOtherExpenses": -7555000, "calculatedOperatingExpenses": 454750000, "calculatedNetInterest": -8747000, "calculatedOtherIncome": 0, "calculatedIncomeNonControlling": 0, "calculatedEbitda": 243108000}, {"date": "1994-12-31", "symbol": "AB", "reportedCurrency": "USD", "cik": "0000825313", "fillingDate": "1995-03-30", "acceptedDate": "1995-03-30 15:21:00", "calendarYear": "1994", "period": "FY", "revenue": 593956000, "costOfRevenue": 0, "grossProfit": 593956000, "grossProfitRatio": 1, "researchAndDevelopmentExpenses": 0, "generalAndAdministrativeExpenses": 242977000, "sellingAndMarketingExpenses": 200723000, "sellingGeneralAndAdministrativeExpenses": 443700000, "otherExpenses": -888854000, "operatingExpenses": -445154000, "costAndExpenses": -445154000, "interestIncome": 0, "interestExpense": 6996000, "depreciationAndAmortization": 67690000, "ebitda": 216492000, "ebitdaratio": 0.3644916458, "operatingIncome": 148802000, "operatingIncomeRatio": 0.2505269751, "totalOtherIncomeExpensesNet": -6996000, "incomeBeforeTax": 141806000, "incomeBeforeTaxRatio": 0.2387483248, "incomeTaxExpense": 8317000, "netIncome": 133489000, "netIncomeRatio": 0.2247456041, "eps": 0.86, "epsdiluted": 0.85, "weightedAverageShsOut": 77941000, "weightedAverageShsOutDil": 77941000, "link": "https://www.sec.gov/Archives/edgar/data/825313/000091205795001962/0000912057-95-001962-index.htm", "finalLink": "https://www.sec.gov/Archives/edgar/data/825313/000091205795001962/0000912057-95-001962.txt", "calculatedOtherExpenses": 1454000, "calculatedOperatingExpenses": 445154000, "calculatedNetInterest": -6996000, "calculatedOtherIncome": 0, "calculatedIncomeNonControlling": 0, "calculatedEbitda": 216492000}, {"date": "1993-12-31", "symbol": "AB", "reportedCurrency": "USD", "cik": "0000825313", "fillingDate": "1994-03-30", "acceptedDate": "1994-03-30 16:35:00", "calendarYear": "1993", "period": "FY", "revenue": 489300000, "costOfRevenue": 0, "grossProfit": 489300000, "grossProfitRatio": 1, "researchAndDevelopmentExpenses": 0, "generalAndAdministrativeExpenses": 148100000, "sellingAndMarketingExpenses": 147200000, "sellingGeneralAndAdministrativeExpenses": 295300000, "otherExpenses": -693200000, "operatingExpenses": -397900000, "costAndExpenses": -397900000, "interestIncome": 5100000, "interestExpense": 10300000, "depreciationAndAmortization": 50500000, "ebitda": 141900000, "ebitdaratio": 0.2900061312, "operatingIncome": 91400000, "operatingIncomeRatio": 0.1867974658, "totalOtherIncomeExpensesNet": -11200000, "incomeBeforeTax": 80200000, "incomeBeforeTaxRatio": 0.1639076231, "incomeTaxExpense": 11500000, "netIncome": 69600000, "netIncomeRatio": 0.1422440221, "eps": 0.5, "epsdiluted": 0.49, "weightedAverageShsOut": 139200000, "weightedAverageShsOutDil": 142040816, "link": "https://www.sec.gov/Archives/edgar/data/825313/000091205794001177/0000912057-94-001177-index.htm", "finalLink": "https://www.sec.gov/Archives/edgar/data/825313/000091205794001177/", "calculatedOtherExpenses": 102600000, "calculatedOperatingExpenses": 397900000, "calculatedNetInterest": -5200000, "calculatedOtherIncome": -6000000, "calculatedIncomeNonControlling": -900000, "calculatedEbitda": 141900000}, {"date": "1992-12-31", "symbol": "AB", "reportedCurrency": "USD", "cik": "0000825313", "fillingDate": "1992-12-31", "acceptedDate": "1992-12-30 19:00:00", "calendarYear": "1992", "period": "FY", "revenue": 341800000, "costOfRevenue": 0, "grossProfit": 341800000, "grossProfitRatio": 1, "researchAndDevelopmentExpenses": 0, "generalAndAdministrativeExpenses": 131100000, "sellingAndMarketingExpenses": 0, "sellingGeneralAndAdministrativeExpenses": 131100000, "otherExpenses": -382000000, "operatingExpenses": -250900000, "costAndExpenses": -250900000, "interestIncome": 3600000, "interestExpense": 8800000, "depreciationAndAmortization": 43500000, "ebitda": 134400000, "ebitdaratio": 0.3932124049, "operatingIncome": 90900000, "operatingIncomeRatio": 0.2659449971, "totalOtherIncomeExpensesNet": -8800000, "incomeBeforeTax": 82100000, "incomeBeforeTaxRatio": 0.2401989468, "incomeTaxExpense": 4500000, "netIncome": 77600000, "netIncomeRatio": 0.2270333528, "eps": 0.67, "epsdiluted": 0.67, "weightedAverageShsOut": 115820896, "weightedAverageShsOutDil": 115820896, "link": "", "finalLink": "", "calculatedOtherExpenses": 119800000, "calculatedOperatingExpenses": 250900000, "calculatedNetInterest": -5200000, "calculatedOtherIncome": -3600000, "calculatedIncomeNonControlling": 0, "calculatedEbitda": 134400000}, {"date": "1991-12-31", "symbol": "AB", "reportedCurrency": "USD", "cik": "0000825313", "fillingDate": "1991-12-31", "acceptedDate": "1991-12-30 19:00:00", "calendarYear": "1991", "period": "FY", "revenue": 291100000, "costOfRevenue": 0, "grossProfit": 291100000, "grossProfitRatio": 1, "researchAndDevelopmentExpenses": 0, "generalAndAdministrativeExpenses": 84200000, "sellingAndMarketingExpenses": 100200000, "sellingGeneralAndAdministrativeExpenses": 184400000, "otherExpenses": -403500000, "operatingExpenses": -219100000, "costAndExpenses": -219100000, "interestIncome": 3900000, "interestExpense": 6600000, "depreciationAndAmortization": 30400000, "ebitda": 102400000, "ebitdaratio": 0.3517691515, "operatingIncome": 72000000, "operatingIncomeRatio": 0.2473376846, "totalOtherIncomeExpensesNet": -6600000, "incomeBeforeTax": 65400000, "incomeBeforeTaxRatio": 0.2246650636, "incomeTaxExpense": 3100000, "netIncome": 62300000, "netIncomeRatio": 0.2140158021, "eps": 0.54, "epsdiluted": 0.54, "weightedAverageShsOut": 115370370, "weightedAverageShsOutDil": 115370370, "link": "", "finalLink": "", "calculatedOtherExpenses": 34700000, "calculatedOperatingExpenses": 219100000, "calculatedNetInterest": -2700000, "calculatedOtherIncome": -3900000, "calculatedIncomeNonControlling": 0, "calculatedEbitda": 102400000}, {"date": "1990-12-31", "symbol": "AB", "reportedCurrency": "USD", "cik": "0000825313", "fillingDate": "1990-12-31", "acceptedDate": "1990-12-30 19:00:00", "calendarYear": "1990", "period": "FY", "revenue": 0, "costOfRevenue": 0, "grossProfit": 0, "grossProfitRatio": 0, "researchAndDevelopmentExpenses": 0, "generalAndAdministrativeExpenses": 0, "sellingAndMarketingExpenses": 0, "sellingGeneralAndAdministrativeExpenses": 0, "otherExpenses": 33900000, "operatingExpenses": 33900000, "costAndExpenses": 33900000, "interestIncome": 0, "interestExpense": 0, "depreciationAndAmortization": 0, "ebitda": 33900000, "ebitdaratio": 0, "operatingIncome": 33900000, "operatingIncomeRatio": 0, "totalOtherIncomeExpensesNet": 0, "incomeBeforeTax": 0, "incomeBeforeTaxRatio": 0, "incomeTaxExpense": -33900000, "netIncome": 33900000, "netIncomeRatio": 0, "eps": 0.3, "epsdiluted": 0.3, "weightedAverageShsOut": 113000000, "weightedAverageShsOutDil": 113000000, "link": "", "finalLink": "", "calculatedOtherExpenses": -33900000, "calculatedOperatingExpenses": -33900000, "calculatedNetInterest": 0, "calculatedOtherIncome": -33900000, "calculatedIncomeNonControlling": 0, "calculatedEbitda": 33900000}, {"date": "1989-12-31", "symbol": "AB", "reportedCurrency": "USD", "cik": "0000825313", "fillingDate": "1989-12-31", "acceptedDate": "1989-12-30 19:00:00", "calendarYear": "1989", "period": "FY", "revenue": 0, "costOfRevenue": 0, "grossProfit": 0, "grossProfitRatio": 0, "researchAndDevelopmentExpenses": 0, "generalAndAdministrativeExpenses": 0, "sellingAndMarketingExpenses": 0, "sellingGeneralAndAdministrativeExpenses": 0, "otherExpenses": 25400000, "operatingExpenses": 25400000, "costAndExpenses": 25400000, "interestIncome": 0, "interestExpense": 0, "depreciationAndAmortization": 0, "ebitda": 25400000, "ebitdaratio": 0, "operatingIncome": 25400000, "operatingIncomeRatio": 0, "totalOtherIncomeExpensesNet": 0, "incomeBeforeTax": 0, "incomeBeforeTaxRatio": 0, "incomeTaxExpense": -25400000, "netIncome": 25400000, "netIncomeRatio": 0, "eps": 0.23, "epsdiluted": 0.23, "weightedAverageShsOut": 110434783, "weightedAverageShsOutDil": 110434783, "link": "", "finalLink": "", "calculatedOtherExpenses": -25400000, "calculatedOperatingExpenses": -25400000, "calculatedNetInterest": 0, "calculatedOtherIncome": -25400000, "calculatedIncomeNonControlling": 0, "calculatedEbitda": 25400000}]}