{"originalCurrency": "USD", "convertedCurrency": "USD", "report": [{"date": "2023-12-31", "symbol": "ABBV", "reportedCurrency": "USD", "cik": "0001551152", "fillingDate": "2024-02-20", "acceptedDate": "2024-02-20 12:45:17", "calendarYear": "2023", "period": "FY", "revenue": 54318000000, "costOfRevenue": 8780000000, "grossProfit": 45538000000, "grossProfitRatio": 0.8383592916, "researchAndDevelopmentExpenses": 7032000000, "generalAndAdministrativeExpenses": 10945000000, "sellingAndMarketingExpenses": 2200000000, "sellingGeneralAndAdministrativeExpenses": 13145000000, "otherExpenses": -7936000000, "operatingExpenses": 28113000000, "costAndExpenses": 36893000000, "interestIncome": 540000000, "interestExpense": 1669000000, "depreciationAndAmortization": 8698000000, "ebitda": 18096000000, "ebitdaratio": 0.3331492323, "operatingIncome": 17425000000, "operatingIncomeRatio": 0.3207960529, "totalOtherIncomeExpensesNet": -11175000000, "incomeBeforeTax": 6250000000, "incomeBeforeTaxRatio": 0.1150631467, "incomeTaxExpense": 1377000000, "netIncome": 4863000000, "netIncomeRatio": 0.0895283331, "eps": 2.73, "epsdiluted": 2.72, "weightedAverageShsOut": 1768000000, "weightedAverageShsOutDil": 1773000000, "link": "https://www.sec.gov/Archives/edgar/data/1551152/000155115224000011/0001551152-24-000011-index.htm", "finalLink": "https://www.sec.gov/Archives/edgar/data/1551152/000155115224000011/abbv-20231231.htm", "calculatedOtherExpenses": 7936000000, "calculatedOperatingExpenses": 28113000000, "calculatedNetInterest": -1129000000, "calculatedOtherIncome": -10046000000, "calculatedIncomeNonControlling": 10000000, "calculatedEbitda": 26123000000}, {"date": "2022-12-31", "symbol": "ABBV", "reportedCurrency": "USD", "cik": "0001551152", "fillingDate": "2023-02-17", "acceptedDate": "2023-02-17 12:54:29", "calendarYear": "2022", "period": "FY", "revenue": 58054000000, "costOfRevenue": 17414000000, "grossProfit": 40640000000, "grossProfitRatio": 0.7000378958, "researchAndDevelopmentExpenses": 6510000000, "generalAndAdministrativeExpenses": 13260000000, "sellingAndMarketingExpenses": 2000000000, "sellingGeneralAndAdministrativeExpenses": 15260000000, "otherExpenses": 56000000, "operatingExpenses": 21826000000, "costAndExpenses": 39240000000, "interestIncome": 186000000, "interestExpense": 2230000000, "depreciationAndAmortization": 8467000000, "ebitda": 26584000000, "ebitdaratio": 0.4579184897, "operatingIncome": 18117000000, "operatingIncomeRatio": 0.3120715196, "totalOtherIncomeExpensesNet": -3293000000, "incomeBeforeTax": 13477000000, "incomeBeforeTaxRatio": 0.2321459331, "incomeTaxExpense": 1632000000, "netIncome": 11836000000, "netIncomeRatio": 0.203879147, "eps": 6.65, "epsdiluted": 6.63, "weightedAverageShsOut": 1771000000, "weightedAverageShsOutDil": 1778000000, "link": "https://www.sec.gov/Archives/edgar/data/1551152/000155115223000011/0001551152-23-000011-index.htm", "finalLink": "https://www.sec.gov/Archives/edgar/data/1551152/000155115223000011/abbv-20221231.htm", "calculatedOtherExpenses": 753000000, "calculatedOperatingExpenses": 22523000000, "calculatedNetInterest": -2044000000, "calculatedOtherIncome": -2596000000, "calculatedIncomeNonControlling": 9000000, "calculatedEbitda": 26584000000}, {"date": "2021-12-31", "symbol": "ABBV", "reportedCurrency": "USD", "cik": "0001551152", "fillingDate": "2022-02-18", "acceptedDate": "2022-02-18 12:41:31", "calendarYear": "2021", "period": "FY", "revenue": 56197000000, "costOfRevenue": 17446000000, "grossProfit": 38751000000, "grossProfitRatio": 0.689556382, "researchAndDevelopmentExpenses": 7084000000, "generalAndAdministrativeExpenses": 10249000000, "sellingAndMarketingExpenses": 2100000000, "sellingGeneralAndAdministrativeExpenses": 12349000000, "otherExpenses": 432000000, "operatingExpenses": 19865000000, "costAndExpenses": 37311000000, "interestIncome": 39000000, "interestExpense": 2384000000, "depreciationAndAmortization": 8521000000, "ebitda": 26445000000, "ebitdaratio": 0.4705767212, "operatingIncome": 17924000000, "operatingIncomeRatio": 0.3189494101, "totalOtherIncomeExpensesNet": -3513000000, "incomeBeforeTax": 12989000000, "incomeBeforeTaxRatio": 0.2311333345, "incomeTaxExpense": 1440000000, "netIncome": 11542000000, "netIncomeRatio": 0.2053846291, "eps": 6.48, "epsdiluted": 6.45, "weightedAverageShsOut": 1770000000, "weightedAverageShsOutDil": 1777000000, "link": "https://www.sec.gov/Archives/edgar/data/1551152/000155115222000007/0001551152-22-000007-index.htm", "finalLink": "https://www.sec.gov/Archives/edgar/data/1551152/000155115222000007/abbv-20211231.htm", "calculatedOtherExpenses": 1394000000, "calculatedOperatingExpenses": 20827000000, "calculatedNetInterest": -2345000000, "calculatedOtherIncome": -2590000000, "calculatedIncomeNonControlling": 7000000, "calculatedEbitda": 26445000000}, {"date": "2020-12-31", "symbol": "ABBV", "reportedCurrency": "USD", "cik": "0001551152", "fillingDate": "2021-02-19", "acceptedDate": "2021-02-19 14:05:43", "calendarYear": "2020", "period": "FY", "revenue": 45804000000, "costOfRevenue": 15387000000, "grossProfit": 30417000000, "grossProfitRatio": 0.6640686403, "researchAndDevelopmentExpenses": 6557000000, "generalAndAdministrativeExpenses": 9499000000, "sellingAndMarketingExpenses": 1800000000, "sellingGeneralAndAdministrativeExpenses": 11299000000, "otherExpenses": -5614000000, "operatingExpenses": 17856000000, "costAndExpenses": 33243000000, "interestIncome": 174000000, "interestExpense": 2280000000, "depreciationAndAmortization": 6471000000, "ebitda": 6947000000, "ebitdaratio": 0.1516679766, "operatingIncome": 476000000, "operatingIncomeRatio": 0.0103921055, "totalOtherIncomeExpensesNet": 2922000000, "incomeBeforeTax": 3398000000, "incomeBeforeTaxRatio": 0.0741856606, "incomeTaxExpense": -1224000000, "netIncome": 4616000000, "netIncomeRatio": 0.1007772247, "eps": 2.73, "epsdiluted": 2.72, "weightedAverageShsOut": 1667000000, "weightedAverageShsOutDil": 1673000000, "link": "https://www.sec.gov/Archives/edgar/data/1551152/000155115221000008/0001551152-21-000008-index.htm", "finalLink": "https://www.sec.gov/Archives/edgar/data/1551152/000155115221000008/abbv-20201231.htm", "calculatedOtherExpenses": 12085000000, "calculatedOperatingExpenses": 29941000000, "calculatedNetInterest": -2106000000, "calculatedOtherIncome": 5028000000, "calculatedIncomeNonControlling": 6000000, "calculatedEbitda": 6947000000}, {"date": "2019-12-31", "symbol": "ABBV", "reportedCurrency": "USD", "cik": "0001551152", "fillingDate": "2020-02-21", "acceptedDate": "2020-02-21 10:51:26", "calendarYear": "2019", "period": "FY", "revenue": 33266000000, "costOfRevenue": 7439000000, "grossProfit": 25827000000, "grossProfitRatio": 0.7763782841, "researchAndDevelopmentExpenses": 6407000000, "generalAndAdministrativeExpenses": 5842000000, "sellingAndMarketingExpenses": 1100000000, "sellingGeneralAndAdministrativeExpenses": 6942000000, "otherExpenses": -890000000, "operatingExpenses": 12459000000, "costAndExpenses": 19898000000, "interestIncome": 275000000, "interestExpense": 1509000000, "depreciationAndAmortization": 812000000, "ebitda": 13795000000, "ebitdaratio": 0.4146876691, "operatingIncome": 12983000000, "operatingIncomeRatio": 0.3902783623, "totalOtherIncomeExpensesNet": -4557000000, "incomeBeforeTax": 8426000000, "incomeBeforeTaxRatio": 0.2532916491, "incomeTaxExpense": 544000000, "netIncome": 7882000000, "netIncomeRatio": 0.236938616, "eps": 5.3, "epsdiluted": 5.28, "weightedAverageShsOut": 1481000000, "weightedAverageShsOutDil": 1484000000, "link": "https://www.sec.gov/Archives/edgar/data/1551152/000155115220000007/0001551152-20-000007-index.htm", "finalLink": "https://www.sec.gov/Archives/edgar/data/1551152/000155115220000007/abbv-20191231x10k.htm", "calculatedOtherExpenses": -505000000, "calculatedOperatingExpenses": 12844000000, "calculatedNetInterest": -1234000000, "calculatedOtherIncome": -3323000000, "calculatedIncomeNonControlling": 0, "calculatedEbitda": 13795000000}, {"date": "2018-12-31", "symbol": "ABBV", "reportedCurrency": "USD", "cik": "0001551152", "fillingDate": "2019-02-27", "acceptedDate": "2019-02-27 16:45:37", "calendarYear": "2018", "period": "FY", "revenue": 32753000000, "costOfRevenue": 7718000000, "grossProfit": 25035000000, "grossProfitRatio": 0.7643574634, "researchAndDevelopmentExpenses": 10329000000, "generalAndAdministrativeExpenses": 7399000000, "sellingAndMarketingExpenses": 0, "sellingGeneralAndAdministrativeExpenses": 7399000000, "otherExpenses": -18000000, "operatingExpenses": 18228000000, "costAndExpenses": 25946000000, "interestIncome": 204000000, "interestExpense": 1144000000, "depreciationAndAmortization": 1765000000, "ebitda": 8148000000, "ebitdaratio": 0.2487711049, "operatingIncome": 6383000000, "operatingIncomeRatio": 0.1948829115, "totalOtherIncomeExpensesNet": -466000000, "incomeBeforeTax": 5197000000, "incomeBeforeTaxRatio": 0.158672488, "incomeTaxExpense": -490000000, "netIncome": 5687000000, "netIncomeRatio": 0.1736329497, "eps": 3.69, "epsdiluted": 3.68, "weightedAverageShsOut": 1541000000, "weightedAverageShsOutDil": 1546000000, "link": "https://www.sec.gov/Archives/edgar/data/1551152/000155115219000008/0001551152-19-000008-index.htm", "finalLink": "https://www.sec.gov/Archives/edgar/data/1551152/000155115219000008/abbv-20181231x10k.htm", "calculatedOtherExpenses": 924000000, "calculatedOperatingExpenses": 18652000000, "calculatedNetInterest": -940000000, "calculatedOtherIncome": -246000000, "calculatedIncomeNonControlling": 0, "calculatedEbitda": 8148000000}, {"date": "2017-12-31", "symbol": "ABBV", "reportedCurrency": "USD", "cik": "0001551152", "fillingDate": "2018-02-16", "acceptedDate": "2018-02-16 12:40:01", "calendarYear": "2017", "period": "FY", "revenue": 28216000000, "costOfRevenue": 7040000000, "grossProfit": 21176000000, "grossProfitRatio": 0.7504961724, "researchAndDevelopmentExpenses": 4982000000, "generalAndAdministrativeExpenses": 6275000000, "sellingAndMarketingExpenses": 0, "sellingGeneralAndAdministrativeExpenses": 6275000000, "otherExpenses": -513000000, "operatingExpenses": 11257000000, "costAndExpenses": 18297000000, "interestIncome": 146000000, "interestExpense": 1004000000, "depreciationAndAmortization": 1501000000, "ebitda": 11093000000, "ebitdaratio": 0.3754607315, "operatingIncome": 9592000000, "operatingIncomeRatio": 0.3399489651, "totalOtherIncomeExpensesNet": -1188000000, "incomeBeforeTax": 7727000000, "incomeBeforeTaxRatio": 0.2738517153, "incomeTaxExpense": 2418000000, "netIncome": 5309000000, "netIncomeRatio": 0.1881556564, "eps": 3.31, "epsdiluted": 3.3, "weightedAverageShsOut": 1596000000, "weightedAverageShsOutDil": 1603000000, "link": "https://www.sec.gov/Archives/edgar/data/1551152/000155115218000014/0001551152-18-000014-index.htm", "finalLink": "https://www.sec.gov/Archives/edgar/data/1551152/000155115218000014/abbv-20171231x10k.htm", "calculatedOtherExpenses": 327000000, "calculatedOperatingExpenses": 11584000000, "calculatedNetInterest": -858000000, "calculatedOtherIncome": -1007000000, "calculatedIncomeNonControlling": 0, "calculatedEbitda": 11093000000}, {"date": "2016-12-31", "symbol": "ABBV", "reportedCurrency": "USD", "cik": "0001551152", "fillingDate": "2017-02-17", "acceptedDate": "2017-02-17 12:19:05", "calendarYear": "2016", "period": "FY", "revenue": 25638000000, "costOfRevenue": 5833000000, "grossProfit": 19805000000, "grossProfitRatio": 0.7724861534, "researchAndDevelopmentExpenses": 4366000000, "generalAndAdministrativeExpenses": 5855000000, "sellingAndMarketingExpenses": 0, "sellingGeneralAndAdministrativeExpenses": 5855000000, "otherExpenses": -232000000, "operatingExpenses": 10221000000, "costAndExpenses": 16054000000, "interestIncome": 82000000, "interestExpense": 965000000, "depreciationAndAmortization": 1189000000, "ebitda": 10573000000, "ebitdaratio": 0.3934394259, "operatingIncome": 9384000000, "operatingIncomeRatio": 0.3660191903, "totalOtherIncomeExpensesNet": -735000000, "incomeBeforeTax": 7884000000, "incomeBeforeTaxRatio": 0.3075122864, "incomeTaxExpense": 1931000000, "netIncome": 5953000000, "netIncomeRatio": 0.2321943989, "eps": 3.65, "epsdiluted": 3.63, "weightedAverageShsOut": 1622000000, "weightedAverageShsOutDil": 1631000000, "link": "https://www.sec.gov/Archives/edgar/data/1551152/000155115217000004/0001551152-17-000004-index.htm", "finalLink": "https://www.sec.gov/Archives/edgar/data/1551152/000155115217000004/abbv-12312016x10k.htm", "calculatedOtherExpenses": 200000000, "calculatedOperatingExpenses": 10421000000, "calculatedNetInterest": -883000000, "calculatedOtherIncome": -617000000, "calculatedIncomeNonControlling": 0, "calculatedEbitda": 10573000000}, {"date": "2015-12-31", "symbol": "ABBV", "reportedCurrency": "USD", "cik": "0001551152", "fillingDate": "2016-02-19", "acceptedDate": "2016-02-19 12:32:59", "calendarYear": "2015", "period": "FY", "revenue": 22859000000, "costOfRevenue": 4500000000, "grossProfit": 18359000000, "grossProfitRatio": 0.8031409948, "researchAndDevelopmentExpenses": 4285000000, "generalAndAdministrativeExpenses": 6387000000, "sellingAndMarketingExpenses": 0, "sellingGeneralAndAdministrativeExpenses": 6387000000, "otherExpenses": -13000000, "operatingExpenses": 10672000000, "costAndExpenses": 15172000000, "interestIncome": 33000000, "interestExpense": 686000000, "depreciationAndAmortization": 836000000, "ebitda": 8373000000, "ebitdaratio": 0.3512839582, "operatingIncome": 7537000000, "operatingIncomeRatio": 0.3297169605, "totalOtherIncomeExpensesNet": -356000000, "incomeBeforeTax": 6645000000, "incomeBeforeTaxRatio": 0.290695131, "incomeTaxExpense": 1501000000, "netIncome": 5144000000, "netIncomeRatio": 0.2250317162, "eps": 3.15, "epsdiluted": 3.13, "weightedAverageShsOut": 1625000000, "weightedAverageShsOutDil": 1637000000, "link": "https://www.sec.gov/Archives/edgar/data/1551152/000104746916010239/0001047469-16-010239-index.htm", "finalLink": "https://www.sec.gov/Archives/edgar/data/1551152/000104746916010239/a2227341z10-k.htm", "calculatedOtherExpenses": 150000000, "calculatedOperatingExpenses": 10822000000, "calculatedNetInterest": -653000000, "calculatedOtherIncome": -239000000, "calculatedIncomeNonControlling": 0, "calculatedEbitda": 8373000000}, {"date": "2014-12-31", "symbol": "ABBV", "reportedCurrency": "USD", "cik": "0001551152", "fillingDate": "2015-02-20", "acceptedDate": "2015-02-20 15:18:31", "calendarYear": "2014", "period": "FY", "revenue": 19960000000, "costOfRevenue": 4426000000, "grossProfit": 15534000000, "grossProfitRatio": 0.778256513, "researchAndDevelopmentExpenses": 3297000000, "generalAndAdministrativeExpenses": 7724000000, "sellingAndMarketingExpenses": 0, "sellingGeneralAndAdministrativeExpenses": 7724000000, "otherExpenses": 27000000, "operatingExpenses": 11771000000, "costAndExpenses": 16197000000, "interestIncome": 38000000, "interestExpense": 391000000, "depreciationAndAmortization": 786000000, "ebitda": 4197000000, "ebitdaratio": 0.2401302605, "operatingIncome": 3411000000, "operatingIncomeRatio": 0.1708917836, "totalOtherIncomeExpensesNet": -1003000000, "incomeBeforeTax": 2369000000, "incomeBeforeTaxRatio": 0.1186873747, "incomeTaxExpense": 595000000, "netIncome": 1774000000, "netIncomeRatio": 0.0888777555, "eps": 1.11, "epsdiluted": 1.1, "weightedAverageShsOut": 1595000000, "weightedAverageShsOutDil": 1610000000, "link": "https://www.sec.gov/Archives/edgar/data/1551152/000104746915000995/0001047469-15-000995-index.htm", "finalLink": "https://www.sec.gov/Archives/edgar/data/1551152/000104746915000995/a2223058z10-k.htm", "calculatedOtherExpenses": 1102000000, "calculatedOperatingExpenses": 12123000000, "calculatedNetInterest": -353000000, "calculatedOtherIncome": -689000000, "calculatedIncomeNonControlling": 0, "calculatedEbitda": 4197000000}, {"date": "2013-12-31", "symbol": "ABBV", "reportedCurrency": "USD", "cik": "0001551152", "fillingDate": "2014-02-21", "acceptedDate": "2014-02-21 15:03:44", "calendarYear": "2013", "period": "FY", "revenue": 18790000000, "costOfRevenue": 4581000000, "grossProfit": 14209000000, "grossProfitRatio": 0.7562001064, "researchAndDevelopmentExpenses": 2855000000, "generalAndAdministrativeExpenses": 5352000000, "sellingAndMarketingExpenses": 0, "sellingGeneralAndAdministrativeExpenses": 5352000000, "otherExpenses": 1000000, "operatingExpenses": 8207000000, "costAndExpenses": 12788000000, "interestIncome": 21000000, "interestExpense": 278000000, "depreciationAndAmortization": 897000000, "ebitda": 6561000000, "ebitdaratio": 0.3403406067, "operatingIncome": 5664000000, "operatingIncomeRatio": 0.3014369345, "totalOtherIncomeExpensesNet": -392000000, "incomeBeforeTax": 5332000000, "incomeBeforeTaxRatio": 0.2837679617, "incomeTaxExpense": 1204000000, "netIncome": 4128000000, "netIncomeRatio": 0.2196913252, "eps": 2.58, "epsdiluted": 2.56, "weightedAverageShsOut": 1589000000, "weightedAverageShsOutDil": 1604000000, "link": "https://www.sec.gov/Archives/edgar/data/1551152/000104746914001154/0001047469-14-001154-index.htm", "finalLink": "https://www.sec.gov/Archives/edgar/data/1551152/000104746914001154/a2217723z10-k.htm", "calculatedOtherExpenses": 338000000, "calculatedOperatingExpenses": 8545000000, "calculatedNetInterest": -257000000, "calculatedOtherIncome": -75000000, "calculatedIncomeNonControlling": 0, "calculatedEbitda": 6561000000}, {"date": "2012-12-31", "symbol": "ABBV", "reportedCurrency": "USD", "cik": "0001551152", "fillingDate": "2013-03-15", "acceptedDate": "2013-03-15 15:05:42", "calendarYear": "2012", "period": "FY", "revenue": 18380000000, "costOfRevenue": 4508000000, "grossProfit": 13872000000, "grossProfitRatio": 0.7547334059, "researchAndDevelopmentExpenses": 2778000000, "generalAndAdministrativeExpenses": 4989000000, "sellingAndMarketingExpenses": 0, "sellingGeneralAndAdministrativeExpenses": 4989000000, "otherExpenses": 9000000, "operatingExpenses": 7767000000, "costAndExpenses": 12275000000, "interestIncome": 20000000, "interestExpense": 104000000, "depreciationAndAmortization": 1150000000, "ebitda": 6967000000, "ebitdaratio": 0.3963003264, "operatingIncome": 5817000000, "operatingIncomeRatio": 0.3164853101, "totalOtherIncomeExpensesNet": -296000000, "incomeBeforeTax": 5725000000, "incomeBeforeTaxRatio": 0.3114798694, "incomeTaxExpense": 450000000, "netIncome": 5275000000, "netIncomeRatio": 0.2869967356, "eps": 3.35, "epsdiluted": 3.35, "weightedAverageShsOut": 1577000000, "weightedAverageShsOutDil": 1577000000, "link": "https://www.sec.gov/Archives/edgar/data/1551152/000104746913002827/0001047469-13-002827-index.htm", "finalLink": "https://www.sec.gov/Archives/edgar/data/1551152/000104746913002827/a2213529z10-k.htm", "calculatedOtherExpenses": 288000000, "calculatedOperatingExpenses": 8055000000, "calculatedNetInterest": -84000000, "calculatedOtherIncome": -8000000, "calculatedIncomeNonControlling": 0, "calculatedEbitda": 6967000000}, {"date": "2011-12-31", "symbol": "ABBV", "reportedCurrency": "USD", "cik": "0001551152", "fillingDate": "2011-12-31", "acceptedDate": "2011-12-30 19:00:00", "calendarYear": "2011", "period": "FY", "revenue": 17443951000, "costOfRevenue": 4639393000, "grossProfit": 12804558000, "grossProfitRatio": 0.7340400119, "researchAndDevelopmentExpenses": 2617506000, "generalAndAdministrativeExpenses": 5893820000, "sellingAndMarketingExpenses": 0, "sellingGeneralAndAdministrativeExpenses": 5893820000, "otherExpenses": 0, "operatingExpenses": 8511326000, "costAndExpenses": 13150719000, "interestIncome": 0, "interestExpense": 0, "depreciationAndAmortization": 1272194000, "ebitda": 4892926000, "ebitdaratio": 0.3548583116, "operatingIncome": 3620732000, "operatingIncomeRatio": 0.2075637566, "totalOtherIncomeExpensesNet": -624705000, "incomeBeforeTax": 3668527000, "incomeBeforeTaxRatio": 0.2103036749, "incomeTaxExpense": 235399000, "netIncome": 3433128000, "netIncomeRatio": 0.196809083, "eps": 2.12, "epsdiluted": 2.11, "weightedAverageShsOut": 1616000000, "weightedAverageShsOutDil": 1625000000, "link": "", "finalLink": "", "calculatedOtherExpenses": 672500000, "calculatedOperatingExpenses": 9183826000, "calculatedNetInterest": 0, "calculatedOtherIncome": 47795000, "calculatedIncomeNonControlling": 0, "calculatedEbitda": 4892926000}, {"date": "2010-12-31", "symbol": "ABBV", "reportedCurrency": "USD", "cik": "0001551152", "fillingDate": "2010-12-31", "acceptedDate": "2010-12-30 19:00:00", "calendarYear": "2010", "period": "FY", "revenue": 15638000000, "costOfRevenue": 4293000000, "grossProfit": 11345000000, "grossProfitRatio": 0.7254764036, "researchAndDevelopmentExpenses": 2495000000, "generalAndAdministrativeExpenses": 3820000000, "sellingAndMarketingExpenses": 0, "sellingGeneralAndAdministrativeExpenses": 3820000000, "otherExpenses": 61000000, "operatingExpenses": 6315000000, "costAndExpenses": 10608000000, "interestIncome": 28000000, "interestExpense": 0, "depreciationAndAmortization": 1184000000, "ebitda": 5901000000, "ebitdaratio": 0.4030566569, "operatingIncome": 4717000000, "operatingIncomeRatio": 0.301637038, "totalOtherIncomeExpensesNet": -222000000, "incomeBeforeTax": 4836000000, "incomeBeforeTaxRatio": 0.3092467067, "incomeTaxExpense": 658000000, "netIncome": 4178000000, "netIncomeRatio": 0.2671697148, "eps": 2.59, "epsdiluted": 2.57, "weightedAverageShsOut": 1616000000, "weightedAverageShsOutDil": 1625000000, "link": "", "finalLink": "", "calculatedOtherExpenses": 313000000, "calculatedOperatingExpenses": 6628000000, "calculatedNetInterest": 28000000, "calculatedOtherIncome": 91000000, "calculatedIncomeNonControlling": 0, "calculatedEbitda": 5901000000}, {"date": "2009-12-31", "symbol": "ABBV", "reportedCurrency": "USD", "cik": "0001551152", "fillingDate": "2009-12-31", "acceptedDate": "2009-12-30 19:00:00", "calendarYear": "2009", "period": "FY", "revenue": 14214196000, "costOfRevenue": 4056390000, "grossProfit": 10157806000, "grossProfitRatio": 0.714624028, "researchAndDevelopmentExpenses": 1707440000, "generalAndAdministrativeExpenses": 3348572000, "sellingAndMarketingExpenses": 0, "sellingGeneralAndAdministrativeExpenses": 3348572000, "otherExpenses": 0, "operatingExpenses": 5056012000, "costAndExpenses": 9112402000, "interestIncome": 0, "interestExpense": 0, "depreciationAndAmortization": 697492000, "ebitda": 5629286000, "ebitdaratio": 0.3482970827, "operatingIncome": 4931794000, "operatingIncomeRatio": 0.3469625718, "totalOtherIncomeExpensesNet": 848523000, "incomeBeforeTax": 5950317000, "incomeBeforeTaxRatio": 0.4186179085, "incomeTaxExpense": 1313802000, "netIncome": 4636515000, "netIncomeRatio": 0.3261890437, "eps": 2.87, "epsdiluted": 2.85, "weightedAverageShsOut": 1616000000, "weightedAverageShsOutDil": 1625000000, "link": "", "finalLink": "", "calculatedOtherExpenses": 170000000, "calculatedOperatingExpenses": 5226012000, "calculatedNetInterest": 0, "calculatedOtherIncome": 1018523000, "calculatedIncomeNonControlling": 0, "calculatedEbitda": 5629286000}]}