{"originalCurrency": "USD", "convertedCurrency": "USD", "report": [{"date": "2023-12-31", "symbol": "ABCB", "reportedCurrency": "USD", "cik": "0000351569", "fillingDate": "2023-12-31", "acceptedDate": "2023-12-29 19:00:00", "calendarYear": "2023", "period": "FY", "revenue": 1446288000, "costOfRevenue": -76975000, "grossProfit": 1523263000, "grossProfitRatio": 1.0532224564, "researchAndDevelopmentExpenses": 0, "generalAndAdministrativeExpenses": 347050000, "sellingAndMarketingExpenses": 11856000, "sellingGeneralAndAdministrativeExpenses": 358906000, "otherExpenses": -208935000, "operatingExpenses": 208935000, "costAndExpenses": 1156036000, "interestIncome": 1280435000, "interestExpense": 89374000, "depreciationAndAmortization": 48719000, "ebitda": 18244000, "ebitdaratio": 0.0126143617, "operatingIncome": -30475000, "operatingIncomeRatio": -0.0210711836, "totalOtherIncomeExpensesNet": 356935000, "incomeBeforeTax": 356935000, "incomeBeforeTaxRatio": 0.2467938613, "incomeTaxExpense": 87830000, "netIncome": 269105000, "netIncomeRatio": 0.1860659841, "eps": 3.9, "epsdiluted": 3.89, "weightedAverageShsOut": 68977453, "weightedAverageShsOutDil": 69104158, "link": null, "finalLink": null, "calculatedOtherExpenses": 1194832000, "calculatedOperatingExpenses": 1553738000, "calculatedNetInterest": 1191061000, "calculatedOtherIncome": -803651000, "calculatedIncomeNonControlling": 0, "calculatedEbitda": 18244000}, {"date": "2022-12-31", "symbol": "ABCB", "reportedCurrency": "USD", "cik": "0000351569", "fillingDate": "2023-02-28", "acceptedDate": "2023-02-28 16:36:44", "calendarYear": "2022", "period": "FY", "revenue": 1085421000, "costOfRevenue": 0, "grossProfit": 1085421000, "grossProfitRatio": 1, "researchAndDevelopmentExpenses": 0, "generalAndAdministrativeExpenses": 319719000, "sellingAndMarketingExpenses": 12481000, "sellingGeneralAndAdministrativeExpenses": 332200000, "otherExpenses": -871663000, "operatingExpenses": -539463000, "costAndExpenses": -539463000, "interestIncome": 893886000, "interestExpense": 92860000, "depreciationAndAmortization": 19744000, "ebitda": 565702000, "ebitdaratio": 0.5211821035, "operatingIncome": 545958000, "operatingIncomeRatio": 0.5029919266, "totalOtherIncomeExpensesNet": -92860000, "incomeBeforeTax": 453098000, "incomeBeforeTaxRatio": 0.417439869, "incomeTaxExpense": 106558000, "netIncome": 346540000, "netIncomeRatio": 0.3192678233, "eps": 5.01, "epsdiluted": 4.99, "weightedAverageShsOut": 69194000, "weightedAverageShsOutDil": 69420000, "link": "https://www.sec.gov/Archives/edgar/data/351569/000035156923000005/0000351569-23-000005-index.htm", "finalLink": "https://www.sec.gov/Archives/edgar/data/351569/000035156923000005/abcb-20221231.htm", "calculatedOtherExpenses": 207263000, "calculatedOperatingExpenses": 539463000, "calculatedNetInterest": 801026000, "calculatedOtherIncome": -893886000, "calculatedIncomeNonControlling": 0, "calculatedEbitda": 565702000}, {"date": "2021-12-31", "symbol": "ABCB", "reportedCurrency": "USD", "cik": "0000351569", "fillingDate": "2022-02-28", "acceptedDate": "2022-02-28 17:21:17", "calendarYear": "2021", "period": "FY", "revenue": 1017333000, "costOfRevenue": 0, "grossProfit": 1017333000, "grossProfitRatio": 1, "researchAndDevelopmentExpenses": 0, "generalAndAdministrativeExpenses": 337776000, "sellingAndMarketingExpenses": 8434000, "sellingGeneralAndAdministrativeExpenses": 346210000, "otherExpenses": -867431000, "operatingExpenses": -521221000, "costAndExpenses": -521221000, "interestIncome": 703112000, "interestExpense": 47785000, "depreciationAndAmortization": 14965000, "ebitda": 511077000, "ebitdaratio": 0.5023694307, "operatingIncome": 496112000, "operatingIncomeRatio": 0.4876593996, "totalOtherIncomeExpensesNet": 496112000, "incomeBeforeTax": 496112000, "incomeBeforeTaxRatio": 0.4876593996, "incomeTaxExpense": 119199000, "netIncome": 376913000, "netIncomeRatio": 0.3704912747, "eps": 5.43, "epsdiluted": 5.4, "weightedAverageShsOut": 69432000, "weightedAverageShsOutDil": 69761000, "link": "https://www.sec.gov/Archives/edgar/data/351569/000035156922000005/0000351569-22-000005-index.htm", "finalLink": "https://www.sec.gov/Archives/edgar/data/351569/000035156922000005/abcb-20211231.htm", "calculatedOtherExpenses": 175011000, "calculatedOperatingExpenses": 521221000, "calculatedNetInterest": 655327000, "calculatedOtherIncome": -655327000, "calculatedIncomeNonControlling": 0, "calculatedEbitda": 511077000}, {"date": "2020-12-31", "symbol": "ABCB", "reportedCurrency": "USD", "cik": "0000351569", "fillingDate": "2021-02-26", "acceptedDate": "2021-02-26 14:18:47", "calendarYear": "2020", "period": "FY", "revenue": 1079147000, "costOfRevenue": 0, "grossProfit": 1079147000, "grossProfitRatio": 1, "researchAndDevelopmentExpenses": 0, "generalAndAdministrativeExpenses": 360278000, "sellingAndMarketingExpenses": 8046000, "sellingGeneralAndAdministrativeExpenses": 368324000, "otherExpenses": -1107227000, "operatingExpenses": -738903000, "costAndExpenses": -738903000, "interestIncome": 726503000, "interestExpense": 88750000, "depreciationAndAmortization": 19612000, "ebitda": 359856000, "ebitdaratio": 0.3334633743, "operatingIncome": 340244000, "operatingIncomeRatio": 0.3152897613, "totalOtherIncomeExpensesNet": 340244000, "incomeBeforeTax": 340244000, "incomeBeforeTaxRatio": 0.3152897613, "incomeTaxExpense": 78256000, "netIncome": 261988000, "netIncomeRatio": 0.2427732274, "eps": 3.78, "epsdiluted": 3.77, "weightedAverageShsOut": 69256000, "weightedAverageShsOutDil": 69426000, "link": "https://www.sec.gov/Archives/edgar/data/351569/000035156921000004/0000351569-21-000004-index.htm", "finalLink": "https://www.sec.gov/Archives/edgar/data/351569/000035156921000004/abcb-20201231.htm", "calculatedOtherExpenses": 370579000, "calculatedOperatingExpenses": 738903000, "calculatedNetInterest": 637753000, "calculatedOtherIncome": -637753000, "calculatedIncomeNonControlling": 0, "calculatedEbitda": 359856000}, {"date": "2019-12-31", "symbol": "ABCB", "reportedCurrency": "USD", "cik": "0000351569", "fillingDate": "2020-03-09", "acceptedDate": "2020-03-09 16:29:47", "calendarYear": "2019", "period": "FY", "revenue": 699197000, "costOfRevenue": 0, "grossProfit": 699197000, "grossProfitRatio": 1, "researchAndDevelopmentExpenses": 0, "generalAndAdministrativeExpenses": 223938000, "sellingAndMarketingExpenses": 7927000, "sellingGeneralAndAdministrativeExpenses": 231865000, "otherExpenses": -719478000, "operatingExpenses": -487613000, "costAndExpenses": -487613000, "interestIncome": 636394000, "interestExpense": 131228000, "depreciationAndAmortization": 17713000, "ebitda": 229297000, "ebitdaratio": 0.3279433407, "operatingIncome": 211584000, "operatingIncomeRatio": 0.302609994, "totalOtherIncomeExpensesNet": 211584000, "incomeBeforeTax": 211584000, "incomeBeforeTaxRatio": 0.302609994, "incomeTaxExpense": 50143000, "netIncome": 161441000, "netIncomeRatio": 0.2308948694, "eps": 2.76, "epsdiluted": 2.75, "weightedAverageShsOut": 58462000, "weightedAverageShsOutDil": 58614000, "link": "https://www.sec.gov/Archives/edgar/data/351569/000035156920000019/0000351569-20-000019-index.htm", "finalLink": "https://www.sec.gov/Archives/edgar/data/351569/000035156920000019/abcb-20191231.htm", "calculatedOtherExpenses": 255748000, "calculatedOperatingExpenses": 487613000, "calculatedNetInterest": 505166000, "calculatedOtherIncome": -505166000, "calculatedIncomeNonControlling": 0, "calculatedEbitda": 229297000}, {"date": "2018-12-31", "symbol": "ABCB", "reportedCurrency": "USD", "cik": "0000351569", "fillingDate": "2019-03-01", "acceptedDate": "2019-03-01 16:07:17", "calendarYear": "2018", "period": "FY", "revenue": 457788000, "costOfRevenue": 0, "grossProfit": 457788000, "grossProfitRatio": 1, "researchAndDevelopmentExpenses": 0, "generalAndAdministrativeExpenses": 149293000, "sellingAndMarketingExpenses": 5571000, "sellingGeneralAndAdministrativeExpenses": 154864000, "otherExpenses": -425021000, "operatingExpenses": -236364000, "costAndExpenses": -236364000, "interestIncome": 413326000, "interestExpense": 69934000, "depreciationAndAmortization": 9512000, "ebitda": 240950000, "ebitdaratio": 0.5263353343, "operatingIncome": 221424000, "operatingIncomeRatio": 0.4836824032, "totalOtherIncomeExpensesNet": -69934000, "incomeBeforeTax": 151490000, "incomeBeforeTaxRatio": 0.3309173679, "incomeTaxExpense": 30463000, "netIncome": 121027000, "netIncomeRatio": 0.2643734654, "eps": 2.81, "epsdiluted": 2.8, "weightedAverageShsOut": 43141859, "weightedAverageShsOutDil": 43247796, "link": "https://www.sec.gov/Archives/edgar/data/351569/000035156919000006/0000351569-19-000006-index.htm", "finalLink": "https://www.sec.gov/Archives/edgar/data/351569/000035156919000006/abcb12-31x201810xk.htm", "calculatedOtherExpenses": 81500000, "calculatedOperatingExpenses": 236364000, "calculatedNetInterest": 343392000, "calculatedOtherIncome": -413326000, "calculatedIncomeNonControlling": 0, "calculatedEbitda": 230936000}, {"date": "2017-12-31", "symbol": "ABCB", "reportedCurrency": "USD", "cik": "0000351569", "fillingDate": "2018-03-01", "acceptedDate": "2018-03-01 16:21:23", "calendarYear": "2017", "period": "FY", "revenue": 361089000, "costOfRevenue": 0, "grossProfit": 361089000, "grossProfitRatio": 1, "researchAndDevelopmentExpenses": 0, "generalAndAdministrativeExpenses": 120016000, "sellingAndMarketingExpenses": 5131000, "sellingGeneralAndAdministrativeExpenses": 125147000, "otherExpenses": -318536000, "operatingExpenses": -193389000, "costAndExpenses": -193389000, "interestIncome": 294347000, "interestExpense": 34222000, "depreciationAndAmortization": 3932000, "ebitda": 171632000, "ebitdaratio": 0.4753177195, "operatingIncome": 167700000, "operatingIncomeRatio": 0.4644284373, "totalOtherIncomeExpensesNet": -43418000, "incomeBeforeTax": 124282000, "incomeBeforeTaxRatio": 0.3441866133, "incomeTaxExpense": 50734000, "netIncome": 73548000, "netIncomeRatio": 0.2036838563, "eps": 2, "epsdiluted": 1.98, "weightedAverageShsOut": 36828219, "weightedAverageShsOutDil": 37144139, "link": "https://www.sec.gov/Archives/edgar/data/351569/000035156918000004/0000351569-18-000004-index.htm", "finalLink": "https://www.sec.gov/Archives/edgar/data/351569/000035156918000004/abcb12-31x201710xk.htm", "calculatedOtherExpenses": 68242000, "calculatedOperatingExpenses": 193389000, "calculatedNetInterest": 260125000, "calculatedOtherIncome": -303543000, "calculatedIncomeNonControlling": 0, "calculatedEbitda": 171632000}, {"date": "2016-12-31", "symbol": "ABCB", "reportedCurrency": "USD", "cik": "0000351569", "fillingDate": "2017-02-27", "acceptedDate": "2017-02-27 08:32:31", "calendarYear": "2016", "period": "FY", "revenue": 319000000, "costOfRevenue": 0, "grossProfit": 319000000, "grossProfitRatio": 1, "researchAndDevelopmentExpenses": 0, "generalAndAdministrativeExpenses": 106837000, "sellingAndMarketingExpenses": 4181000, "sellingGeneralAndAdministrativeExpenses": 111018000, "otherExpenses": -295559000, "operatingExpenses": -184541000, "costAndExpenses": -184541000, "interestIncome": 239065000, "interestExpense": 19694000, "depreciationAndAmortization": 4376000, "ebitda": 138835000, "ebitdaratio": 0.4352194357, "operatingIncome": 134459000, "operatingIncomeRatio": 0.4215015674, "totalOtherIncomeExpensesNet": -29213000, "incomeBeforeTax": 105246000, "incomeBeforeTaxRatio": 0.3299247649, "incomeTaxExpense": 33146000, "netIncome": 72100000, "netIncomeRatio": 0.2260188088, "eps": 2.1, "epsdiluted": 2.08, "weightedAverageShsOut": 34346570, "weightedAverageShsOutDil": 34701732, "link": "https://www.sec.gov/Archives/edgar/data/351569/000114420417011082/0001144204-17-011082-index.htm", "finalLink": "https://www.sec.gov/Archives/edgar/data/351569/000114420417011082/v459853_10k.htm", "calculatedOtherExpenses": 73523000, "calculatedOperatingExpenses": 184541000, "calculatedNetInterest": 219371000, "calculatedOtherIncome": -248584000, "calculatedIncomeNonControlling": 0, "calculatedEbitda": 138835000}, {"date": "2015-12-31", "symbol": "ABCB", "reportedCurrency": "USD", "cik": "0000351569", "fillingDate": "2016-02-29", "acceptedDate": "2016-02-29 17:27:50", "calendarYear": "2015", "period": "FY", "revenue": 243416000, "costOfRevenue": 0, "grossProfit": 243416000, "grossProfitRatio": 1, "researchAndDevelopmentExpenses": 0, "generalAndAdministrativeExpenses": 94003000, "sellingAndMarketingExpenses": 3312000, "sellingGeneralAndAdministrativeExpenses": 97315000, "otherExpenses": -261073000, "operatingExpenses": -163758000, "costAndExpenses": -163758000, "interestIncome": 190393000, "interestExpense": 14856000, "depreciationAndAmortization": 3741000, "ebitda": 83399000, "ebitdaratio": 0.3426192198, "operatingIncome": 79658000, "operatingIncomeRatio": 0.3272504683, "totalOtherIncomeExpensesNet": -22914000, "incomeBeforeTax": 56744000, "incomeBeforeTaxRatio": 0.2331153252, "incomeTaxExpense": 15897000, "netIncome": 40847000, "netIncomeRatio": 0.167807375, "eps": 1.29, "epsdiluted": 1.27, "weightedAverageShsOut": 31761624, "weightedAverageShsOutDil": 32126667, "link": "https://www.sec.gov/Archives/edgar/data/351569/000114420416085023/0001144204-16-085023-index.htm", "finalLink": "https://www.sec.gov/Archives/edgar/data/351569/000114420416085023/v432640_10k.htm", "calculatedOtherExpenses": 66443000, "calculatedOperatingExpenses": 163758000, "calculatedNetInterest": 175537000, "calculatedOtherIncome": -198451000, "calculatedIncomeNonControlling": 0, "calculatedEbitda": 83399000}, {"date": "2014-12-31", "symbol": "ABCB", "reportedCurrency": "USD", "cik": "0000351569", "fillingDate": "2015-03-16", "acceptedDate": "2015-03-16 12:19:48", "calendarYear": "2014", "period": "FY", "revenue": 199216000, "costOfRevenue": 0, "grossProfit": 199216000, "grossProfitRatio": 1, "researchAndDevelopmentExpenses": 0, "generalAndAdministrativeExpenses": 73878000, "sellingAndMarketingExpenses": 2869000, "sellingGeneralAndAdministrativeExpenses": 76747000, "otherExpenses": -198436000, "operatingExpenses": -121689000, "costAndExpenses": -121689000, "interestIncome": 164566000, "interestExpense": 14680000, "depreciationAndAmortization": 2330000, "ebitda": 79857000, "ebitdaratio": 0.4008563569, "operatingIncome": 77527000, "operatingIncomeRatio": 0.3891605092, "totalOtherIncomeExpensesNet": -21322000, "incomeBeforeTax": 56205000, "incomeBeforeTaxRatio": 0.2821309533, "incomeTaxExpense": 17482000, "netIncome": 38723000, "netIncomeRatio": 0.1943769577, "eps": 1.48, "epsdiluted": 1.46, "weightedAverageShsOut": 25974084, "weightedAverageShsOutDil": 26259030, "link": "https://www.sec.gov/Archives/edgar/data/351569/000119312515092877/0001193125-15-092877-index.htm", "finalLink": "https://www.sec.gov/Archives/edgar/data/351569/000119312515092877/d836226d10k.htm", "calculatedOtherExpenses": 44942000, "calculatedOperatingExpenses": 121689000, "calculatedNetInterest": 149886000, "calculatedOtherIncome": -171208000, "calculatedIncomeNonControlling": 0, "calculatedEbitda": 79857000}, {"date": "2013-12-31", "symbol": "ABCB", "reportedCurrency": "USD", "cik": "0000351569", "fillingDate": "2014-03-14", "acceptedDate": "2014-03-14 14:22:46", "calendarYear": "2013", "period": "FY", "revenue": 147248000, "costOfRevenue": -15486000, "grossProfit": 162734000, "grossProfitRatio": 1.1051695099, "researchAndDevelopmentExpenses": 0, "generalAndAdministrativeExpenses": 56670000, "sellingAndMarketingExpenses": 1620000, "sellingGeneralAndAdministrativeExpenses": 58290000, "otherExpenses": -176646000, "operatingExpenses": -118356000, "costAndExpenses": -15486000, "interestIncome": 126322000, "interestExpense": 10137000, "depreciationAndAmortization": 1414000, "ebitda": 45792000, "ebitdaratio": 0.3109855482, "operatingIncome": 44378000, "operatingIncomeRatio": 0.3013827013, "totalOtherIncomeExpensesNet": -15075000, "incomeBeforeTax": 29303000, "incomeBeforeTaxRatio": 0.1990044007, "incomeTaxExpense": 9285000, "netIncome": 20018000, "netIncomeRatio": 0.1359475171, "eps": 0.76, "epsdiluted": 0.75, "weightedAverageShsOut": 23917551, "weightedAverageShsOutDil": 24346723, "link": "https://www.sec.gov/Archives/edgar/data/351569/000119312514099592/0001193125-14-099592-index.htm", "finalLink": "https://www.sec.gov/Archives/edgar/data/351569/000119312514099592/d642841d10k.htm", "calculatedOtherExpenses": 60066000, "calculatedOperatingExpenses": 118356000, "calculatedNetInterest": 116185000, "calculatedOtherIncome": -131260000, "calculatedIncomeNonControlling": 0, "calculatedEbitda": 45792000}, {"date": "2012-12-31", "symbol": "ABCB", "reportedCurrency": "USD", "cik": "0000351569", "fillingDate": "2013-03-01", "acceptedDate": "2013-03-01 14:28:09", "calendarYear": "2012", "period": "FY", "revenue": 129826000, "costOfRevenue": -22416000, "grossProfit": 152242000, "grossProfitRatio": 1.1726618705, "researchAndDevelopmentExpenses": 0, "generalAndAdministrativeExpenses": 55347000, "sellingAndMarketingExpenses": 1622000, "sellingGeneralAndAdministrativeExpenses": 56969000, "otherExpenses": -167386000, "operatingExpenses": -110417000, "costAndExpenses": -22416000, "interestIncome": 129479000, "interestExpense": 15074000, "depreciationAndAmortization": 1360000, "ebitda": 43185000, "ebitdaratio": 0.3326375302, "operatingIncome": 41825000, "operatingIncomeRatio": 0.3221619706, "totalOtherIncomeExpensesNet": -20104000, "incomeBeforeTax": 21721000, "incomeBeforeTaxRatio": 0.1673085514, "incomeTaxExpense": 7285000, "netIncome": 14436000, "netIncomeRatio": 0.1111949841, "eps": 0.46, "epsdiluted": 0.46, "weightedAverageShsOut": 23801500, "weightedAverageShsOutDil": 23843012, "link": "https://www.sec.gov/Archives/edgar/data/351569/000119312513087270/0001193125-13-087270-index.htm", "finalLink": "https://www.sec.gov/Archives/edgar/data/351569/000119312513087270/d458191d10k.htm", "calculatedOtherExpenses": 53448000, "calculatedOperatingExpenses": 110417000, "calculatedNetInterest": 114405000, "calculatedOtherIncome": -134509000, "calculatedIncomeNonControlling": 0, "calculatedEbitda": 43185000}, {"date": "2011-12-31", "symbol": "ABCB", "reportedCurrency": "USD", "cik": "0000351569", "fillingDate": "2012-02-27", "acceptedDate": "2012-02-27 16:58:03", "calendarYear": "2011", "period": "FY", "revenue": 139464000, "costOfRevenue": 0, "grossProfit": 139464000, "grossProfitRatio": 1, "researchAndDevelopmentExpenses": 0, "generalAndAdministrativeExpenses": 77510000, "sellingAndMarketingExpenses": 722000, "sellingGeneralAndAdministrativeExpenses": 78232000, "otherExpenses": -26867000, "operatingExpenses": 51365000, "costAndExpenses": 51365000, "interestIncome": 141071000, "interestExpense": 27547000, "depreciationAndAmortization": 1002000, "ebitda": 64586000, "ebitdaratio": 0.4631015889, "operatingIncome": 63584000, "operatingIncomeRatio": 0.4559169391, "totalOtherIncomeExpensesNet": -31935000, "incomeBeforeTax": 31649000, "incomeBeforeTaxRatio": 0.2269331154, "incomeTaxExpense": 10556000, "netIncome": 21093000, "netIncomeRatio": 0.1512433316, "eps": 0.76, "epsdiluted": 0.76, "weightedAverageShsOut": 23446350, "weightedAverageShsOutDil": 23538468, "link": "https://www.sec.gov/Archives/edgar/data/351569/000119312512081868/0001193125-12-081868-index.htm", "finalLink": "https://www.sec.gov/Archives/edgar/data/351569/000119312512081868/d264160d10k.htm", "calculatedOtherExpenses": -2352000, "calculatedOperatingExpenses": 75880000, "calculatedNetInterest": 113524000, "calculatedOtherIncome": -145459000, "calculatedIncomeNonControlling": 0, "calculatedEbitda": 64586000}, {"date": "2010-12-31", "symbol": "ABCB", "reportedCurrency": "USD", "cik": "0000351569", "fillingDate": "2011-03-16", "acceptedDate": "2011-03-16 14:06:54", "calendarYear": "2010", "period": "FY", "revenue": 109874000, "costOfRevenue": 0, "grossProfit": 109874000, "grossProfitRatio": 1, "researchAndDevelopmentExpenses": 0, "generalAndAdministrativeExpenses": 61107000, "sellingAndMarketingExpenses": 566000, "sellingGeneralAndAdministrativeExpenses": 61673000, "otherExpenses": -14651000, "operatingExpenses": 47022000, "costAndExpenses": 47022000, "interestIncome": 119071000, "interestExpense": 29794000, "depreciationAndAmortization": 988000, "ebitda": 26939000, "ebitdaratio": 0.2451808435, "operatingIncome": 25951000, "operatingIncomeRatio": 0.2361887253, "totalOtherIncomeExpensesNet": -33135000, "incomeBeforeTax": -7184000, "incomeBeforeTaxRatio": -0.0653839853, "incomeTaxExpense": -3195000, "netIncome": -3989000, "netIncomeRatio": -0.0363052223, "eps": -0.19, "epsdiluted": -0.19, "weightedAverageShsOut": 20498204, "weightedAverageShsOutDil": 20498204, "link": "https://www.sec.gov/Archives/edgar/data/351569/000119312511068317/0001193125-11-068317-index.htm", "finalLink": "https://www.sec.gov/Archives/edgar/data/351569/000119312511068317/d10k.htm", "calculatedOtherExpenses": 22250000, "calculatedOperatingExpenses": 83923000, "calculatedNetInterest": 89277000, "calculatedOtherIncome": -122412000, "calculatedIncomeNonControlling": 0, "calculatedEbitda": 26939000}, {"date": "2009-12-31", "symbol": "ABCB", "reportedCurrency": "USD", "cik": "0000351569", "fillingDate": "2010-03-16", "acceptedDate": "2010-03-16 13:35:09", "calendarYear": "2009", "period": "FY", "revenue": 132375000, "costOfRevenue": 38565000, "grossProfit": 93810000, "grossProfitRatio": 0.7086685552, "researchAndDevelopmentExpenses": 0, "generalAndAdministrativeExpenses": 38817000, "sellingAndMarketingExpenses": 1650000, "sellingGeneralAndAdministrativeExpenses": 40467000, "otherExpenses": -38566000, "operatingExpenses": 1901000, "costAndExpenses": 40466000, "interestIncome": 114572000, "interestExpense": 40550000, "depreciationAndAmortization": 644000, "ebitda": 10296000, "ebitdaratio": 0.0777790368, "operatingIncome": 9652000, "operatingIncomeRatio": 0.0729140699, "totalOtherIncomeExpensesNet": -44145000, "incomeBeforeTax": -34493000, "incomeBeforeTaxRatio": -0.2605703494, "incomeTaxExpense": 7296000, "netIncome": -41789000, "netIncomeRatio": -0.3156864967, "eps": -3, "epsdiluted": -3, "weightedAverageShsOut": 13912982, "weightedAverageShsOutDil": 13912982, "link": "https://www.sec.gov/Archives/edgar/data/351569/000119312510058101/0001193125-10-058101-index.htm", "finalLink": "https://www.sec.gov/Archives/edgar/data/351569/000119312510058101/d10k.htm", "calculatedOtherExpenses": 43691000, "calculatedOperatingExpenses": 84158000, "calculatedNetInterest": 74022000, "calculatedOtherIncome": -118167000, "calculatedIncomeNonControlling": 0, "calculatedEbitda": 10296000}, {"date": "2008-12-31", "symbol": "ABCB", "reportedCurrency": "USD", "cik": "0000351569", "fillingDate": "2009-03-16", "acceptedDate": "2009-03-16 13:09:34", "calendarYear": "2008", "period": "FY", "revenue": 91814000, "costOfRevenue": 0, "grossProfit": 91814000, "grossProfitRatio": 1, "researchAndDevelopmentExpenses": 0, "generalAndAdministrativeExpenses": 31700000, "sellingAndMarketingExpenses": 3083000, "sellingGeneralAndAdministrativeExpenses": 34783000, "otherExpenses": -76223000, "operatingExpenses": -41440000, "costAndExpenses": -41440000, "interestIncome": 129008000, "interestExpense": 56343000, "depreciationAndAmortization": 4530000, "ebitda": 54904000, "ebitdaratio": 0.5979915917, "operatingIncome": 50374000, "operatingIncomeRatio": 0.5486527109, "totalOtherIncomeExpensesNet": -56343000, "incomeBeforeTax": -5969000, "incomeBeforeTaxRatio": -0.0650118718, "incomeTaxExpense": -2053000, "netIncome": -3916000, "netIncomeRatio": -0.0426514475, "eps": -0.28, "epsdiluted": -0.28, "weightedAverageShsOut": 13894353, "weightedAverageShsOutDil": 13894353, "link": "https://www.sec.gov/Archives/edgar/data/351569/000119312509055044/0001193125-09-055044-index.htm", "finalLink": "https://www.sec.gov/Archives/edgar/data/351569/000119312509055044/d10k.htm", "calculatedOtherExpenses": 6657000, "calculatedOperatingExpenses": 41440000, "calculatedNetInterest": 72665000, "calculatedOtherIncome": -129008000, "calculatedIncomeNonControlling": 0, "calculatedEbitda": 54904000}, {"date": "2007-12-31", "symbol": "ABCB", "reportedCurrency": "USD", "cik": "0000351569", "fillingDate": "2008-03-12", "acceptedDate": "2008-03-12 14:24:53", "calendarYear": "2007", "period": "FY", "revenue": 92670000, "costOfRevenue": 0, "grossProfit": 92670000, "grossProfitRatio": 1, "researchAndDevelopmentExpenses": 0, "generalAndAdministrativeExpenses": 29844000, "sellingAndMarketingExpenses": 0, "sellingGeneralAndAdministrativeExpenses": 29844000, "otherExpenses": -29062000, "operatingExpenses": 782000, "costAndExpenses": 782000, "interestIncome": 146077000, "interestExpense": 70999000, "depreciationAndAmortization": 4358000, "ebitda": 97810000, "ebitdaratio": 1.0554656307, "operatingIncome": 93452000, "operatingIncomeRatio": 1.0084385454, "totalOtherIncomeExpensesNet": -70999000, "incomeBeforeTax": 22453000, "incomeBeforeTaxRatio": 0.2422898457, "incomeTaxExpense": 7300000, "netIncome": 15153000, "netIncomeRatio": 0.1635157009, "eps": 1.09, "epsdiluted": 1.08, "weightedAverageShsOut": 13858009, "weightedAverageShsOutDil": 14014283, "link": "https://www.sec.gov/Archives/edgar/data/351569/000035156908000008/0000351569-08-000008-index.htm", "finalLink": "https://www.sec.gov/Archives/edgar/data/351569/000035156908000008/fin10ktest.htm", "calculatedOtherExpenses": -30626000, "calculatedOperatingExpenses": -782000, "calculatedNetInterest": 75078000, "calculatedOtherIncome": -146077000, "calculatedIncomeNonControlling": 0, "calculatedEbitda": 97810000}, {"date": "2006-12-31", "symbol": "ABCB", "reportedCurrency": "USD", "cik": "0000351569", "fillingDate": "2007-03-13", "acceptedDate": "2007-03-13 10:46:45", "calendarYear": "2006", "period": "FY", "revenue": 89223000, "costOfRevenue": 0, "grossProfit": 89223000, "grossProfitRatio": 1, "researchAndDevelopmentExpenses": 0, "generalAndAdministrativeExpenses": 27043000, "sellingAndMarketingExpenses": 0, "sellingGeneralAndAdministrativeExpenses": 27043000, "otherExpenses": -28859000, "operatingExpenses": -1816000, "costAndExpenses": -1816000, "interestIncome": 124111000, "interestExpense": 54150000, "depreciationAndAmortization": 4855000, "ebitda": 92262000, "ebitdaratio": 1.0340607243, "operatingIncome": 87407000, "operatingIncomeRatio": 0.9796465037, "totalOtherIncomeExpensesNet": -54150000, "incomeBeforeTax": 33257000, "incomeBeforeTaxRatio": 0.3727402127, "incomeTaxExpense": 11129000, "netIncome": 22128000, "netIncomeRatio": 0.2480078007, "eps": 1.66, "epsdiluted": 1.63, "weightedAverageShsOut": 13304214, "weightedAverageShsOutDil": 13541790, "link": "https://www.sec.gov/Archives/edgar/data/351569/000114036107005538/0001140361-07-005538-index.htm", "finalLink": "https://www.sec.gov/Archives/edgar/data/351569/000114036107005538/form10-k.htm", "calculatedOtherExpenses": -25227000, "calculatedOperatingExpenses": 1816000, "calculatedNetInterest": 69961000, "calculatedOtherIncome": -124111000, "calculatedIncomeNonControlling": 0, "calculatedEbitda": 92262000}, {"date": "2005-12-31", "symbol": "ABCB", "reportedCurrency": "USD", "cik": "0000351569", "fillingDate": "2006-03-16", "acceptedDate": "2006-03-16 11:43:54", "calendarYear": "2005", "period": "FY", "revenue": 66135000, "costOfRevenue": 0, "grossProfit": 66135000, "grossProfitRatio": 1, "researchAndDevelopmentExpenses": 0, "generalAndAdministrativeExpenses": 22483000, "sellingAndMarketingExpenses": 0, "sellingGeneralAndAdministrativeExpenses": 22483000, "otherExpenses": -40807000, "operatingExpenses": -18324000, "costAndExpenses": -18324000, "interestIncome": 79539000, "interestExpense": 26934000, "depreciationAndAmortization": 3293000, "ebitda": 51104000, "ebitdaratio": 0.7727224616, "operatingIncome": 47811000, "operatingIncomeRatio": 0.7229303697, "totalOtherIncomeExpensesNet": -26934000, "incomeBeforeTax": 20877000, "incomeBeforeTaxRatio": 0.3156724881, "incomeTaxExpense": 7149000, "netIncome": 13728000, "netIncomeRatio": 0.2075754139, "eps": 1.12, "epsdiluted": 1.11, "weightedAverageShsOut": 12273053, "weightedAverageShsOutDil": 12380711, "link": "https://www.sec.gov/Archives/edgar/data/351569/000119312506056155/0001193125-06-056155-index.htm", "finalLink": "https://www.sec.gov/Archives/edgar/data/351569/000119312506056155/d10k.htm", "calculatedOtherExpenses": -4159000, "calculatedOperatingExpenses": 18324000, "calculatedNetInterest": 52605000, "calculatedOtherIncome": -79539000, "calculatedIncomeNonControlling": 0, "calculatedEbitda": 51104000}, {"date": "2004-12-31", "symbol": "ABCB", "reportedCurrency": "USD", "cik": "0000351569", "fillingDate": "2005-03-16", "acceptedDate": "2005-03-15 17:48:04", "calendarYear": "2004", "period": "FY", "revenue": 58013000, "costOfRevenue": 0, "grossProfit": 58013000, "grossProfitRatio": 1, "researchAndDevelopmentExpenses": 0, "generalAndAdministrativeExpenses": 20893000, "sellingAndMarketingExpenses": 0, "sellingGeneralAndAdministrativeExpenses": 20893000, "otherExpenses": -39809000, "operatingExpenses": -18916000, "costAndExpenses": -18916000, "interestIncome": 64365000, "interestExpense": 19375000, "depreciationAndAmortization": 2931000, "ebitda": 42028000, "ebitdaratio": 0.7244583111, "operatingIncome": 39097000, "operatingIncomeRatio": 0.6739351525, "totalOtherIncomeExpensesNet": -19375000, "incomeBeforeTax": 19722000, "incomeBeforeTaxRatio": 0.3399582852, "incomeTaxExpense": 6621000, "netIncome": 13101000, "netIncomeRatio": 0.2258286936, "eps": 1.09, "epsdiluted": 1.08, "weightedAverageShsOut": 12026233, "weightedAverageShsOutDil": 12134577, "link": "https://www.sec.gov/Archives/edgar/data/351569/000119312505051291/0001193125-05-051291-index.htm", "finalLink": "https://www.sec.gov/Archives/edgar/data/351569/000119312505051291/d10k.htm", "calculatedOtherExpenses": -1977000, "calculatedOperatingExpenses": 18916000, "calculatedNetInterest": 44990000, "calculatedOtherIncome": -64365000, "calculatedIncomeNonControlling": 0, "calculatedEbitda": 42028000}, {"date": "2003-12-31", "symbol": "ABCB", "reportedCurrency": "USD", "cik": "0000351569", "fillingDate": "2004-03-15", "acceptedDate": "2004-03-15 10:27:00", "calendarYear": "2003", "period": "FY", "revenue": 57056000, "costOfRevenue": 0, "grossProfit": 57056000, "grossProfitRatio": 1, "researchAndDevelopmentExpenses": 0, "generalAndAdministrativeExpenses": 19599000, "sellingAndMarketingExpenses": 0, "sellingGeneralAndAdministrativeExpenses": 19599000, "otherExpenses": -36646000, "operatingExpenses": -17047000, "costAndExpenses": -17047000, "interestIncome": 64479000, "interestExpense": 22045000, "depreciationAndAmortization": 3253000, "ebitda": 43262000, "ebitdaratio": 0.758237521, "operatingIncome": 40009000, "operatingIncomeRatio": 0.7012233595, "totalOtherIncomeExpensesNet": -22045000, "incomeBeforeTax": 17964000, "incomeBeforeTaxRatio": 0.3148485698, "incomeTaxExpense": 5954000, "netIncome": 12010000, "netIncomeRatio": 0.2104949523, "eps": 1, "epsdiluted": 0.99, "weightedAverageShsOut": 11992517, "weightedAverageShsOutDil": 12110091, "link": "https://www.sec.gov/Archives/edgar/data/351569/000119312504041648/0001193125-04-041648-index.htm", "finalLink": "https://www.sec.gov/Archives/edgar/data/351569/000119312504041648/d10k.htm", "calculatedOtherExpenses": -2552000, "calculatedOperatingExpenses": 17047000, "calculatedNetInterest": 42434000, "calculatedOtherIncome": -64479000, "calculatedIncomeNonControlling": 0, "calculatedEbitda": 43262000}, {"date": "2002-12-31", "symbol": "ABCB", "reportedCurrency": "USD", "cik": "0000351569", "fillingDate": "2003-03-31", "acceptedDate": "2003-03-31 10:10:13", "calendarYear": "2002", "period": "FY", "revenue": 61919000, "costOfRevenue": 0, "grossProfit": 61919000, "grossProfitRatio": 1, "researchAndDevelopmentExpenses": 0, "generalAndAdministrativeExpenses": 21155000, "sellingAndMarketingExpenses": 0, "sellingGeneralAndAdministrativeExpenses": 21155000, "otherExpenses": -39498000, "operatingExpenses": -18343000, "costAndExpenses": -18343000, "interestIncome": 74453000, "interestExpense": 28144000, "depreciationAndAmortization": 4450000, "ebitda": 48026000, "ebitdaratio": 0.7756262214, "operatingIncome": 43576000, "operatingIncomeRatio": 0.7037581356, "totalOtherIncomeExpensesNet": -28144000, "incomeBeforeTax": 15432000, "incomeBeforeTaxRatio": 0.2492288312, "incomeTaxExpense": 5077000, "netIncome": 10355000, "netIncomeRatio": 0.167234613, "eps": 0.85, "epsdiluted": 0.85, "weightedAverageShsOut": 12167048, "weightedAverageShsOutDil": 12167048, "link": "https://www.sec.gov/Archives/edgar/data/351569/000093176303000769/0000931763-03-000769-index.htm", "finalLink": "https://www.sec.gov/Archives/edgar/data/351569/000093176303000769/d10k.htm", "calculatedOtherExpenses": -2812000, "calculatedOperatingExpenses": 18343000, "calculatedNetInterest": 46309000, "calculatedOtherIncome": -74453000, "calculatedIncomeNonControlling": 0, "calculatedEbitda": 48026000}, {"date": "2001-12-31", "symbol": "ABCB", "reportedCurrency": "USD", "cik": "0000351569", "fillingDate": "2002-03-29", "acceptedDate": "2002-03-29 00:00:00", "calendarYear": "2001", "period": "FY", "revenue": 52911000, "costOfRevenue": 0, "grossProfit": 52911000, "grossProfitRatio": 1, "researchAndDevelopmentExpenses": 0, "generalAndAdministrativeExpenses": 18166000, "sellingAndMarketingExpenses": 0, "sellingGeneralAndAdministrativeExpenses": 18166000, "otherExpenses": -21848000, "operatingExpenses": -3682000, "costAndExpenses": -3682000, "interestIncome": 76090000, "interestExpense": 34904000, "depreciationAndAmortization": 4225000, "ebitda": 53454000, "ebitdaratio": 1.0102625163, "operatingIncome": 49229000, "operatingIncomeRatio": 0.9304114456, "totalOtherIncomeExpensesNet": -34904000, "incomeBeforeTax": 14325000, "incomeBeforeTaxRatio": 0.2707376538, "incomeTaxExpense": 4692000, "netIncome": 9633000, "netIncomeRatio": 0.1820604411, "eps": 0.85, "epsdiluted": 0.84, "weightedAverageShsOut": 11318704, "weightedAverageShsOutDil": 11427537, "link": "https://www.sec.gov/Archives/edgar/data/351569/000093176302000992/0000931763-02-000992-index.htm", "finalLink": "https://www.sec.gov/Archives/edgar/data/351569/000093176302000992/d10k405.txt", "calculatedOtherExpenses": -14484000, "calculatedOperatingExpenses": 3682000, "calculatedNetInterest": 41186000, "calculatedOtherIncome": -76090000, "calculatedIncomeNonControlling": 0, "calculatedEbitda": 53454000}, {"date": "2000-12-31", "symbol": "ABCB", "reportedCurrency": "USD", "cik": "0000351569", "fillingDate": "2001-03-29", "acceptedDate": "2001-03-29 00:00:00", "calendarYear": "2000", "period": "FY", "revenue": 46386000, "costOfRevenue": 0, "grossProfit": 46386000, "grossProfitRatio": 1, "researchAndDevelopmentExpenses": 0, "generalAndAdministrativeExpenses": 16420000, "sellingAndMarketingExpenses": 0, "sellingGeneralAndAdministrativeExpenses": 16420000, "otherExpenses": -17560000, "operatingExpenses": -1140000, "costAndExpenses": -1140000, "interestIncome": 68976000, "interestExpense": 30805000, "depreciationAndAmortization": 3380000, "ebitda": 48626000, "ebitdaratio": 1.0482904325, "operatingIncome": 45246000, "operatingIncomeRatio": 0.9754236192, "totalOtherIncomeExpensesNet": -30805000, "incomeBeforeTax": 14441000, "incomeBeforeTaxRatio": 0.3113223818, "incomeTaxExpense": 4343000, "netIncome": 10098000, "netIncomeRatio": 0.2176949942, "eps": 0.96, "epsdiluted": 0.96, "weightedAverageShsOut": 10469184, "weightedAverageShsOutDil": 10469184, "link": "https://www.sec.gov/Archives/edgar/data/351569/000093176301000588/0000931763-01-000588-index.htm", "finalLink": "https://www.sec.gov/Archives/edgar/data/351569/000093176301000588/0000931763-01-000588-0001.txt", "calculatedOtherExpenses": -15280000, "calculatedOperatingExpenses": 1140000, "calculatedNetInterest": 38171000, "calculatedOtherIncome": -68976000, "calculatedIncomeNonControlling": 0, "calculatedEbitda": 48626000}, {"date": "1999-12-31", "symbol": "ABCB", "reportedCurrency": "USD", "cik": "0000351569", "fillingDate": "2000-03-29", "acceptedDate": "2000-03-29 00:00:00", "calendarYear": "1999", "period": "FY", "revenue": 43400000, "costOfRevenue": 0, "grossProfit": 43400000, "grossProfitRatio": 1, "researchAndDevelopmentExpenses": 0, "generalAndAdministrativeExpenses": 14900000, "sellingAndMarketingExpenses": 0, "sellingGeneralAndAdministrativeExpenses": 14900000, "otherExpenses": -20600000, "operatingExpenses": -5700000, "costAndExpenses": -5700000, "interestIncome": 59800000, "interestExpense": 24400000, "depreciationAndAmortization": 3000000, "ebitda": 40700000, "ebitdaratio": 0.9377880184, "operatingIncome": 37700000, "operatingIncomeRatio": 0.8686635945, "totalOtherIncomeExpensesNet": -24400000, "incomeBeforeTax": 13300000, "incomeBeforeTaxRatio": 0.3064516129, "incomeTaxExpense": 4300000, "netIncome": 9000000, "netIncomeRatio": 0.2073732719, "eps": 0.83, "epsdiluted": 0.83, "weightedAverageShsOut": 10780272, "weightedAverageShsOutDil": 10780272, "link": "https://www.sec.gov/Archives/edgar/data/351569/000095016800000773/0000950168-00-000773-index.html", "finalLink": "https://www.sec.gov/Archives/edgar/data/351569/000095016800000773/", "calculatedOtherExpenses": -9200000, "calculatedOperatingExpenses": 5700000, "calculatedNetInterest": 35400000, "calculatedOtherIncome": -59800000, "calculatedIncomeNonControlling": 0, "calculatedEbitda": 40700000}, {"date": "1998-12-31", "symbol": "ABCB", "reportedCurrency": "USD", "cik": "0000351569", "fillingDate": "1999-03-26", "acceptedDate": "1999-03-26 00:00:00", "calendarYear": "1998", "period": "FY", "revenue": 43200000, "costOfRevenue": 0, "grossProfit": 43200000, "grossProfitRatio": 1, "researchAndDevelopmentExpenses": 0, "generalAndAdministrativeExpenses": 14000000, "sellingAndMarketingExpenses": 0, "sellingGeneralAndAdministrativeExpenses": 14000000, "otherExpenses": -21200000, "operatingExpenses": -7200000, "costAndExpenses": -7200000, "interestIncome": 59900000, "interestExpense": 26400000, "depreciationAndAmortization": 3000000, "ebitda": 39000000, "ebitdaratio": 0.9027777778, "operatingIncome": 36000000, "operatingIncomeRatio": 0.8333333333, "totalOtherIncomeExpensesNet": -26400000, "incomeBeforeTax": 9600000, "incomeBeforeTaxRatio": 0.2222222222, "incomeTaxExpense": 2700000, "netIncome": 6900000, "netIncomeRatio": 0.1597222222, "eps": 0.64, "epsdiluted": 0.64, "weightedAverageShsOut": 10775723, "weightedAverageShsOutDil": 10775723, "link": "https://www.sec.gov/Archives/edgar/data/351569/000093176399000819/0000931763-99-000819-index.html", "finalLink": "https://www.sec.gov/Archives/edgar/data/351569/", "calculatedOtherExpenses": -6800000, "calculatedOperatingExpenses": 7200000, "calculatedNetInterest": 33500000, "calculatedOtherIncome": -59900000, "calculatedIncomeNonControlling": 0, "calculatedEbitda": 39000000}, {"date": "1997-12-31", "symbol": "ABCB", "reportedCurrency": "USD", "cik": "0000351569", "fillingDate": "1998-03-25", "acceptedDate": "1998-03-25 00:00:00", "calendarYear": "1997", "period": "FY", "revenue": 40400000, "costOfRevenue": 0, "grossProfit": 40400000, "grossProfitRatio": 1, "researchAndDevelopmentExpenses": 0, "generalAndAdministrativeExpenses": 13700000, "sellingAndMarketingExpenses": 0, "sellingGeneralAndAdministrativeExpenses": 13700000, "otherExpenses": -17600000, "operatingExpenses": -3900000, "costAndExpenses": -3900000, "interestIncome": 58700000, "interestExpense": 26000000, "depreciationAndAmortization": 2700000, "ebitda": 39200000, "ebitdaratio": 0.9702970297, "operatingIncome": 36500000, "operatingIncomeRatio": 0.9034653465, "totalOtherIncomeExpensesNet": -26000000, "incomeBeforeTax": 10500000, "incomeBeforeTaxRatio": 0.2599009901, "incomeTaxExpense": 3100000, "netIncome": 7400000, "netIncomeRatio": 0.1831683168, "eps": 0.7, "epsdiluted": 0.69, "weightedAverageShsOut": 10620170, "weightedAverageShsOutDil": 10745113, "link": "https://www.sec.gov/Archives/edgar/data/351569/000093176398000702/0000931763-98-000702-index.html", "finalLink": "https://www.sec.gov/Archives/edgar/data/351569/", "calculatedOtherExpenses": -9800000, "calculatedOperatingExpenses": 3900000, "calculatedNetInterest": 32700000, "calculatedOtherIncome": -58700000, "calculatedIncomeNonControlling": 0, "calculatedEbitda": 39200000}, {"date": "1996-12-31", "symbol": "ABCB", "reportedCurrency": "USD", "cik": "0000351569", "fillingDate": "1997-03-28", "acceptedDate": "1997-03-28 00:00:00", "calendarYear": "1996", "period": "FY", "revenue": 32900000, "costOfRevenue": 0, "grossProfit": 32900000, "grossProfitRatio": 1, "researchAndDevelopmentExpenses": 0, "generalAndAdministrativeExpenses": 10700000, "sellingAndMarketingExpenses": 0, "sellingGeneralAndAdministrativeExpenses": 10700000, "otherExpenses": -13000000, "operatingExpenses": -2300000, "costAndExpenses": -2300000, "interestIncome": 47800000, "interestExpense": 21200000, "depreciationAndAmortization": 2000000, "ebitda": 32600000, "ebitdaratio": 0.990881459, "operatingIncome": 30600000, "operatingIncomeRatio": 0.9300911854, "totalOtherIncomeExpensesNet": -21200000, "incomeBeforeTax": 9400000, "incomeBeforeTaxRatio": 0.2857142857, "incomeTaxExpense": 2700000, "netIncome": 6700000, "netIncomeRatio": 0.2036474164, "eps": 0.68, "epsdiluted": 0.68, "weightedAverageShsOut": 10579165, "weightedAverageShsOutDil": 10579165, "link": "https://www.sec.gov/Archives/edgar/data/351569/000093176397000417/0000931763-97-000417-index.html", "finalLink": "https://www.sec.gov/Archives/edgar/data/351569/", "calculatedOtherExpenses": -8400000, "calculatedOperatingExpenses": 2300000, "calculatedNetInterest": 26600000, "calculatedOtherIncome": -47800000, "calculatedIncomeNonControlling": 0, "calculatedEbitda": 32600000}, {"date": "1995-12-31", "symbol": "ABCB", "reportedCurrency": "USD", "cik": "0000351569", "fillingDate": "1996-03-28", "acceptedDate": "1996-03-28 00:00:00", "calendarYear": "1995", "period": "FY", "revenue": 19300000, "costOfRevenue": 0, "grossProfit": 19300000, "grossProfitRatio": 1, "researchAndDevelopmentExpenses": 0, "generalAndAdministrativeExpenses": 6200000, "sellingAndMarketingExpenses": 0, "sellingGeneralAndAdministrativeExpenses": 6200000, "otherExpenses": -8600000, "operatingExpenses": -2400000, "costAndExpenses": -2400000, "interestIncome": 26700000, "interestExpense": 10700000, "depreciationAndAmortization": 1200000, "ebitda": 18100000, "ebitdaratio": 0.9378238342, "operatingIncome": 16900000, "operatingIncomeRatio": 0.8756476684, "totalOtherIncomeExpensesNet": -10700000, "incomeBeforeTax": 6200000, "incomeBeforeTaxRatio": 0.3212435233, "incomeTaxExpense": 1900000, "netIncome": 4300000, "netIncomeRatio": 0.2227979275, "eps": 0.64, "epsdiluted": 0.64, "weightedAverageShsOut": 6269135, "weightedAverageShsOutDil": 6269135, "link": "https://www.sec.gov/Archives/edgar/data/351569/000093176396000098/0000931763-96-000098-index.html", "finalLink": "https://www.sec.gov/Archives/edgar/data/351569/", "calculatedOtherExpenses": -3800000, "calculatedOperatingExpenses": 2400000, "calculatedNetInterest": 16000000, "calculatedOtherIncome": -26700000, "calculatedIncomeNonControlling": 0, "calculatedEbitda": 18100000}, {"date": "1994-12-31", "symbol": "ABCB", "reportedCurrency": "USD", "cik": "0000351569", "fillingDate": "1995-03-31", "acceptedDate": "1995-03-31 00:00:00", "calendarYear": "1994", "period": "FY", "revenue": 16500000, "costOfRevenue": 0, "grossProfit": 16500000, "grossProfitRatio": 1, "researchAndDevelopmentExpenses": 0, "generalAndAdministrativeExpenses": 5700000, "sellingAndMarketingExpenses": 0, "sellingGeneralAndAdministrativeExpenses": 5700000, "otherExpenses": -10100000, "operatingExpenses": -4400000, "costAndExpenses": -4400000, "interestIncome": 21300000, "interestExpense": 7800000, "depreciationAndAmortization": 1100000, "ebitda": 13200000, "ebitdaratio": 0.8, "operatingIncome": 12100000, "operatingIncomeRatio": 0.7333333333, "totalOtherIncomeExpensesNet": -7800000, "incomeBeforeTax": 4300000, "incomeBeforeTaxRatio": 0.2606060606, "incomeTaxExpense": 1200000, "netIncome": 3100000, "netIncomeRatio": 0.1878787879, "eps": 0.57, "epsdiluted": 0.57, "weightedAverageShsOut": 5462350, "weightedAverageShsOutDil": 5462350, "link": "https://www.sec.gov/Archives/edgar/data/351569/000093176395000055/0000931763-95-000055-index.html", "finalLink": "https://www.sec.gov/Archives/edgar/data/351569/", "calculatedOtherExpenses": -1300000, "calculatedOperatingExpenses": 4400000, "calculatedNetInterest": 13500000, "calculatedOtherIncome": -21300000, "calculatedIncomeNonControlling": 0, "calculatedEbitda": 13200000}]}