{"originalCurrency": "USD", "convertedCurrency": "USD", "report": [{"date": "2023-10-31", "symbol": "ABM", "reportedCurrency": "USD", "cik": "0000771497", "fillingDate": "2023-12-18", "acceptedDate": "2023-12-18 16:40:38", "calendarYear": "2023", "period": "FY", "revenue": 8096400000, "costOfRevenue": 7114100000, "grossProfit": 982300000, "grossProfitRatio": 0.1213255274, "researchAndDevelopmentExpenses": 0, "generalAndAdministrativeExpenses": 0, "sellingAndMarketingExpenses": 0, "sellingGeneralAndAdministrativeExpenses": 572800000, "otherExpenses": 6464800000, "operatingExpenses": 7686900000, "costAndExpenses": 7686900000, "interestIncome": 0, "interestExpense": 82300000, "depreciationAndAmortization": 120700000, "ebitda": 534100000, "ebitdaratio": 0.0659675905, "operatingIncome": 409500000, "operatingIncomeRatio": 0.0505780347, "totalOtherIncomeExpensesNet": 3900000, "incomeBeforeTax": 331100000, "incomeBeforeTaxRatio": 0.0408947186, "incomeTaxExpense": 79700000, "netIncome": 251300000, "netIncomeRatio": 0.0310384862, "eps": 3.81, "epsdiluted": 3.79, "weightedAverageShsOut": 66000000, "weightedAverageShsOutDil": 66300000, "link": "https://www.sec.gov/Archives/edgar/data/771497/000077149723000025/0000771497-23-000025-index.htm", "finalLink": "https://www.sec.gov/Archives/edgar/data/771497/000077149723000025/abm-20231031.htm", "calculatedOtherExpenses": 0, "calculatedOperatingExpenses": 572800000, "calculatedNetInterest": -82300000, "calculatedOtherIncome": 3900000, "calculatedIncomeNonControlling": 100000, "calculatedEbitda": 530200000}, {"date": "2022-10-31", "symbol": "ABM", "reportedCurrency": "USD", "cik": "0000771497", "fillingDate": "2022-12-21", "acceptedDate": "2022-12-21 10:12:40", "calendarYear": "2022", "period": "FY", "revenue": 7806600000, "costOfRevenue": 6829600000, "grossProfit": 977000000, "grossProfitRatio": 0.1251505137, "researchAndDevelopmentExpenses": 0, "generalAndAdministrativeExpenses": 0, "sellingAndMarketingExpenses": 0, "sellingGeneralAndAdministrativeExpenses": 628300000, "otherExpenses": 6829600000, "operatingExpenses": 7457900000, "costAndExpenses": 7457900000, "interestIncome": 41100000, "interestExpense": 41100000, "depreciationAndAmortization": 74400000, "ebitda": 423200000, "ebitdaratio": 0.0542105398, "operatingIncome": 348800000, "operatingIncomeRatio": 0.0446801424, "totalOtherIncomeExpensesNet": -38800000, "incomeBeforeTax": 310000000, "incomeBeforeTaxRatio": 0.039709989, "incomeTaxExpense": 79600000, "netIncome": 230400000, "netIncomeRatio": 0.0295134886, "eps": 3.44, "epsdiluted": 3.41, "weightedAverageShsOut": 67100000, "weightedAverageShsOutDil": 67500000, "link": "https://www.sec.gov/Archives/edgar/data/771497/000077149722000028/0000771497-22-000028-index.htm", "finalLink": "https://www.sec.gov/Archives/edgar/data/771497/000077149722000028/abm-20221031.htm", "calculatedOtherExpenses": -100000, "calculatedOperatingExpenses": 628200000, "calculatedNetInterest": 0, "calculatedOtherIncome": -38800000, "calculatedIncomeNonControlling": 0, "calculatedEbitda": 423200000}, {"date": "2021-10-31", "symbol": "ABM", "reportedCurrency": "USD", "cik": "0000771497", "fillingDate": "2021-12-22", "acceptedDate": "2021-12-22 14:57:52", "calendarYear": "2021", "period": "FY", "revenue": 6228600000, "costOfRevenue": 5303100000, "grossProfit": 925500000, "grossProfitRatio": 0.1485887679, "researchAndDevelopmentExpenses": 0, "generalAndAdministrativeExpenses": 0, "sellingAndMarketingExpenses": 0, "sellingGeneralAndAdministrativeExpenses": 719200000, "otherExpenses": 5303200000, "operatingExpenses": 6022400000, "costAndExpenses": 6022400000, "interestIncome": 28600000, "interestExpense": 28600000, "depreciationAndAmortization": 47100000, "ebitda": 253400000, "ebitdaratio": 0.0406832996, "operatingIncome": 206300000, "operatingIncomeRatio": 0.0331214077, "totalOtherIncomeExpensesNet": -26500000, "incomeBeforeTax": 179800000, "incomeBeforeTaxRatio": 0.0288668401, "incomeTaxExpense": 53500000, "netIncome": 126300000, "netIncomeRatio": 0.0202774299, "eps": 1.87, "epsdiluted": 1.86, "weightedAverageShsOut": 67400000, "weightedAverageShsOutDil": 68000000, "link": "https://www.sec.gov/Archives/edgar/data/771497/000077149721000038/0000771497-21-000038-index.htm", "finalLink": "https://www.sec.gov/Archives/edgar/data/771497/000077149721000038/abm-20211031.htm", "calculatedOtherExpenses": 0, "calculatedOperatingExpenses": 719200000, "calculatedNetInterest": 0, "calculatedOtherIncome": -26500000, "calculatedIncomeNonControlling": 0, "calculatedEbitda": 253400000}, {"date": "2020-10-31", "symbol": "ABM", "reportedCurrency": "USD", "cik": "0000771497", "fillingDate": "2020-12-17", "acceptedDate": "2020-12-17 16:08:14", "calendarYear": "2020", "period": "FY", "revenue": 5987600000, "costOfRevenue": 5205400000, "grossProfit": 782200000, "grossProfitRatio": 0.1306366491, "researchAndDevelopmentExpenses": 0, "generalAndAdministrativeExpenses": 0, "sellingAndMarketingExpenses": 0, "sellingGeneralAndAdministrativeExpenses": 506100000, "otherExpenses": 5205400000, "operatingExpenses": 5711500000, "costAndExpenses": 5711500000, "interestIncome": 44600000, "interestExpense": 44600000, "depreciationAndAmortization": 48400000, "ebitda": 326700000, "ebitdaratio": 0.054562763, "operatingIncome": 278300000, "operatingIncomeRatio": 0.0464793907, "totalOtherIncomeExpensesNet": -225000000, "incomeBeforeTax": 53300000, "incomeBeforeTaxRatio": 0.0089017302, "incomeTaxExpense": 53100000, "netIncome": 200000, "netIncomeRatio": 3.34024e-05, "eps": 0.003, "epsdiluted": 0.003, "weightedAverageShsOut": 66900000, "weightedAverageShsOutDil": 67300000, "link": "https://www.sec.gov/Archives/edgar/data/771497/000077149720000018/0000771497-20-000018-index.htm", "finalLink": "https://www.sec.gov/Archives/edgar/data/771497/000077149720000018/abm-20201031.htm", "calculatedOtherExpenses": -2200000, "calculatedOperatingExpenses": 503900000, "calculatedNetInterest": 0, "calculatedOtherIncome": -225000000, "calculatedIncomeNonControlling": 0, "calculatedEbitda": 326700000}, {"date": "2019-10-31", "symbol": "ABM", "reportedCurrency": "USD", "cik": "0000771497", "fillingDate": "2019-12-20", "acceptedDate": "2019-12-20 15:28:08", "calendarYear": "2019", "period": "FY", "revenue": 6498600000, "costOfRevenue": 5767500000, "grossProfit": 731100000, "grossProfitRatio": 0.1125011541, "researchAndDevelopmentExpenses": 0, "generalAndAdministrativeExpenses": 0, "sellingAndMarketingExpenses": 0, "sellingGeneralAndAdministrativeExpenses": 452900000, "otherExpenses": 5826000000, "operatingExpenses": 6278900000, "costAndExpenses": 6278900000, "interestIncome": 51100000, "interestExpense": 51100000, "depreciationAndAmortization": 72700000, "ebitda": 281000000, "ebitdaratio": 0.0432400825, "operatingIncome": 208300000, "operatingIncomeRatio": 0.0320530576, "totalOtherIncomeExpensesNet": -48100000, "incomeBeforeTax": 160200000, "incomeBeforeTaxRatio": 0.0246514634, "incomeTaxExpense": 32700000, "netIncome": 127400000, "netIncomeRatio": 0.0196042224, "eps": 1.91, "epsdiluted": 1.9, "weightedAverageShsOut": 66600000, "weightedAverageShsOutDil": 66900000, "link": "https://www.sec.gov/Archives/edgar/data/771497/000162828019015259/0001628280-19-015259-index.htm", "finalLink": "https://www.sec.gov/Archives/edgar/data/771497/000162828019015259/abm10312019-10k.htm", "calculatedOtherExpenses": 69900000, "calculatedOperatingExpenses": 522800000, "calculatedNetInterest": 0, "calculatedOtherIncome": -48100000, "calculatedIncomeNonControlling": 100000, "calculatedEbitda": 281000000}, {"date": "2018-10-31", "symbol": "ABM", "reportedCurrency": "USD", "cik": "0000771497", "fillingDate": "2018-12-21", "acceptedDate": "2018-12-21 17:28:13", "calendarYear": "2018", "period": "FY", "revenue": 6442200000, "costOfRevenue": 5747400000, "grossProfit": 694800000, "grossProfitRatio": 0.1078513551, "researchAndDevelopmentExpenses": 0, "generalAndAdministrativeExpenses": 438000000, "sellingAndMarketingExpenses": 0, "sellingGeneralAndAdministrativeExpenses": 438000000, "otherExpenses": 5813400000, "operatingExpenses": 6251400000, "costAndExpenses": 6251400000, "interestIncome": 0, "interestExpense": 54100000, "depreciationAndAmortization": 66000000, "ebitda": 260000000, "ebitdaratio": 0.0403588836, "operatingIncome": 138600000, "operatingIncomeRatio": 0.0215143895, "totalOtherIncomeExpensesNet": -49000000, "incomeBeforeTax": 87700000, "incomeBeforeTaxRatio": 0.0136133619, "incomeTaxExpense": -8200000, "netIncome": 97800000, "netIncomeRatio": 0.0151811493, "eps": 1.48, "epsdiluted": 1.47, "weightedAverageShsOut": 66100000, "weightedAverageShsOutDil": 66400000, "link": "https://www.sec.gov/Archives/edgar/data/771497/000162828018015372/0001628280-18-015372-index.htm", "finalLink": "https://www.sec.gov/Archives/edgar/data/771497/000162828018015372/abm10312018-10k.htm", "calculatedOtherExpenses": 118200000, "calculatedOperatingExpenses": 556200000, "calculatedNetInterest": -54100000, "calculatedOtherIncome": 3200000, "calculatedIncomeNonControlling": -1900000, "calculatedEbitda": 204600000}, {"date": "2017-10-31", "symbol": "ABM", "reportedCurrency": "USD", "cik": "0000771497", "fillingDate": "2017-12-22", "acceptedDate": "2017-12-22 11:24:17", "calendarYear": "2017", "period": "FY", "revenue": 5453600000, "costOfRevenue": 4881200000, "grossProfit": 572400000, "grossProfitRatio": 0.1049581928, "researchAndDevelopmentExpenses": 0, "generalAndAdministrativeExpenses": 436600000, "sellingAndMarketingExpenses": 0, "sellingGeneralAndAdministrativeExpenses": 436600000, "otherExpenses": 4912800000, "operatingExpenses": 5349400000, "costAndExpenses": 5349400000, "interestIncome": 0, "interestExpense": 19200000, "depreciationAndAmortization": 31600000, "ebitda": 140100000, "ebitdaratio": 0.0256894528, "operatingIncome": 101900000, "operatingIncomeRatio": 0.0186849054, "totalOtherIncomeExpensesNet": 1800000, "incomeBeforeTax": 86900000, "incomeBeforeTaxRatio": 0.0159344286, "incomeTaxExpense": 8800000, "netIncome": 3800000, "netIncomeRatio": 0.0006967874, "eps": 0.07, "epsdiluted": 0.07, "weightedAverageShsOut": 57700000, "weightedAverageShsOutDil": 58300000, "link": "https://www.sec.gov/Archives/edgar/data/771497/000162828017012508/0001628280-17-012508-index.htm", "finalLink": "https://www.sec.gov/Archives/edgar/data/771497/000162828017012508/abm10312017-10k.htm", "calculatedOtherExpenses": 33900000, "calculatedOperatingExpenses": 470500000, "calculatedNetInterest": -19200000, "calculatedOtherIncome": 4200000, "calculatedIncomeNonControlling": 74300000, "calculatedEbitda": 133500000}, {"date": "2016-10-31", "symbol": "ABM", "reportedCurrency": "USD", "cik": "0000771497", "fillingDate": "2016-12-21", "acceptedDate": "2016-12-21 17:01:53", "calendarYear": "2016", "period": "FY", "revenue": 5144700000, "costOfRevenue": 4623400000, "grossProfit": 521300000, "grossProfitRatio": 0.1013275798, "researchAndDevelopmentExpenses": 0, "generalAndAdministrativeExpenses": 390100000, "sellingAndMarketingExpenses": 0, "sellingGeneralAndAdministrativeExpenses": 390100000, "otherExpenses": 4648400000, "operatingExpenses": 5038500000, "costAndExpenses": 5038500000, "interestIncome": 0, "interestExpense": 10400000, "depreciationAndAmortization": 25000000, "ebitda": 138800000, "ebitdaratio": 0.0269792213, "operatingIncome": 54700000, "operatingIncomeRatio": 0.0106323012, "totalOtherIncomeExpensesNet": -43900000, "incomeBeforeTax": 51900000, "incomeBeforeTaxRatio": 0.0100880518, "incomeTaxExpense": -10400000, "netIncome": 57200000, "netIncomeRatio": 0.0111182382, "eps": 1.02, "epsdiluted": 1.01, "weightedAverageShsOut": 56300000, "weightedAverageShsOutDil": 56900000, "link": "https://www.sec.gov/Archives/edgar/data/771497/000162828016022122/0001628280-16-022122-index.htm", "finalLink": "https://www.sec.gov/Archives/edgar/data/771497/000162828016022122/abm10312016-10k.htm", "calculatedOtherExpenses": 76500000, "calculatedOperatingExpenses": 466600000, "calculatedNetInterest": -10400000, "calculatedOtherIncome": 7600000, "calculatedIncomeNonControlling": 5100000, "calculatedEbitda": 79700000}, {"date": "2015-10-31", "symbol": "ABM", "reportedCurrency": "USD", "cik": "0000771497", "fillingDate": "2015-12-17", "acceptedDate": "2015-12-17 17:23:25", "calendarYear": "2015", "period": "FY", "revenue": 4897800000, "costOfRevenue": 4410000000, "grossProfit": 487800000, "grossProfitRatio": 0.0995957369, "researchAndDevelopmentExpenses": 0, "generalAndAdministrativeExpenses": 390000000, "sellingAndMarketingExpenses": 0, "sellingGeneralAndAdministrativeExpenses": 390000000, "otherExpenses": 4434200000, "operatingExpenses": 4824200000, "costAndExpenses": 4824200000, "interestIncome": 0, "interestExpense": 10200000, "depreciationAndAmortization": 24200000, "ebitda": 106800000, "ebitdaratio": 0.0218057087, "operatingIncome": 73600000, "operatingIncomeRatio": 0.015027155, "totalOtherIncomeExpensesNet": 9000000, "incomeBeforeTax": 72400000, "incomeBeforeTaxRatio": 0.0147821471, "incomeTaxExpense": 18300000, "netIncome": 76300000, "netIncomeRatio": 0.015578423, "eps": 1.35, "epsdiluted": 1.33, "weightedAverageShsOut": 56700000, "weightedAverageShsOutDil": 57400000, "link": "https://www.sec.gov/Archives/edgar/data/771497/000162828015009602/0001628280-15-009602-index.htm", "finalLink": "https://www.sec.gov/Archives/edgar/data/771497/000162828015009602/abm10312015-10k.htm", "calculatedOtherExpenses": 24200000, "calculatedOperatingExpenses": 414200000, "calculatedNetInterest": -10200000, "calculatedOtherIncome": 9000000, "calculatedIncomeNonControlling": -22200000, "calculatedEbitda": 97800000}, {"date": "2014-10-31", "symbol": "ABM", "reportedCurrency": "USD", "cik": "0000771497", "fillingDate": "2014-12-17", "acceptedDate": "2014-12-17 14:55:37", "calendarYear": "2014", "period": "FY", "revenue": 5032800000, "costOfRevenue": 4513500000, "grossProfit": 519300000, "grossProfitRatio": 0.1031831187, "researchAndDevelopmentExpenses": 0, "generalAndAdministrativeExpenses": 363900000, "sellingAndMarketingExpenses": 0, "sellingGeneralAndAdministrativeExpenses": 363900000, "otherExpenses": 4540300000, "operatingExpenses": 4904200000, "costAndExpenses": 4904200000, "interestIncome": 0, "interestExpense": 10700000, "depreciationAndAmortization": 26800000, "ebitda": 161900000, "ebitdaratio": 0.0321689715, "operatingIncome": 128600000, "operatingIncomeRatio": 0.0255523764, "totalOtherIncomeExpensesNet": 6500000, "incomeBeforeTax": 124400000, "incomeBeforeTaxRatio": 0.0247178509, "incomeTaxExpense": 48800000, "netIncome": 75600000, "netIncomeRatio": 0.0150214592, "eps": 1.35, "epsdiluted": 1.32, "weightedAverageShsOut": 56100000, "weightedAverageShsOutDil": 57100000, "link": "https://www.sec.gov/Archives/edgar/data/771497/000144530514005592/0001445305-14-005592-index.htm", "finalLink": "https://www.sec.gov/Archives/edgar/data/771497/000144530514005592/abm10312014-10k.htm", "calculatedOtherExpenses": 26800000, "calculatedOperatingExpenses": 390700000, "calculatedNetInterest": -10700000, "calculatedOtherIncome": 6500000, "calculatedIncomeNonControlling": 0, "calculatedEbitda": 155400000}, {"date": "2013-10-31", "symbol": "ABM", "reportedCurrency": "USD", "cik": "0000771497", "fillingDate": "2013-12-18", "acceptedDate": "2013-12-18 16:13:04", "calendarYear": "2013", "period": "FY", "revenue": 4809281000, "costOfRevenue": 4313429000, "grossProfit": 495852000, "grossProfitRatio": 0.1031031458, "researchAndDevelopmentExpenses": 0, "generalAndAdministrativeExpenses": 348274000, "sellingAndMarketingExpenses": 0, "sellingGeneralAndAdministrativeExpenses": 348274000, "otherExpenses": 4341982000, "operatingExpenses": 4690256000, "costAndExpenses": 4690256000, "interestIncome": 0, "interestExpense": 12892000, "depreciationAndAmortization": 28553000, "ebitda": 153897000, "ebitdaratio": 0.0320000017, "operatingIncome": 119025000, "operatingIncomeRatio": 0.0247490217, "totalOtherIncomeExpensesNet": 6319000, "incomeBeforeTax": 112452000, "incomeBeforeTaxRatio": 0.0233822894, "incomeTaxExpense": 39552000, "netIncome": 72900000, "netIncomeRatio": 0.015158191, "eps": 1.33, "epsdiluted": 1.3, "weightedAverageShsOut": 54877000, "weightedAverageShsOutDil": 56067000, "link": "https://www.sec.gov/Archives/edgar/data/771497/000119312513477634/0001193125-13-477634-index.htm", "finalLink": "https://www.sec.gov/Archives/edgar/data/771497/000119312513477634/d599535d10k.htm", "calculatedOtherExpenses": 28553000, "calculatedOperatingExpenses": 376827000, "calculatedNetInterest": -12892000, "calculatedOtherIncome": 6319000, "calculatedIncomeNonControlling": 0, "calculatedEbitda": 147578000}, {"date": "2012-10-31", "symbol": "ABM", "reportedCurrency": "USD", "cik": "0000771497", "fillingDate": "2012-12-20", "acceptedDate": "2012-12-20 13:30:17", "calendarYear": "2012", "period": "FY", "revenue": 4300265000, "costOfRevenue": 3854380000, "grossProfit": 445885000, "grossProfitRatio": 0.103687796, "researchAndDevelopmentExpenses": 0, "generalAndAdministrativeExpenses": 327855000, "sellingAndMarketingExpenses": 0, "sellingGeneralAndAdministrativeExpenses": 327855000, "otherExpenses": 21464000, "operatingExpenses": 4203699000, "costAndExpenses": 4203699000, "interestIncome": 0, "interestExpense": 9999000, "depreciationAndAmortization": 21464000, "ebitda": 124425000, "ebitdaratio": 0.0289342634, "operatingIncome": 96566000, "operatingIncomeRatio": 0.0224558254, "totalOtherIncomeExpensesNet": 6082000, "incomeBeforeTax": 92649000, "incomeBeforeTaxRatio": 0.0215449513, "incomeTaxExpense": 29931000, "netIncome": 62582000, "netIncomeRatio": 0.0145530566, "eps": 1.16, "epsdiluted": 1.14, "weightedAverageShsOut": 53987000, "weightedAverageShsOutDil": 54914000, "link": "https://www.sec.gov/Archives/edgar/data/771497/000119312512509900/0001193125-12-509900-index.htm", "finalLink": "https://www.sec.gov/Archives/edgar/data/771497/000119312512509900/d435349d10k.htm", "calculatedOtherExpenses": 21464000, "calculatedOperatingExpenses": 349319000, "calculatedNetInterest": -9999000, "calculatedOtherIncome": 6082000, "calculatedIncomeNonControlling": 136000, "calculatedEbitda": 118030000}, {"date": "2011-10-31", "symbol": "ABM", "reportedCurrency": "USD", "cik": "0000771497", "fillingDate": "2011-12-23", "acceptedDate": "2011-12-23 11:21:43", "calendarYear": "2011", "period": "FY", "revenue": 4246842000, "costOfRevenue": 3781264000, "grossProfit": 465578000, "grossProfitRatio": 0.1096292257, "researchAndDevelopmentExpenses": 0, "generalAndAdministrativeExpenses": 324762000, "sellingAndMarketingExpenses": 0, "sellingGeneralAndAdministrativeExpenses": 324762000, "otherExpenses": 23248000, "operatingExpenses": 348010000, "costAndExpenses": 4129274000, "interestIncome": 0, "interestExpense": 15805000, "depreciationAndAmortization": 23248000, "ebitda": 144731000, "ebitdaratio": 0.0340796761, "operatingIncome": 117568000, "operatingIncomeRatio": 0.0276836294, "totalOtherIncomeExpensesNet": 3915000, "incomeBeforeTax": 105678000, "incomeBeforeTaxRatio": 0.024883902, "incomeTaxExpense": 36980000, "netIncome": 68504000, "netIncomeRatio": 0.0161305742, "eps": 1.29, "epsdiluted": 1.27, "weightedAverageShsOut": 53121000, "weightedAverageShsOutDil": 54103000, "link": "https://www.sec.gov/Archives/edgar/data/771497/000119312511351704/0001193125-11-351704-index.htm", "finalLink": "https://www.sec.gov/Archives/edgar/data/771497/000119312511351704/d234293d10k.htm", "calculatedOtherExpenses": 23248000, "calculatedOperatingExpenses": 348010000, "calculatedNetInterest": -15805000, "calculatedOtherIncome": 3915000, "calculatedIncomeNonControlling": 194000, "calculatedEbitda": 140816000}, {"date": "2010-10-31", "symbol": "ABM", "reportedCurrency": "USD", "cik": "0000771497", "fillingDate": "2010-12-23", "acceptedDate": "2010-12-23 11:25:54", "calendarYear": "2010", "period": "FY", "revenue": 3495747000, "costOfRevenue": 3134018000, "grossProfit": 361729000, "grossProfitRatio": 0.1034768821, "researchAndDevelopmentExpenses": 0, "generalAndAdministrativeExpenses": 241526000, "sellingAndMarketingExpenses": 0, "sellingGeneralAndAdministrativeExpenses": 241526000, "otherExpenses": 11364000, "operatingExpenses": 252890000, "costAndExpenses": 3386908000, "interestIncome": 0, "interestExpense": 4639000, "depreciationAndAmortization": 11364000, "ebitda": 119949000, "ebitdaratio": 0.0343128379, "operatingIncome": 108839000, "operatingIncomeRatio": 0.0311346902, "totalOtherIncomeExpensesNet": 127000, "incomeBeforeTax": 104073000, "incomeBeforeTaxRatio": 0.0297713193, "incomeTaxExpense": 40203000, "netIncome": 64121000, "netIncomeRatio": 0.0183425746, "eps": 1.23, "epsdiluted": 1.21, "weightedAverageShsOut": 52490000, "weightedAverageShsOutDil": 53369000, "link": "https://www.sec.gov/Archives/edgar/data/771497/000095012310116105/0000950123-10-116105-index.htm", "finalLink": "https://www.sec.gov/Archives/edgar/data/771497/000095012310116105/y87222e10vk.htm", "calculatedOtherExpenses": 11364000, "calculatedOperatingExpenses": 252890000, "calculatedNetInterest": -4639000, "calculatedOtherIncome": -127000, "calculatedIncomeNonControlling": -251000, "calculatedEbitda": 120203000}, {"date": "2009-10-31", "symbol": "ABM", "reportedCurrency": "USD", "cik": "0000771497", "fillingDate": "2009-12-22", "acceptedDate": "2009-12-22 17:27:42", "calendarYear": "2009", "period": "FY", "revenue": 3481823000, "costOfRevenue": 3114699000, "grossProfit": 367124000, "grossProfitRatio": 0.1054401674, "researchAndDevelopmentExpenses": 0, "generalAndAdministrativeExpenses": 263633000, "sellingAndMarketingExpenses": 0, "sellingGeneralAndAdministrativeExpenses": 263633000, "otherExpenses": 11384000, "operatingExpenses": 275017000, "costAndExpenses": 3389716000, "interestIncome": 0, "interestExpense": 5881000, "depreciationAndAmortization": 11384000, "ebitda": 103491000, "ebitdaratio": 0.0297232226, "operatingIncome": 92107000, "operatingIncomeRatio": 0.026453671, "totalOtherIncomeExpensesNet": -1566000, "incomeBeforeTax": 84660000, "incomeBeforeTaxRatio": 0.0243148489, "incomeTaxExpense": 29170000, "netIncome": 54293000, "netIncomeRatio": 0.0155932682, "eps": 1.06, "epsdiluted": 1.05, "weightedAverageShsOut": 51373000, "weightedAverageShsOutDil": 51845000, "link": "https://www.sec.gov/Archives/edgar/data/771497/000095012309072792/0000950123-09-072792-index.htm", "finalLink": "https://www.sec.gov/Archives/edgar/data/771497/000095012309072792/y81068e10vk.htm", "calculatedOtherExpenses": 11384000, "calculatedOperatingExpenses": 275017000, "calculatedNetInterest": -5881000, "calculatedOtherIncome": -1566000, "calculatedIncomeNonControlling": 1197000, "calculatedEbitda": 103491000}, {"date": "2008-10-31", "symbol": "ABM", "reportedCurrency": "USD", "cik": "0000771497", "fillingDate": "2008-12-22", "acceptedDate": "2008-12-22 17:11:07", "calendarYear": "2008", "period": "FY", "revenue": 3623590000, "costOfRevenue": 3224696000, "grossProfit": 398894000, "grossProfitRatio": 0.1100825425, "researchAndDevelopmentExpenses": 0, "generalAndAdministrativeExpenses": 287650000, "sellingAndMarketingExpenses": 0, "sellingGeneralAndAdministrativeExpenses": 287650000, "otherExpenses": 11735000, "operatingExpenses": 299385000, "costAndExpenses": 3524081000, "interestIncome": 0, "interestExpense": 22490000, "depreciationAndAmortization": 28075000, "ebitda": 127584000, "ebitdaratio": 0.0352092814, "operatingIncome": 99509000, "operatingIncomeRatio": 0.0274614402, "totalOtherIncomeExpensesNet": -15193000, "incomeBeforeTax": 84316000, "incomeBeforeTaxRatio": 0.0232686369, "incomeTaxExpense": 31585000, "netIncome": 45434000, "netIncomeRatio": 0.0125383942, "eps": 0.9, "epsdiluted": 0.88, "weightedAverageShsOut": 50519000, "weightedAverageShsOutDil": 51386000, "link": "https://www.sec.gov/Archives/edgar/data/771497/000095012308018152/0000950123-08-018152-index.htm", "finalLink": "https://www.sec.gov/Archives/edgar/data/771497/000095012308018152/y73442e10vk.htm", "calculatedOtherExpenses": 11735000, "calculatedOperatingExpenses": 299385000, "calculatedNetInterest": -22490000, "calculatedOtherIncome": 7297000, "calculatedIncomeNonControlling": 7297000, "calculatedEbitda": 127584000}, {"date": "2007-10-31", "symbol": "ABM", "reportedCurrency": "USD", "cik": "0000771497", "fillingDate": "2007-12-21", "acceptedDate": "2007-12-21 17:18:31", "calendarYear": "2007", "period": "FY", "revenue": 2842811000, "costOfRevenue": 2540142000, "grossProfit": 302669000, "grossProfitRatio": 0.1064682105, "researchAndDevelopmentExpenses": 0, "generalAndAdministrativeExpenses": 216850000, "sellingAndMarketingExpenses": 0, "sellingGeneralAndAdministrativeExpenses": 216850000, "otherExpenses": 5565000, "operatingExpenses": 222415000, "costAndExpenses": 2762557000, "interestIncome": 0, "interestExpense": 467000, "depreciationAndAmortization": 18752000, "ebitda": 99006000, "ebitdaratio": 0.0348267964, "operatingIncome": 80254000, "operatingIncomeRatio": 0.0282305085, "totalOtherIncomeExpensesNet": -467000, "incomeBeforeTax": 79787000, "incomeBeforeTaxRatio": 0.0280662344, "incomeTaxExpense": 27347000, "netIncome": 52440000, "netIncomeRatio": 0.0184465306, "eps": 1.06, "epsdiluted": 1.04, "weightedAverageShsOut": 49496000, "weightedAverageShsOutDil": 50629000, "link": "https://www.sec.gov/Archives/edgar/data/771497/000095013407026080/0000950134-07-026080-index.htm", "finalLink": "https://www.sec.gov/Archives/edgar/data/771497/000095013407026080/f36581e10vk.htm", "calculatedOtherExpenses": 5565000, "calculatedOperatingExpenses": 222415000, "calculatedNetInterest": -467000, "calculatedOtherIncome": 0, "calculatedIncomeNonControlling": 0, "calculatedEbitda": 99006000}, {"date": "2006-10-31", "symbol": "ABM", "reportedCurrency": "USD", "cik": "0000771497", "fillingDate": "2006-12-22", "acceptedDate": "2006-12-22 16:53:59", "calendarYear": "2006", "period": "FY", "revenue": 2792668000, "costOfRevenue": 2421552000, "grossProfit": 371116000, "grossProfitRatio": 0.132889409, "researchAndDevelopmentExpenses": 0, "generalAndAdministrativeExpenses": 207116000, "sellingAndMarketingExpenses": 0, "sellingGeneralAndAdministrativeExpenses": 207116000, "otherExpenses": 5764000, "operatingExpenses": 212880000, "costAndExpenses": 2634432000, "interestIncome": 0, "interestExpense": -79505000, "depreciationAndAmortization": 20745000, "ebitda": 98981000, "ebitdaratio": 0.0354431676, "operatingIncome": 158236000, "operatingIncomeRatio": 0.0566612286, "totalOtherIncomeExpensesNet": 80000000, "incomeBeforeTax": 157741000, "incomeBeforeTaxRatio": 0.0564839788, "incomeTaxExpense": 64536000, "netIncome": 93205000, "netIncomeRatio": 0.0333748945, "eps": 1.9, "epsdiluted": 1.88, "weightedAverageShsOut": 49054000, "weightedAverageShsOutDil": 49678000, "link": "https://www.sec.gov/Archives/edgar/data/771497/000095013406023656/0000950134-06-023656-index.htm", "finalLink": "https://www.sec.gov/Archives/edgar/data/771497/000095013406023656/f25881e10vk.htm", "calculatedOtherExpenses": 5764000, "calculatedOperatingExpenses": 212880000, "calculatedNetInterest": 79505000, "calculatedOtherIncome": -80000000, "calculatedIncomeNonControlling": 0, "calculatedEbitda": 178981000}, {"date": "2005-10-31", "symbol": "ABM", "reportedCurrency": "USD", "cik": "0000771497", "fillingDate": "2006-03-29", "acceptedDate": "2006-03-29 16:53:20", "calendarYear": "2005", "period": "FY", "revenue": 2587761000, "costOfRevenue": 2312687000, "grossProfit": 275074000, "grossProfitRatio": 0.10629807, "researchAndDevelopmentExpenses": 0, "generalAndAdministrativeExpenses": 204131000, "sellingAndMarketingExpenses": 0, "sellingGeneralAndAdministrativeExpenses": 204131000, "otherExpenses": 5673000, "operatingExpenses": 209804000, "costAndExpenses": 2522491000, "interestIncome": 0, "interestExpense": -14698000, "depreciationAndAmortization": 19591000, "ebitda": 83666000, "ebitdaratio": 0.0323314247, "operatingIncome": 65270000, "operatingIncomeRatio": 0.0252225766, "totalOtherIncomeExpensesNet": 1195000, "incomeBeforeTax": 64386000, "incomeBeforeTaxRatio": 0.0248809685, "incomeTaxExpense": 20832000, "netIncome": 57941000, "netIncomeRatio": 0.0223903985, "eps": 1.17, "epsdiluted": 1.15, "weightedAverageShsOut": 49332000, "weightedAverageShsOutDil": 50367000, "link": "https://www.sec.gov/Archives/edgar/data/771497/000095013406006158/0000950134-06-006158-index.htm", "finalLink": "https://www.sec.gov/Archives/edgar/data/771497/000095013406006158/f16287e10vk.htm", "calculatedOtherExpenses": 5673000, "calculatedOperatingExpenses": 209804000, "calculatedNetInterest": 14698000, "calculatedOtherIncome": -15582000, "calculatedIncomeNonControlling": -14387000, "calculatedEbitda": 84861000}, {"date": "2004-10-31", "symbol": "ABM", "reportedCurrency": "USD", "cik": "0000771497", "fillingDate": "2005-01-14", "acceptedDate": "2005-01-14 17:12:33", "calendarYear": "2004", "period": "FY", "revenue": 2416223000, "costOfRevenue": 2187659000, "grossProfit": 228564000, "grossProfitRatio": 0.0945955733, "researchAndDevelopmentExpenses": 0, "generalAndAdministrativeExpenses": 176667000, "sellingAndMarketingExpenses": 0, "sellingGeneralAndAdministrativeExpenses": 176667000, "otherExpenses": 4519000, "operatingExpenses": 181186000, "costAndExpenses": 2368845000, "interestIncome": 0, "interestExpense": 1016000, "depreciationAndAmortization": 17667000, "ebitda": 65045000, "ebitdaratio": 0.0269201146, "operatingIncome": 47378000, "operatingIncomeRatio": 0.0196082895, "totalOtherIncomeExpensesNet": -1016000, "incomeBeforeTax": 46362000, "incomeBeforeTaxRatio": 0.0191877985, "incomeTaxExpense": 15889000, "netIncome": 30473000, "netIncomeRatio": 0.0126118326, "eps": 0.63, "epsdiluted": 0.61, "weightedAverageShsOut": 48641000, "weightedAverageShsOutDil": 50064000, "link": "https://www.sec.gov/Archives/edgar/data/771497/000095013405000777/0000950134-05-000777-index.htm", "finalLink": "https://www.sec.gov/Archives/edgar/data/771497/000095013405000777/f04468e10vk.htm", "calculatedOtherExpenses": 4519000, "calculatedOperatingExpenses": 181186000, "calculatedNetInterest": -1016000, "calculatedOtherIncome": 0, "calculatedIncomeNonControlling": 0, "calculatedEbitda": 65045000}, {"date": "2003-10-31", "symbol": "ABM", "reportedCurrency": "USD", "cik": "0000771497", "fillingDate": "2004-01-14", "acceptedDate": "2004-01-14 14:16:45", "calendarYear": "2003", "period": "FY", "revenue": 2262476000, "costOfRevenue": 2035731000, "grossProfit": 226745000, "grossProfitRatio": 0.1002198476, "researchAndDevelopmentExpenses": 0, "generalAndAdministrativeExpenses": 171135000, "sellingAndMarketingExpenses": 0, "sellingGeneralAndAdministrativeExpenses": 171135000, "otherExpenses": 0, "operatingExpenses": 171135000, "costAndExpenses": 2206866000, "interestIncome": 0, "interestExpense": -53302000, "depreciationAndAmortization": 14829000, "ebitda": 70439000, "ebitdaratio": 0.0311335899, "operatingIncome": 55610000, "operatingIncomeRatio": 0.0245792663, "totalOtherIncomeExpensesNet": -758000, "incomeBeforeTax": 54852000, "incomeBeforeTaxRatio": 0.0242442351, "incomeTaxExpense": 18454000, "netIncome": 90458000, "netIncomeRatio": 0.0399818606, "eps": 1.85, "epsdiluted": 1.82, "weightedAverageShsOut": 49065000, "weightedAverageShsOutDil": 50004000, "link": "https://www.sec.gov/Archives/edgar/data/771497/000095014904000137/0000950149-04-000137-index.htm", "finalLink": "https://www.sec.gov/Archives/edgar/data/771497/000095014904000137/f95384e10vk.htm", "calculatedOtherExpenses": 0, "calculatedOperatingExpenses": 171135000, "calculatedNetInterest": 53302000, "calculatedOtherIncome": -54060000, "calculatedIncomeNonControlling": -54060000, "calculatedEbitda": 70439000}, {"date": "2002-10-31", "symbol": "ABM", "reportedCurrency": "USD", "cik": "0000771497", "fillingDate": "2002-12-17", "acceptedDate": "2002-12-17 17:23:46", "calendarYear": "2002", "period": "FY", "revenue": 2191957000, "costOfRevenue": 1946750000, "grossProfit": 245207000, "grossProfitRatio": 0.1118667018, "researchAndDevelopmentExpenses": 0, "generalAndAdministrativeExpenses": 174827000, "sellingAndMarketingExpenses": 0, "sellingGeneralAndAdministrativeExpenses": 174827000, "otherExpenses": 0, "operatingExpenses": 174827000, "costAndExpenses": 2121577000, "interestIncome": 0, "interestExpense": -8973000, "depreciationAndAmortization": 15182000, "ebitda": 75537000, "ebitdaratio": 0.0344609862, "operatingIncome": 70380000, "operatingIncomeRatio": 0.0321082941, "totalOtherIncomeExpensesNet": 10025000, "incomeBeforeTax": 69328000, "incomeBeforeTaxRatio": 0.0316283577, "incomeTaxExpense": 22600000, "netIncome": 46728000, "netIncomeRatio": 0.0213179364, "eps": 0.9, "epsdiluted": 0.87, "weightedAverageShsOut": 49116000, "weightedAverageShsOutDil": 51015000, "link": "https://www.sec.gov/Archives/edgar/data/771497/000095014902002436/0000950149-02-002436-index.htm", "finalLink": "https://www.sec.gov/Archives/edgar/data/771497/000095014902002436/f86502e10vk.htm", "calculatedOtherExpenses": 0, "calculatedOperatingExpenses": 174827000, "calculatedNetInterest": 8973000, "calculatedOtherIncome": -10025000, "calculatedIncomeNonControlling": 0, "calculatedEbitda": 85562000}, {"date": "2001-10-31", "symbol": "ABM", "reportedCurrency": "USD", "cik": "0000771497", "fillingDate": "2001-12-24", "acceptedDate": "2001-12-24 00:00:00", "calendarYear": "2001", "period": "FY", "revenue": 1950038000, "costOfRevenue": 1722334000, "grossProfit": 227704000, "grossProfitRatio": 0.1167690066, "researchAndDevelopmentExpenses": 0, "generalAndAdministrativeExpenses": 172157000, "sellingAndMarketingExpenses": 0, "sellingGeneralAndAdministrativeExpenses": 172157000, "otherExpenses": 0, "operatingExpenses": 172157000, "costAndExpenses": 1894491000, "interestIncome": 0, "interestExpense": 2602000, "depreciationAndAmortization": 26328000, "ebitda": 81875000, "ebitdaratio": 0.0419863613, "operatingIncome": 55547000, "operatingIncomeRatio": 0.0284850859, "totalOtherIncomeExpensesNet": -2602000, "incomeBeforeTax": 52945000, "incomeBeforeTaxRatio": 0.027150753, "incomeTaxExpense": 20119000, "netIncome": 32826000, "netIncomeRatio": 0.0168335181, "eps": 0.63, "epsdiluted": 0.6, "weightedAverageShsOut": 47598000, "weightedAverageShsOutDil": 50020000, "link": "https://www.sec.gov/Archives/edgar/data/771497/000095014901501984/0000950149-01-501984-index.htm", "finalLink": "https://www.sec.gov/Archives/edgar/data/771497/000095014901501984/f77849e10-k.txt", "calculatedOtherExpenses": 0, "calculatedOperatingExpenses": 172157000, "calculatedNetInterest": -2602000, "calculatedOtherIncome": 0, "calculatedIncomeNonControlling": 0, "calculatedEbitda": 81875000}, {"date": "2000-10-31", "symbol": "ABM", "reportedCurrency": "USD", "cik": "0000771497", "fillingDate": "2001-01-29", "acceptedDate": "2001-01-29 00:00:00", "calendarYear": "2000", "period": "FY", "revenue": 1807557000, "costOfRevenue": 1573998000, "grossProfit": 233559000, "grossProfitRatio": 0.1292125228, "researchAndDevelopmentExpenses": 0, "generalAndAdministrativeExpenses": 157546000, "sellingAndMarketingExpenses": 0, "sellingGeneralAndAdministrativeExpenses": 157546000, "otherExpenses": 0, "operatingExpenses": 157546000, "costAndExpenses": 1731544000, "interestIncome": 0, "interestExpense": 3320000, "depreciationAndAmortization": 23524000, "ebitda": 99537000, "ebitdaratio": 0.0550671431, "operatingIncome": 76013000, "operatingIncomeRatio": 0.0420528924, "totalOtherIncomeExpensesNet": -3320000, "incomeBeforeTax": 72693000, "incomeBeforeTaxRatio": 0.0402161592, "incomeTaxExpense": 28350000, "netIncome": 44343000, "netIncomeRatio": 0.0245320065, "eps": 0.95, "epsdiluted": 0.91, "weightedAverageShsOut": 45102000, "weightedAverageShsOutDil": 47418000, "link": "https://www.sec.gov/Archives/edgar/data/771497/000095014901000111/0000950149-01-000111-index.htm", "finalLink": "https://www.sec.gov/Archives/edgar/data/771497/000095014901000111/f68754e10-k405.txt", "calculatedOtherExpenses": 0, "calculatedOperatingExpenses": 157546000, "calculatedNetInterest": -3320000, "calculatedOtherIncome": 0, "calculatedIncomeNonControlling": 0, "calculatedEbitda": 99537000}, {"date": "1999-10-31", "symbol": "ABM", "reportedCurrency": "USD", "cik": "0000771497", "fillingDate": "2000-01-28", "acceptedDate": "2000-01-28 00:00:00", "calendarYear": "1999", "period": "FY", "revenue": 1629716000, "costOfRevenue": 1413541000, "grossProfit": 216175000, "grossProfitRatio": 0.1326458107, "researchAndDevelopmentExpenses": 0, "generalAndAdministrativeExpenses": 146984000, "sellingAndMarketingExpenses": 0, "sellingGeneralAndAdministrativeExpenses": 146984000, "otherExpenses": 0, "operatingExpenses": 146984000, "costAndExpenses": 1560525000, "interestIncome": 0, "interestExpense": 1959000, "depreciationAndAmortization": 20698000, "ebitda": 89889000, "ebitdaratio": 0.0551562358, "operatingIncome": 69191000, "operatingIncomeRatio": 0.0424558635, "totalOtherIncomeExpensesNet": -1959000, "incomeBeforeTax": 67232000, "incomeBeforeTaxRatio": 0.0412538135, "incomeTaxExpense": 27565000, "netIncome": 39667000, "netIncomeRatio": 0.0243398236, "eps": 0.89, "epsdiluted": 0.83, "weightedAverageShsOut": 44858757, "weightedAverageShsOutDil": 48121212, "link": "https://www.sec.gov/Archives/edgar/data/771497/000095014900000101/0000950149-00-000101-index.htm", "finalLink": "https://www.sec.gov/Archives/edgar/data/771497/000095014900000101/0000950149-00-000101.txt", "calculatedOtherExpenses": 0, "calculatedOperatingExpenses": 146984000, "calculatedNetInterest": -1959000, "calculatedOtherIncome": 0, "calculatedIncomeNonControlling": 0, "calculatedEbitda": 89889000}, {"date": "1998-10-31", "symbol": "ABM", "reportedCurrency": "USD", "cik": "0000771497", "fillingDate": "1999-01-28", "acceptedDate": "1999-01-28 00:00:00", "calendarYear": "1998", "period": "FY", "revenue": 1501827000, "costOfRevenue": 1298423000, "grossProfit": 203404000, "grossProfitRatio": 0.1354377035, "researchAndDevelopmentExpenses": 0, "generalAndAdministrativeExpenses": 142431000, "sellingAndMarketingExpenses": 0, "sellingGeneralAndAdministrativeExpenses": 142431000, "otherExpenses": 0, "operatingExpenses": 142431000, "costAndExpenses": 1440854000, "interestIncome": 0, "interestExpense": 3465000, "depreciationAndAmortization": 19593000, "ebitda": 80566000, "ebitdaratio": 0.0536453267, "operatingIncome": 60973000, "operatingIncomeRatio": 0.0405992168, "totalOtherIncomeExpensesNet": -3465000, "incomeBeforeTax": 57508000, "incomeBeforeTaxRatio": 0.038292027, "incomeTaxExpense": 23578000, "netIncome": 33930000, "netIncomeRatio": 0.0225924824, "eps": 0.79, "epsdiluted": 0.72, "weightedAverageShsOut": 42220000, "weightedAverageShsOutDil": 46322000, "link": "https://www.sec.gov/Archives/edgar/data/771497/000104746999002541/0001047469-99-002541-index.htm", "finalLink": "https://www.sec.gov/Archives/edgar/data/771497/0001047469-99-002541.txt", "calculatedOtherExpenses": 0, "calculatedOperatingExpenses": 142431000, "calculatedNetInterest": -3465000, "calculatedOtherIncome": 0, "calculatedIncomeNonControlling": 0, "calculatedEbitda": 80566000}, {"date": "1997-10-31", "symbol": "ABM", "reportedCurrency": "USD", "cik": "0000771497", "fillingDate": "1998-01-29", "acceptedDate": "1998-01-29 00:00:00", "calendarYear": "1997", "period": "FY", "revenue": 1252472000, "costOfRevenue": 1076078000, "grossProfit": 176394000, "grossProfitRatio": 0.1408366814, "researchAndDevelopmentExpenses": 0, "generalAndAdministrativeExpenses": 126755000, "sellingAndMarketingExpenses": 0, "sellingGeneralAndAdministrativeExpenses": 126755000, "otherExpenses": 0, "operatingExpenses": 126755000, "costAndExpenses": 1202833000, "interestIncome": 0, "interestExpense": 2675000, "depreciationAndAmortization": 16118000, "ebitda": 65757000, "ebitdaratio": 0.0525017725, "operatingIncome": 49639000, "operatingIncomeRatio": 0.0396328221, "totalOtherIncomeExpensesNet": -2675000, "incomeBeforeTax": 46964000, "incomeBeforeTaxRatio": 0.0374970458, "incomeTaxExpense": 19725000, "netIncome": 27239000, "netIncomeRatio": 0.0217481908, "eps": 0.67, "epsdiluted": 0.61, "weightedAverageShsOut": 40902256, "weightedAverageShsOutDil": 44590164, "link": "https://www.sec.gov/Archives/edgar/data/771497/000104746998002546/0001047469-98-002546-index.htm", "finalLink": "https://www.sec.gov/Archives/edgar/data/771497/0001047469-98-002546.txt", "calculatedOtherExpenses": 0, "calculatedOperatingExpenses": 126755000, "calculatedNetInterest": -2675000, "calculatedOtherIncome": 0, "calculatedIncomeNonControlling": 0, "calculatedEbitda": 65757000}, {"date": "1996-10-31", "symbol": "ABM", "reportedCurrency": "USD", "cik": "0000771497", "fillingDate": "1997-01-28", "acceptedDate": "1997-01-28 00:00:00", "calendarYear": "1996", "period": "FY", "revenue": 1086925000, "costOfRevenue": 940296000, "grossProfit": 146629000, "grossProfitRatio": 0.1349025922, "researchAndDevelopmentExpenses": 0, "generalAndAdministrativeExpenses": 104893000, "sellingAndMarketingExpenses": 0, "sellingGeneralAndAdministrativeExpenses": 104893000, "otherExpenses": 0, "operatingExpenses": 104893000, "costAndExpenses": 1045189000, "interestIncome": 0, "interestExpense": 3631000, "depreciationAndAmortization": 13651000, "ebitda": 55387000, "ebitdaratio": 0.0509575178, "operatingIncome": 41736000, "operatingIncomeRatio": 0.0383982335, "totalOtherIncomeExpensesNet": -3631000, "incomeBeforeTax": 38105000, "incomeBeforeTaxRatio": 0.0350576167, "incomeTaxExpense": 16385000, "netIncome": 21720000, "netIncomeRatio": 0.0199829795, "eps": 0.53, "epsdiluted": 0.53, "weightedAverageShsOut": 40482000, "weightedAverageShsOutDil": 40482000, "link": "https://www.sec.gov/Archives/edgar/data/771497/000091205797002024/0000912057-97-002024-index.htm", "finalLink": "https://www.sec.gov/Archives/edgar/data/771497/0000912057-97-002024.txt", "calculatedOtherExpenses": 0, "calculatedOperatingExpenses": 104893000, "calculatedNetInterest": -3631000, "calculatedOtherIncome": 0, "calculatedIncomeNonControlling": 0, "calculatedEbitda": 55387000}, {"date": "1995-10-31", "symbol": "ABM", "reportedCurrency": "USD", "cik": "0000771497", "fillingDate": "1996-01-26", "acceptedDate": "1996-01-26 00:00:00", "calendarYear": "1995", "period": "FY", "revenue": 965381000, "costOfRevenue": 830749000, "grossProfit": 134632000, "grossProfitRatio": 0.1394599645, "researchAndDevelopmentExpenses": 0, "generalAndAdministrativeExpenses": 99521000, "sellingAndMarketingExpenses": 0, "sellingGeneralAndAdministrativeExpenses": 99521000, "otherExpenses": 0, "operatingExpenses": 99521000, "costAndExpenses": 930270000, "interestIncome": 0, "interestExpense": 3699000, "depreciationAndAmortization": 11527000, "ebitda": 46638000, "ebitdaratio": 0.0483104598, "operatingIncome": 35111000, "operatingIncomeRatio": 0.0363700964, "totalOtherIncomeExpensesNet": -3699000, "incomeBeforeTax": 31412000, "incomeBeforeTaxRatio": 0.0325384486, "incomeTaxExpense": 13193000, "netIncome": 18219000, "netIncomeRatio": 0.0188723416, "eps": 0.46, "epsdiluted": 0.46, "weightedAverageShsOut": 38360000, "weightedAverageShsOutDil": 38360000, "link": "https://www.sec.gov/Archives/edgar/data/771497/000091205796000901/0000912057-96-000901-index.htm", "finalLink": "https://www.sec.gov/Archives/edgar/data/771497/0000912057-96-000901.txt", "calculatedOtherExpenses": 0, "calculatedOperatingExpenses": 99521000, "calculatedNetInterest": -3699000, "calculatedOtherIncome": 0, "calculatedIncomeNonControlling": 0, "calculatedEbitda": 46638000}, {"date": "1994-10-31", "symbol": "ABM", "reportedCurrency": "USD", "cik": "0000771497", "fillingDate": "1995-01-27", "acceptedDate": "1995-01-27 00:00:00", "calendarYear": "1994", "period": "FY", "revenue": 884633000, "costOfRevenue": 760056000, "grossProfit": 124577000, "grossProfitRatio": 0.1408233697, "researchAndDevelopmentExpenses": 0, "generalAndAdministrativeExpenses": 96059000, "sellingAndMarketingExpenses": 0, "sellingGeneralAndAdministrativeExpenses": 96059000, "otherExpenses": 0, "operatingExpenses": 96059000, "costAndExpenses": 856115000, "interestIncome": 0, "interestExpense": 3459000, "depreciationAndAmortization": 9300000, "ebitda": 37818000, "ebitdaratio": 0.0427499313, "operatingIncome": 28518000, "operatingIncomeRatio": 0.0322370972, "totalOtherIncomeExpensesNet": -3459000, "incomeBeforeTax": 25059000, "incomeBeforeTaxRatio": 0.0283270011, "incomeTaxExpense": 9890000, "netIncome": 15169000, "netIncomeRatio": 0.0171472238, "eps": 0.41, "epsdiluted": 0.41, "weightedAverageShsOut": 35632000, "weightedAverageShsOutDil": 35632000, "link": "https://www.sec.gov/Archives/edgar/data/771497/000091205795000209/0000912057-95-000209-index.htm", "finalLink": "https://www.sec.gov/Archives/edgar/data/771497/0000912057-95-000209.txt", "calculatedOtherExpenses": 0, "calculatedOperatingExpenses": 96059000, "calculatedNetInterest": -3459000, "calculatedOtherIncome": 0, "calculatedIncomeNonControlling": 0, "calculatedEbitda": 37818000}, {"date": "1993-10-31", "symbol": "ABM", "reportedCurrency": "USD", "cik": "0000771497", "fillingDate": "1993-10-31", "acceptedDate": "1993-10-31 00:00:00", "calendarYear": "1993", "period": "FY", "revenue": 773300000, "costOfRevenue": 651300000, "grossProfit": 122000000, "grossProfitRatio": 0.1577654209, "researchAndDevelopmentExpenses": 0, "generalAndAdministrativeExpenses": 92400000, "sellingAndMarketingExpenses": 0, "sellingGeneralAndAdministrativeExpenses": 92400000, "otherExpenses": 7200000, "operatingExpenses": 99600000, "costAndExpenses": 750900000, "interestIncome": 0, "interestExpense": 2200000, "depreciationAndAmortization": 7200000, "ebitda": 29600000, "ebitdaratio": 0.038277512, "operatingIncome": 22400000, "operatingIncomeRatio": 0.0289667658, "totalOtherIncomeExpensesNet": -2200000, "incomeBeforeTax": 20200000, "incomeBeforeTaxRatio": 0.0261218156, "incomeTaxExpense": 7600000, "netIncome": 12600000, "netIncomeRatio": 0.0162938058, "eps": 0.37, "epsdiluted": 0.37, "weightedAverageShsOut": 34520548, "weightedAverageShsOutDil": 34520548, "link": null, "finalLink": null, "calculatedOtherExpenses": 7200000, "calculatedOperatingExpenses": 99600000, "calculatedNetInterest": -2200000, "calculatedOtherIncome": 0, "calculatedIncomeNonControlling": 0, "calculatedEbitda": 29600000}, {"date": "1992-10-31", "symbol": "ABM", "reportedCurrency": "USD", "cik": "0000771497", "fillingDate": "1992-10-31", "acceptedDate": "1992-10-31 00:00:00", "calendarYear": "1992", "period": "FY", "revenue": 760100000, "costOfRevenue": 636700000, "grossProfit": 123400000, "grossProfitRatio": 0.1623470596, "researchAndDevelopmentExpenses": 0, "generalAndAdministrativeExpenses": 94300000, "sellingAndMarketingExpenses": 0, "sellingGeneralAndAdministrativeExpenses": 94300000, "otherExpenses": 6600000, "operatingExpenses": 100900000, "costAndExpenses": 737600000, "interestIncome": 0, "interestExpense": 2100000, "depreciationAndAmortization": 6600000, "ebitda": 29100000, "ebitdaratio": 0.0382844363, "operatingIncome": 22500000, "operatingIncomeRatio": 0.0296013682, "totalOtherIncomeExpensesNet": -2100000, "incomeBeforeTax": 20400000, "incomeBeforeTaxRatio": 0.0268385739, "incomeTaxExpense": 8400000, "netIncome": 12000000, "netIncomeRatio": 0.0157873964, "eps": 0.36, "epsdiluted": 0.36, "weightedAverageShsOut": 33333333, "weightedAverageShsOutDil": 33333333, "link": null, "finalLink": null, "calculatedOtherExpenses": 6600000, "calculatedOperatingExpenses": 100900000, "calculatedNetInterest": -2100000, "calculatedOtherIncome": 0, "calculatedIncomeNonControlling": 0, "calculatedEbitda": 29100000}, {"date": "1991-10-31", "symbol": "ABM", "reportedCurrency": "USD", "cik": "0000771497", "fillingDate": "1991-10-31", "acceptedDate": "1991-10-31 00:00:00", "calendarYear": "1991", "period": "FY", "revenue": 745700000, "costOfRevenue": 625800000, "grossProfit": 119900000, "grossProfitRatio": 0.1607885209, "researchAndDevelopmentExpenses": 0, "generalAndAdministrativeExpenses": 91600000, "sellingAndMarketingExpenses": 0, "sellingGeneralAndAdministrativeExpenses": 91600000, "otherExpenses": 7000000, "operatingExpenses": 98600000, "costAndExpenses": 724400000, "interestIncome": 0, "interestExpense": 2700000, "depreciationAndAmortization": 7000000, "ebitda": 28300000, "ebitdaratio": 0.0379509186, "operatingIncome": 21300000, "operatingIncomeRatio": 0.0285637656, "totalOtherIncomeExpensesNet": -2700000, "incomeBeforeTax": 18600000, "incomeBeforeTaxRatio": 0.0249430066, "incomeTaxExpense": 7500000, "netIncome": 11100000, "netIncomeRatio": 0.0148853426, "eps": 0.35, "epsdiluted": 0.35, "weightedAverageShsOut": 32173913, "weightedAverageShsOutDil": 32173913, "link": null, "finalLink": null, "calculatedOtherExpenses": 7000000, "calculatedOperatingExpenses": 98600000, "calculatedNetInterest": -2700000, "calculatedOtherIncome": 0, "calculatedIncomeNonControlling": 0, "calculatedEbitda": 28300000}, {"date": "1990-10-31", "symbol": "ABM", "reportedCurrency": "USD", "cik": "0000771497", "fillingDate": "1990-10-31", "acceptedDate": "1990-10-31 00:00:00", "calendarYear": "1990", "period": "FY", "revenue": 679100000, "costOfRevenue": 572300000, "grossProfit": 106800000, "grossProfitRatio": 0.157266971, "researchAndDevelopmentExpenses": 0, "generalAndAdministrativeExpenses": 87000000, "sellingAndMarketingExpenses": 0, "sellingGeneralAndAdministrativeExpenses": 87000000, "otherExpenses": 7000000, "operatingExpenses": 94000000, "costAndExpenses": 666300000, "interestIncome": 0, "interestExpense": 2300000, "depreciationAndAmortization": 7000000, "ebitda": 19800000, "ebitdaratio": 0.0291562362, "operatingIncome": 12800000, "operatingIncomeRatio": 0.0188484759, "totalOtherIncomeExpensesNet": -2300000, "incomeBeforeTax": 10500000, "incomeBeforeTaxRatio": 0.0154616404, "incomeTaxExpense": 700000, "netIncome": 9800000, "netIncomeRatio": 0.0144308644, "eps": 0.31, "epsdiluted": 0.31, "weightedAverageShsOut": 31612903, "weightedAverageShsOutDil": 31612903, "link": null, "finalLink": null, "calculatedOtherExpenses": 7000000, "calculatedOperatingExpenses": 94000000, "calculatedNetInterest": -2300000, "calculatedOtherIncome": 0, "calculatedIncomeNonControlling": 0, "calculatedEbitda": 19800000}, {"date": "1989-10-31", "symbol": "ABM", "reportedCurrency": "USD", "cik": "0000771497", "fillingDate": "1989-10-31", "acceptedDate": "1989-10-31 00:00:00", "calendarYear": "1989", "period": "FY", "revenue": 638400000, "costOfRevenue": 533900000, "grossProfit": 104500000, "grossProfitRatio": 0.1636904762, "researchAndDevelopmentExpenses": 0, "generalAndAdministrativeExpenses": 80900000, "sellingAndMarketingExpenses": 0, "sellingGeneralAndAdministrativeExpenses": 80900000, "otherExpenses": 6800000, "operatingExpenses": 87700000, "costAndExpenses": 621600000, "interestIncome": 0, "interestExpense": 2200000, "depreciationAndAmortization": 6800000, "ebitda": 23600000, "ebitdaratio": 0.0369674185, "operatingIncome": 16800000, "operatingIncomeRatio": 0.0263157895, "totalOtherIncomeExpensesNet": -2200000, "incomeBeforeTax": 14600000, "incomeBeforeTaxRatio": 0.0228696742, "incomeTaxExpense": 5900000, "netIncome": 8700000, "netIncomeRatio": 0.0136278195, "eps": 0.28, "epsdiluted": 0.28, "weightedAverageShsOut": 30526316, "weightedAverageShsOutDil": 30526316, "link": null, "finalLink": null, "calculatedOtherExpenses": 6800000, "calculatedOperatingExpenses": 87700000, "calculatedNetInterest": -2200000, "calculatedOtherIncome": 0, "calculatedIncomeNonControlling": 0, "calculatedEbitda": 23600000}, {"date": "1988-10-31", "symbol": "ABM", "reportedCurrency": "USD", "cik": "0000771497", "fillingDate": "1988-10-31", "acceptedDate": "1988-10-31 00:00:00", "calendarYear": "1988", "period": "FY", "revenue": 581700000, "costOfRevenue": 486700000, "grossProfit": 95000000, "grossProfitRatio": 0.1633144232, "researchAndDevelopmentExpenses": 0, "generalAndAdministrativeExpenses": 73700000, "sellingAndMarketingExpenses": 0, "sellingGeneralAndAdministrativeExpenses": 73700000, "otherExpenses": 7300000, "operatingExpenses": 81000000, "costAndExpenses": 567700000, "interestIncome": 0, "interestExpense": 1300000, "depreciationAndAmortization": 7300000, "ebitda": 21300000, "ebitdaratio": 0.0366168128, "operatingIncome": 14000000, "operatingIncomeRatio": 0.0240673887, "totalOtherIncomeExpensesNet": -1300000, "incomeBeforeTax": 12700000, "incomeBeforeTaxRatio": 0.0218325597, "incomeTaxExpense": 5600000, "netIncome": 7100000, "netIncomeRatio": 0.0122056043, "eps": 0.24, "epsdiluted": 0.24, "weightedAverageShsOut": 30212766, "weightedAverageShsOutDil": 30212766, "link": null, "finalLink": null, "calculatedOtherExpenses": 7300000, "calculatedOperatingExpenses": 81000000, "calculatedNetInterest": -1300000, "calculatedOtherIncome": 0, "calculatedIncomeNonControlling": 0, "calculatedEbitda": 21300000}, {"date": "1987-10-31", "symbol": "ABM", "reportedCurrency": "USD", "cik": "0000771497", "fillingDate": "1987-10-31", "acceptedDate": "1987-10-31 00:00:00", "calendarYear": "1987", "period": "FY", "revenue": 528400000, "costOfRevenue": 446000000, "grossProfit": 82400000, "grossProfitRatio": 0.1559424678, "researchAndDevelopmentExpenses": 0, "generalAndAdministrativeExpenses": 64700000, "sellingAndMarketingExpenses": 0, "sellingGeneralAndAdministrativeExpenses": 64700000, "otherExpenses": 7000000, "operatingExpenses": 71700000, "costAndExpenses": 517700000, "interestIncome": 0, "interestExpense": 1400000, "depreciationAndAmortization": 7000000, "ebitda": 17700000, "ebitdaratio": 0.0334973505, "operatingIncome": 10700000, "operatingIncomeRatio": 0.0202498107, "totalOtherIncomeExpensesNet": -1400000, "incomeBeforeTax": 9300000, "incomeBeforeTaxRatio": 0.0176003028, "incomeTaxExpense": 4400000, "netIncome": 4900000, "netIncomeRatio": 0.0092732778, "eps": 0.17, "epsdiluted": 0.17, "weightedAverageShsOut": 29696970, "weightedAverageShsOutDil": 29696970, "link": null, "finalLink": null, "calculatedOtherExpenses": 7000000, "calculatedOperatingExpenses": 71700000, "calculatedNetInterest": -1400000, "calculatedOtherIncome": 0, "calculatedIncomeNonControlling": 0, "calculatedEbitda": 17700000}, {"date": "1986-10-31", "symbol": "ABM", "reportedCurrency": "USD", "cik": "0000771497", "fillingDate": "1986-10-31", "acceptedDate": "1986-10-31 00:00:00", "calendarYear": "1986", "period": "FY", "revenue": 484300000, "costOfRevenue": 406700000, "grossProfit": 77600000, "grossProfitRatio": 0.1602312616, "researchAndDevelopmentExpenses": 0, "generalAndAdministrativeExpenses": 59500000, "sellingAndMarketingExpenses": 0, "sellingGeneralAndAdministrativeExpenses": 59500000, "otherExpenses": 5900000, "operatingExpenses": 65400000, "costAndExpenses": 472100000, "interestIncome": 0, "interestExpense": 1600000, "depreciationAndAmortization": 5900000, "ebitda": 18100000, "ebitdaratio": 0.0373735288, "operatingIncome": 12200000, "operatingIncomeRatio": 0.0251909973, "totalOtherIncomeExpensesNet": -1600000, "incomeBeforeTax": 10600000, "incomeBeforeTaxRatio": 0.02188726, "incomeTaxExpense": 5000000, "netIncome": 5600000, "netIncomeRatio": 0.0115630807, "eps": 0.2, "epsdiluted": 0.2, "weightedAverageShsOut": 28717949, "weightedAverageShsOutDil": 28717949, "link": null, "finalLink": null, "calculatedOtherExpenses": 5900000, "calculatedOperatingExpenses": 65400000, "calculatedNetInterest": -1600000, "calculatedOtherIncome": 0, "calculatedIncomeNonControlling": 0, "calculatedEbitda": 18100000}, {"date": "1985-10-31", "symbol": "ABM", "reportedCurrency": "USD", "cik": "0000771497", "fillingDate": "1985-10-31", "acceptedDate": "1985-10-31 00:00:00", "calendarYear": "1985", "period": "FY", "revenue": 424200000, "costOfRevenue": 355900000, "grossProfit": 68300000, "grossProfitRatio": 0.161008958, "researchAndDevelopmentExpenses": 0, "generalAndAdministrativeExpenses": 52200000, "sellingAndMarketingExpenses": 0, "sellingGeneralAndAdministrativeExpenses": 52200000, "otherExpenses": 5200000, "operatingExpenses": 57400000, "costAndExpenses": 413300000, "interestIncome": 0, "interestExpense": 1300000, "depreciationAndAmortization": 5200000, "ebitda": 16100000, "ebitdaratio": 0.0379537954, "operatingIncome": 10900000, "operatingIncomeRatio": 0.0256954267, "totalOtherIncomeExpensesNet": -1300000, "incomeBeforeTax": 9600000, "incomeBeforeTaxRatio": 0.0226308345, "incomeTaxExpense": 4600000, "netIncome": 5000000, "netIncomeRatio": 0.011786893, "eps": 0.18, "epsdiluted": 0.18, "weightedAverageShsOut": 28571429, "weightedAverageShsOutDil": 28571429, "link": null, "finalLink": null, "calculatedOtherExpenses": 5200000, "calculatedOperatingExpenses": 57400000, "calculatedNetInterest": -1300000, "calculatedOtherIncome": 0, "calculatedIncomeNonControlling": 0, "calculatedEbitda": 16100000}]}