{"originalCurrency": "USD", "convertedCurrency": "USD", "report": [{"date": "2023-12-31", "symbol": "ABR", "reportedCurrency": "USD", "cik": "0001253986", "fillingDate": "2024-02-20", "acceptedDate": "2024-02-20 07:32:06", "calendarYear": "2023", "period": "FY", "revenue": 721012000, "costOfRevenue": 159788000, "grossProfit": 561224000, "grossProfitRatio": 0.7783837162, "researchAndDevelopmentExpenses": 0, "generalAndAdministrativeExpenses": 159788000, "sellingAndMarketingExpenses": 51260000, "sellingGeneralAndAdministrativeExpenses": 211048000, "otherExpenses": 5897000, "operatingExpenses": 5897000, "costAndExpenses": 165685000, "interestIncome": 1331219000, "interestExpense": 903228000, "depreciationAndAmortization": 72836000, "ebitda": 1215689000, "ebitdaratio": 1.6860870554, "operatingIncome": 5708000, "operatingIncomeRatio": 0.0079166505, "totalOtherIncomeExpensesNet": 399475000, "incomeBeforeTax": 427903000, "incomeBeforeTaxRatio": 0.5934755594, "incomeTaxExpense": 27347000, "netIncome": 371434000, "netIncomeRatio": 0.5151564745, "eps": 1.79, "epsdiluted": 1.75, "weightedAverageShsOut": 218843613, "weightedAverageShsOutDil": 218843613, "link": "https://www.sec.gov/Archives/edgar/data/1253986/000162828024005456/0001628280-24-005456-index.htm", "finalLink": "https://www.sec.gov/Archives/edgar/data/1253986/000162828024005456/abr-20231231.htm", "calculatedOtherExpenses": 344468000, "calculatedOperatingExpenses": 555516000, "calculatedNetInterest": 427991000, "calculatedOtherIncome": -5796000, "calculatedIncomeNonControlling": 29122000, "calculatedEbitda": 78544000}, {"date": "2022-12-31", "symbol": "ABR", "reportedCurrency": "USD", "cik": "0001253986", "fillingDate": "2023-02-17", "acceptedDate": "2023-02-17 09:16:51", "calendarYear": "2022", "period": "FY", "revenue": 619061000, "costOfRevenue": 161825000, "grossProfit": 457236000, "grossProfitRatio": 0.738596035, "researchAndDevelopmentExpenses": 0, "generalAndAdministrativeExpenses": 161825000, "sellingAndMarketingExpenses": 53990000, "sellingGeneralAndAdministrativeExpenses": 215815000, "otherExpenses": 2136000, "operatingExpenses": 2136000, "costAndExpenses": 163961000, "interestIncome": 948401000, "interestExpense": 557617000, "depreciationAndAmortization": 8732000, "ebitda": 868662000, "ebitdaratio": 1.4031929002, "operatingIncome": 859930000, "operatingIncomeRatio": 1.3890876666, "totalOtherIncomeExpensesNet": -488619000, "incomeBeforeTax": 371311000, "incomeBeforeTaxRatio": 0.5997971121, "incomeTaxExpense": 17484000, "netIncome": 325783000, "netIncomeRatio": 0.526253471, "eps": 1.72, "epsdiluted": 1.67, "weightedAverageShsOut": 199112630, "weightedAverageShsOutDil": 199112630, "link": "https://www.sec.gov/Archives/edgar/data/1253986/000110465923023097/0001104659-23-023097-index.htm", "finalLink": "https://www.sec.gov/Archives/edgar/data/1253986/000110465923023097/abr-20221231x10k.htm", "calculatedOtherExpenses": -618509000, "calculatedOperatingExpenses": -402694000, "calculatedNetInterest": 390784000, "calculatedOtherIncome": -879403000, "calculatedIncomeNonControlling": 28044000, "calculatedEbitda": 868662000}, {"date": "2021-12-31", "symbol": "ABR", "reportedCurrency": "USD", "cik": "0001253986", "fillingDate": "2022-02-18", "acceptedDate": "2022-02-18 08:31:44", "calendarYear": "2021", "period": "FY", "revenue": 590923000, "costOfRevenue": 171796000, "grossProfit": 419127000, "grossProfitRatio": 0.7092751509, "researchAndDevelopmentExpenses": 0, "generalAndAdministrativeExpenses": 171796000, "sellingAndMarketingExpenses": 45575000, "sellingGeneralAndAdministrativeExpenses": 217371000, "otherExpenses": -422709000, "operatingExpenses": -205338000, "costAndExpenses": -205338000, "interestIncome": 466087000, "interestExpense": 212005000, "depreciationAndAmortization": 7215000, "ebitda": 392800000, "ebitdaratio": 0.664722815, "operatingIncome": 385585000, "operatingIncomeRatio": 0.6525131024, "totalOtherIncomeExpensesNet": 38507000, "incomeBeforeTax": 424092000, "incomeBeforeTaxRatio": 0.7176772608, "incomeTaxExpense": 46285000, "netIncome": 339300000, "netIncomeRatio": 0.5741864845, "eps": 2.3, "epsdiluted": 2.28, "weightedAverageShsOut": 156089595, "weightedAverageShsOutDil": 156089595, "link": "https://www.sec.gov/Archives/edgar/data/1253986/000110465922024981/0001104659-22-024981-index.htm", "finalLink": "https://www.sec.gov/Archives/edgar/data/1253986/000110465922024981/abr-20211231x10k.htm", "calculatedOtherExpenses": -183829000, "calculatedOperatingExpenses": 33542000, "calculatedNetInterest": 254082000, "calculatedOtherIncome": -215575000, "calculatedIncomeNonControlling": 38507000, "calculatedEbitda": 392800000}, {"date": "2020-12-31", "symbol": "ABR", "reportedCurrency": "USD", "cik": "0001253986", "fillingDate": "2021-02-19", "acceptedDate": "2021-02-19 09:01:42", "calendarYear": "2020", "period": "FY", "revenue": 434133000, "costOfRevenue": 144380000, "grossProfit": 289753000, "grossProfitRatio": 0.6674291058, "researchAndDevelopmentExpenses": 0, "generalAndAdministrativeExpenses": 144380000, "sellingAndMarketingExpenses": 37348000, "sellingGeneralAndAdministrativeExpenses": 181728000, "otherExpenses": -404519000, "operatingExpenses": -222791000, "costAndExpenses": -222791000, "interestIncome": 339465000, "interestExpense": 169216000, "depreciationAndAmortization": 56862000, "ebitda": 268204000, "ebitdaratio": 0.6177922434, "operatingIncome": 211342000, "operatingIncomeRatio": 0.4868139487, "totalOtherIncomeExpensesNet": 25208000, "incomeBeforeTax": 236550000, "incomeBeforeTaxRatio": 0.5448791039, "incomeTaxExpense": 40393000, "netIncome": 170949000, "netIncomeRatio": 0.3937710333, "eps": 1.44, "epsdiluted": 1.41, "weightedAverageShsOut": 133969296, "weightedAverageShsOutDil": 133969296, "link": "https://www.sec.gov/Archives/edgar/data/1253986/000110465921025551/0001104659-21-025551-index.htm", "finalLink": "https://www.sec.gov/Archives/edgar/data/1253986/000110465921025551/abr-20201231x10k.htm", "calculatedOtherExpenses": -103317000, "calculatedOperatingExpenses": 78411000, "calculatedNetInterest": 170249000, "calculatedOtherIncome": -145041000, "calculatedIncomeNonControlling": 25208000, "calculatedEbitda": 268204000}, {"date": "2019-12-31", "symbol": "ABR", "reportedCurrency": "USD", "cik": "0001253986", "fillingDate": "2020-02-14", "acceptedDate": "2020-02-14 16:16:34", "calendarYear": "2019", "period": "FY", "revenue": 349386000, "costOfRevenue": 123102000, "grossProfit": 226284000, "grossProfitRatio": 0.6476618983, "researchAndDevelopmentExpenses": 0, "generalAndAdministrativeExpenses": 122102000, "sellingAndMarketingExpenses": 40329000, "sellingGeneralAndAdministrativeExpenses": 162431000, "otherExpenses": -368153000, "operatingExpenses": -205722000, "costAndExpenses": -205722000, "interestIncome": 315940000, "interestExpense": 186399000, "depreciationAndAmortization": 7510000, "ebitda": 151174000, "ebitdaratio": 0.432684767, "operatingIncome": 143664000, "operatingIncomeRatio": 0.411189916, "totalOtherIncomeExpensesNet": 26610000, "incomeBeforeTax": 170274000, "incomeBeforeTaxRatio": 0.4873520977, "incomeTaxExpense": 15036000, "netIncome": 128628000, "netIncomeRatio": 0.3681544195, "eps": 1.39, "epsdiluted": 1.11, "weightedAverageShsOut": 116192951, "weightedAverageShsOutDil": 116192951, "link": "https://www.sec.gov/Archives/edgar/data/1253986/000104746920000885/0001047469-20-000885-index.htm", "finalLink": "https://www.sec.gov/Archives/edgar/data/1253986/000104746920000885/a2240688z10-k.htm", "calculatedOtherExpenses": -79811000, "calculatedOperatingExpenses": 82620000, "calculatedNetInterest": 129541000, "calculatedOtherIncome": -102931000, "calculatedIncomeNonControlling": 26610000, "calculatedEbitda": 151174000}, {"date": "2018-12-31", "symbol": "ABR", "reportedCurrency": "USD", "cik": "0001253986", "fillingDate": "2019-02-15", "acceptedDate": "2019-02-15 08:34:07", "calendarYear": "2018", "period": "FY", "revenue": 331081000, "costOfRevenue": 112470000, "grossProfit": 218611000, "grossProfitRatio": 0.6602946107, "researchAndDevelopmentExpenses": 0, "generalAndAdministrativeExpenses": 110470000, "sellingAndMarketingExpenses": 37074000, "sellingGeneralAndAdministrativeExpenses": 147544000, "otherExpenses": 182456000, "operatingExpenses": 330000000, "costAndExpenses": 330000000, "interestIncome": 251768000, "interestExpense": 153818000, "depreciationAndAmortization": 7453000, "ebitda": 334992000, "ebitdaratio": 1.0118128192, "operatingIncome": 279415000, "operatingIncomeRatio": 0.8439475536, "totalOtherIncomeExpensesNet": -121633000, "incomeBeforeTax": 157782000, "incomeBeforeTaxRatio": 0.4765661575, "incomeTaxExpense": 9731000, "netIncome": 115866000, "netIncomeRatio": 0.349962698, "eps": 1.24, "epsdiluted": 1.24, "weightedAverageShsOut": 93642168, "weightedAverageShsOutDil": 93642168, "link": "https://www.sec.gov/Archives/edgar/data/1253986/000104746919000508/0001047469-19-000508-index.htm", "finalLink": "https://www.sec.gov/Archives/edgar/data/1253986/000104746919000508/a2237674z10-k.htm", "calculatedOtherExpenses": -208348000, "calculatedOperatingExpenses": -60804000, "calculatedNetInterest": 97950000, "calculatedOtherIncome": -219583000, "calculatedIncomeNonControlling": 32185000, "calculatedEbitda": 286868000}, {"date": "2017-12-31", "symbol": "ABR", "reportedCurrency": "USD", "cik": "0001253986", "fillingDate": "2018-02-23", "acceptedDate": "2018-02-23 08:18:51", "calendarYear": "2017", "period": "FY", "revenue": 256592000, "costOfRevenue": 95326000, "grossProfit": 161266000, "grossProfitRatio": 0.6284919249, "researchAndDevelopmentExpenses": 0, "generalAndAdministrativeExpenses": 98799000, "sellingAndMarketingExpenses": 30738000, "sellingGeneralAndAdministrativeExpenses": 129537000, "otherExpenses": 110463000, "operatingExpenses": 240000000, "costAndExpenses": 105808000, "interestIncome": 156177000, "interestExpense": 90072000, "depreciationAndAmortization": 54587000, "ebitda": 231407000, "ebitdaratio": 0.9018480701, "operatingIncome": 10973000, "operatingIncomeRatio": 0.0427643886, "totalOtherIncomeExpensesNet": 95730000, "incomeBeforeTax": 110868000, "incomeBeforeTaxRatio": 0.4320789424, "incomeTaxExpense": 13359000, "netIncome": 73389000, "netIncomeRatio": 0.286014373, "eps": 1.14, "epsdiluted": 1.12, "weightedAverageShsOut": 57890574, "weightedAverageShsOutDil": 80311252, "link": "https://www.sec.gov/Archives/edgar/data/1253986/000104746918000985/0001047469-18-000985-index.htm", "finalLink": "https://www.sec.gov/Archives/edgar/data/1253986/000104746918000985/a2234227z10-k.htm", "calculatedOtherExpenses": 20756000, "calculatedOperatingExpenses": 150293000, "calculatedNetInterest": 66105000, "calculatedOtherIncome": 33790000, "calculatedIncomeNonControlling": 24120000, "calculatedEbitda": 65560000}, {"date": "2016-12-31", "symbol": "ABR", "reportedCurrency": "USD", "cik": "0001253986", "fillingDate": "2017-03-03", "acceptedDate": "2017-03-03 08:18:55", "calendarYear": "2016", "period": "FY", "revenue": 161231152, "costOfRevenue": 49847446000, "grossProfit": -49686214848, "grossProfitRatio": -308.1675856785, "researchAndDevelopmentExpenses": 0, "generalAndAdministrativeExpenses": 51247446, "sellingAndMarketingExpenses": 17586871, "sellingGeneralAndAdministrativeExpenses": 68834317, "otherExpenses": 81165683, "operatingExpenses": 150000000, "costAndExpenses": 63348471000, "interestIncome": 118711895, "interestExpense": 63622771, "depreciationAndAmortization": 5021900, "ebitda": 141524083, "ebitdaratio": 0.8777713317, "operatingIncome": 14881275000, "operatingIncomeRatio": 92.2977651366, "totalOtherIncomeExpensesNet": 23799324000, "incomeBeforeTax": 63305893, "incomeBeforeTaxRatio": 0.3926405798, "incomeTaxExpense": 825000, "netIncome": 50349852, "netIncomeRatio": 0.312283646, "eps": 0.83, "epsdiluted": 0.83, "weightedAverageShsOut": 51305095, "weightedAverageShsOutDil": 51730553, "link": "https://www.sec.gov/Archives/edgar/data/1253986/000104746917001214/0001047469-17-001214-index.htm", "finalLink": "https://www.sec.gov/Archives/edgar/data/1253986/000104746917001214/a2231130z10-k.htm", "calculatedOtherExpenses": -64636324165, "calculatedOperatingExpenses": -64567489848, "calculatedNetInterest": 55089124, "calculatedOtherIncome": -14873058231, "calculatedIncomeNonControlling": 12131041, "calculatedEbitda": 14886296900}, {"date": "2015-12-31", "symbol": "ABR", "reportedCurrency": "USD", "cik": "0001253986", "fillingDate": "2016-02-26", "acceptedDate": "2016-02-26 08:15:49", "calendarYear": "2015", "period": "FY", "revenue": 96023740, "costOfRevenue": 44086520000, "grossProfit": -43990496260, "grossProfitRatio": -458.1210465245, "researchAndDevelopmentExpenses": 0, "generalAndAdministrativeExpenses": 28400457, "sellingAndMarketingExpenses": 12525817, "sellingGeneralAndAdministrativeExpenses": 40926274, "otherExpenses": 66073726, "operatingExpenses": 107000000, "costAndExpenses": 67324354000, "interestIncome": 114652886, "interestExpense": 49720132, "depreciationAndAmortization": 5436330, "ebitda": 108585276, "ebitdaratio": 1.1308169834, "operatingIncome": 27666252000, "operatingIncomeRatio": 288.1188756031, "totalOtherIncomeExpensesNet": 18208842000, "incomeBeforeTax": 53428814, "incomeBeforeTaxRatio": 0.5564125496, "incomeTaxExpense": 18258562132, "netIncome": 53428814, "netIncomeRatio": 0.5564125496, "eps": 0.9, "epsdiluted": 0.9, "weightedAverageShsOut": 50857750, "weightedAverageShsOutDil": 51007328, "link": "https://www.sec.gov/Archives/edgar/data/1253986/000104746916010477/0001047469-16-010477-index.htm", "finalLink": "https://www.sec.gov/Archives/edgar/data/1253986/000104746916010477/a2227477z10-k.htm", "calculatedOtherExpenses": -71697674534, "calculatedOperatingExpenses": -71656748260, "calculatedNetInterest": 64932754, "calculatedOtherIncome": -27677755940, "calculatedIncomeNonControlling": -18258562132, "calculatedEbitda": 27671688330}, {"date": "2014-12-31", "symbol": "ABR", "reportedCurrency": "USD", "cik": "0001253986", "fillingDate": "2015-02-13", "acceptedDate": "2015-02-13 08:14:07", "calendarYear": "2014", "period": "FY", "revenue": 94703363, "costOfRevenue": 14228223000, "grossProfit": -14133519637, "grossProfitRatio": -149.2398916921, "researchAndDevelopmentExpenses": 0, "generalAndAdministrativeExpenses": 42926172, "sellingAndMarketingExpenses": 9600139, "sellingGeneralAndAdministrativeExpenses": 52526311, "otherExpenses": 63473689, "operatingExpenses": 116000000, "costAndExpenses": 42085683000, "interestIncome": 106716344, "interestExpense": 47903458, "depreciationAndAmortization": 7371737, "ebitda": 148323685, "ebitdaratio": 1.5661923748, "operatingIncome": 32641249000, "operatingIncomeRatio": 344.6683197512, "totalOtherIncomeExpensesNet": 60407241000, "incomeBeforeTax": 93048490, "incomeBeforeTaxRatio": 0.9825257209, "incomeTaxExpense": 93048488300, "netIncome": 93048490, "netIncomeRatio": 0.9825257209, "eps": 1.71, "epsdiluted": 1.7, "weightedAverageShsOut": 50143648, "weightedAverageShsOutDil": 50368344, "link": "https://www.sec.gov/Archives/edgar/data/1253986/000104746915000780/0001047469-15-000780-index.htm", "finalLink": "https://www.sec.gov/Archives/edgar/data/1253986/000104746915000780/a2223024z10-k.htm", "calculatedOtherExpenses": -46827294948, "calculatedOperatingExpenses": -46774768637, "calculatedNetInterest": 58812886, "calculatedOtherIncome": -32607013396, "calculatedIncomeNonControlling": -93048488300, "calculatedEbitda": 32648620737}, {"date": "2013-12-31", "symbol": "ABR", "reportedCurrency": "USD", "cik": "0001253986", "fillingDate": "2014-02-14", "acceptedDate": "2014-02-14 08:39:25", "calendarYear": "2013", "period": "FY", "revenue": 87086544, "costOfRevenue": 37331421, "grossProfit": 49755123, "grossProfitRatio": 0.5713296304, "researchAndDevelopmentExpenses": 0, "generalAndAdministrativeExpenses": 22942332, "sellingAndMarketingExpenses": 10603247, "sellingGeneralAndAdministrativeExpenses": 33545579, "otherExpenses": 76454421, "operatingExpenses": 110000000, "costAndExpenses": 110000000, "interestIncome": 99031623, "interestExpense": 42065151, "depreciationAndAmortization": 7250601, "ebitda": 70490290, "ebitdaratio": 0.8094280329, "operatingIncome": 21742860000, "operatingIncomeRatio": 249.6695700773, "totalOtherIncomeExpensesNet": -5074905000, "incomeBeforeTax": 21742860, "incomeBeforeTaxRatio": 0.2496695701, "incomeTaxExpense": -5032839849, "netIncome": 21174538, "netIncomeRatio": 0.243143625, "eps": 0.39, "epsdiluted": 0.39, "weightedAverageShsOut": 42399872, "weightedAverageShsOutDil": 42835144, "link": "https://www.sec.gov/Archives/edgar/data/1253986/000104746914000903/0001047469-14-000903-index.htm", "finalLink": "https://www.sec.gov/Archives/edgar/data/1253986/000104746914000903/a2218253z10-k.htm", "calculatedOtherExpenses": -21726650456, "calculatedOperatingExpenses": -21693104877, "calculatedNetInterest": 56966472, "calculatedOtherIncome": -21778083612, "calculatedIncomeNonControlling": 5033408171, "calculatedEbitda": 21750110601}, {"date": "2012-12-31", "symbol": "ABR", "reportedCurrency": "USD", "cik": "0001253986", "fillingDate": "2013-02-15", "acceptedDate": "2013-02-15 08:51:59", "calendarYear": "2012", "period": "FY", "revenue": 70585973, "costOfRevenue": 10173572000, "grossProfit": -10102986027, "grossProfitRatio": -143.1302225869, "researchAndDevelopmentExpenses": 0, "generalAndAdministrativeExpenses": 20173572, "sellingAndMarketingExpenses": 7882914, "sellingGeneralAndAdministrativeExpenses": 28056486, "otherExpenses": 74943514, "operatingExpenses": 103000000, "costAndExpenses": 38136958000, "interestIncome": 79998762, "interestExpense": 40866832, "depreciationAndAmortization": 5904089, "ebitda": 67470251, "ebitdaratio": 0.9558591903, "operatingIncome": 30173754000, "operatingIncomeRatio": 427.4752152244, "totalOtherIncomeExpensesNet": -44348062000, "incomeBeforeTax": 15586859, "incomeBeforeTaxRatio": 0.220820913, "incomeTaxExpense": -801558, "netIncome": 21500888, "netIncomeRatio": 0.3046056757, "eps": 0.8, "epsdiluted": 0.79, "weightedAverageShsOut": 26956938, "weightedAverageShsOutDil": 27211287, "link": "https://www.sec.gov/Archives/edgar/data/1253986/000104746913001165/0001047469-13-001165-index.htm", "finalLink": "https://www.sec.gov/Archives/edgar/data/1253986/000104746913001165/a2212389z10-k.htm", "calculatedOtherExpenses": -40304796513, "calculatedOperatingExpenses": -40276740027, "calculatedNetInterest": 39131930, "calculatedOtherIncome": -30197299071, "calculatedIncomeNonControlling": -5112471, "calculatedEbitda": 30179658089}, {"date": "2011-12-31", "symbol": "ABR", "reportedCurrency": "USD", "cik": "0001253986", "fillingDate": "2012-03-02", "acceptedDate": "2012-03-02 08:27:09", "calendarYear": "2011", "period": "FY", "revenue": 46572478, "costOfRevenue": 11195663000, "grossProfit": -11149090522, "grossProfitRatio": -239.392254842, "researchAndDevelopmentExpenses": 0, "generalAndAdministrativeExpenses": 26821464, "sellingAndMarketingExpenses": 0, "sellingGeneralAndAdministrativeExpenses": 26821464, "otherExpenses": -10878218, "operatingExpenses": 100000000, "costAndExpenses": 33327450000, "interestIncome": 73867556, "interestExpense": 51651933, "depreciationAndAmortization": 5951525, "ebitda": 17291745, "ebitdaratio": 0.3712867716, "operatingIncome": 24168370000, "operatingIncomeRatio": 518.9410363778, "totalOtherIncomeExpensesNet": -75991388000, "incomeBeforeTax": -37273414, "incomeBeforeTaxRatio": -0.8003313459, "incomeTaxExpense": -51823016390, "netIncome": -40311713, "netIncomeRatio": -0.8655694249, "eps": -1.61, "epsdiluted": -1.61, "weightedAverageShsOut": 24968894, "weightedAverageShsOutDil": 24968894, "link": "https://www.sec.gov/Archives/edgar/data/1253986/000104746912002036/0001047469-12-002036-index.htm", "finalLink": "https://www.sec.gov/Archives/edgar/data/1253986/000104746912002036/a2207726z10-k.htm", "calculatedOtherExpenses": -35344281986, "calculatedOperatingExpenses": -35317460522, "calculatedNetInterest": 22215623, "calculatedOtherIncome": -24227859037, "calculatedIncomeNonControlling": 51826054689, "calculatedEbitda": 24174321525}, {"date": "2010-12-31", "symbol": "ABR", "reportedCurrency": "USD", "cik": "0001253986", "fillingDate": "2011-03-04", "acceptedDate": "2011-03-04 08:00:39", "calendarYear": "2010", "period": "FY", "revenue": 36142472, "costOfRevenue": 8059364000, "grossProfit": -8023221528, "grossProfitRatio": -221.9887319274, "researchAndDevelopmentExpenses": 0, "generalAndAdministrativeExpenses": 41421002, "sellingAndMarketingExpenses": 0, "sellingGeneralAndAdministrativeExpenses": 41421002, "otherExpenses": 64578998, "operatingExpenses": 106000000, "costAndExpenses": 11596286000, "interestIncome": 95487325, "interestExpense": 62979036, "depreciationAndAmortization": 570154, "ebitda": 179019401, "ebitdaratio": 4.953158738, "operatingIncome": 2564729000, "operatingIncomeRatio": 70.9616375991, "totalOtherIncomeExpensesNet": 112100292000, "incomeBeforeTax": 114665021, "incomeBeforeTaxRatio": 3.1725837956, "incomeTaxExpense": 2560000, "netIncome": 112910211, "netIncomeRatio": 3.1240312229, "eps": 4.44, "epsdiluted": 4.39, "weightedAverageShsOut": 25424481, "weightedAverageShsOutDil": 25741290, "link": "https://www.sec.gov/Archives/edgar/data/1253986/000104746911001737/0001047469-11-001737-index.htm", "finalLink": "https://www.sec.gov/Archives/edgar/data/1253986/000104746911001737/a2202433z10-k.htm", "calculatedOtherExpenses": -10629371530, "calculatedOperatingExpenses": -10587950528, "calculatedNetInterest": 32508289, "calculatedOtherIncome": -2482572268, "calculatedIncomeNonControlling": -805190, "calculatedEbitda": 2565299154}, {"date": "2009-12-31", "symbol": "ABR", "reportedCurrency": "USD", "cik": "0001253986", "fillingDate": "2010-03-09", "acceptedDate": "2010-03-08 19:46:45", "calendarYear": "2009", "period": "FY", "revenue": 94874519, "costOfRevenue": 10154276000, "grossProfit": -10059401481, "grossProfitRatio": -106.0284846451, "researchAndDevelopmentExpenses": 0, "generalAndAdministrativeExpenses": 35795459, "sellingAndMarketingExpenses": 0, "sellingGeneralAndAdministrativeExpenses": 35795459, "otherExpenses": -54080118, "operatingExpenses": 116000000, "costAndExpenses": 11565529000, "interestIncome": 117262129, "interestExpense": 80102075, "depreciationAndAmortization": 94819, "ebitda": -149773378, "ebitdaratio": -1.5786470338, "operatingIncome": 916246000, "operatingIncomeRatio": 9.6574508062, "totalOtherIncomeExpensesNet": -308499824000, "incomeBeforeTax": -206682964, "incomeBeforeTaxRatio": -2.1784876085, "incomeTaxExpense": -307583568890, "netIncome": -230631156, "netIncomeRatio": -2.4309072492, "eps": -9.11, "epsdiluted": -9.11, "weightedAverageShsOut": 25313574, "weightedAverageShsOutDil": 25313574, "link": "https://www.sec.gov/Archives/edgar/data/1253986/000095012310022203/0000950123-10-022203-index.htm", "finalLink": "https://www.sec.gov/Archives/edgar/data/1253986/000095012310022203/y83076e10vk.htm", "calculatedOtherExpenses": -11011442940, "calculatedOperatingExpenses": -10975647481, "calculatedNetInterest": 37160054, "calculatedOtherIncome": -1160089018, "calculatedIncomeNonControlling": 307607517082, "calculatedEbitda": 916340819}, {"date": "2008-12-31", "symbol": "ABR", "reportedCurrency": "USD", "cik": "0001253986", "fillingDate": "2009-03-09", "acceptedDate": "2009-03-09 14:42:46", "calendarYear": "2008", "period": "FY", "revenue": 98711190, "costOfRevenue": 8110003000, "grossProfit": -8011291810, "grossProfitRatio": -81.1589021468, "researchAndDevelopmentExpenses": 0, "generalAndAdministrativeExpenses": 8110003, "sellingAndMarketingExpenses": 0, "sellingGeneralAndAdministrativeExpenses": 8110003, "otherExpenses": 122889997, "operatingExpenses": 131000000, "costAndExpenses": 11090904000, "interestIncome": 204135097, "interestExpense": 108656702, "depreciationAndAmortization": 751859, "ebitda": 28178717, "ebitdaratio": 0.2854662881, "operatingIncome": 3150466000, "operatingIncomeRatio": 31.9159965552, "totalOtherIncomeExpensesNet": -77593241000, "incomeBeforeTax": -74442775000, "incomeBeforeTaxRatio": -754.1472755014, "incomeTaxExpense": 6787069000, "netIncome": -81229844, "netIncomeRatio": -0.8229041105, "eps": -3.54, "epsdiluted": -3.54, "weightedAverageShsOut": 22916648, "weightedAverageShsOutDil": 22916648, "link": "https://www.sec.gov/Archives/edgar/data/1253986/000095012309004280/0000950123-09-004280-index.htm", "finalLink": "https://www.sec.gov/Archives/edgar/data/1253986/000095012309004280/y75056e10vk.htm", "calculatedOtherExpenses": -11169867813, "calculatedOperatingExpenses": -11161757810, "calculatedNetInterest": 95478395, "calculatedOtherIncome": -77688719395, "calculatedIncomeNonControlling": -81148614156, "calculatedEbitda": 3151217859}, {"date": "2007-12-31", "symbol": "ABR", "reportedCurrency": "USD", "cik": "0001253986", "fillingDate": "2008-03-05", "acceptedDate": "2008-03-05 16:32:25", "calendarYear": "2007", "period": "FY", "revenue": 160887260, "costOfRevenue": 9381055000, "grossProfit": -9220167740, "grossProfitRatio": -57.3082526236, "researchAndDevelopmentExpenses": 0, "generalAndAdministrativeExpenses": 9381055, "sellingAndMarketingExpenses": 0, "sellingGeneralAndAdministrativeExpenses": 9381055, "otherExpenses": 143618945, "operatingExpenses": 153000000, "costAndExpenses": 9534055000, "interestIncome": 273984357, "interestExpense": 147710194, "depreciationAndAmortization": 1587481, "ebitda": 250716553, "ebitdaratio": 1.5583368938, "operatingIncome": 249129072, "operatingIncomeRatio": 1.548469854, "totalOtherIncomeExpensesNet": -147710194, "incomeBeforeTax": 101418878, "incomeBeforeTaxRatio": 0.6303723365, "incomeTaxExpense": 16885000, "netIncome": 84533878, "netIncomeRatio": 0.5254230695, "eps": 4.44, "epsdiluted": 4.44, "weightedAverageShsOut": 19022616, "weightedAverageShsOutDil": 22870159, "link": "https://www.sec.gov/Archives/edgar/data/1253986/000095012308002566/0000950123-08-002566-index.htm", "finalLink": "https://www.sec.gov/Archives/edgar/data/1253986/000095012308002566/y50514e10vk.htm", "calculatedOtherExpenses": -9478677867, "calculatedOperatingExpenses": -9469296812, "calculatedNetInterest": 126274163, "calculatedOtherIncome": -273984357, "calculatedIncomeNonControlling": 0, "calculatedEbitda": 250716553}, {"date": "2006-12-31", "symbol": "ABR", "reportedCurrency": "USD", "cik": "0001253986", "fillingDate": "2007-02-28", "acceptedDate": "2007-02-28 17:30:12", "calendarYear": "2006", "period": "FY", "revenue": 85791431, "costOfRevenue": 4648644000, "grossProfit": -4562852569, "grossProfitRatio": -53.1854115943, "researchAndDevelopmentExpenses": 0, "generalAndAdministrativeExpenses": 9111663, "sellingAndMarketingExpenses": 0, "sellingGeneralAndAdministrativeExpenses": 9111663, "otherExpenses": 102888337, "operatingExpenses": 112000000, "costAndExpenses": 4760644000, "interestIncome": 172833401, "interestExpense": 92693419, "depreciationAndAmortization": -219820, "ebitda": 142887406, "ebitdaratio": 1.6655207208, "operatingIncome": 143107226, "operatingIncomeRatio": 1.6680829814, "totalOtherIncomeExpensesNet": 50270699774, "incomeBeforeTax": 50413807000, "incomeBeforeTaxRatio": 587.6321960407, "incomeTaxExpense": 50363393193, "netIncome": 50413807, "netIncomeRatio": 0.587632196, "eps": 2.94, "epsdiluted": 2.93, "weightedAverageShsOut": 17161346, "weightedAverageShsOutDil": 21001804, "link": "https://www.sec.gov/Archives/edgar/data/1253986/000095012307002959/0000950123-07-002959-index.htm", "finalLink": "https://www.sec.gov/Archives/edgar/data/1253986/000095012307002959/y30963e10vk.htm", "calculatedOtherExpenses": -4715071458, "calculatedOperatingExpenses": -4705959795, "calculatedNetInterest": 80139982, "calculatedOtherIncome": 50190559792, "calculatedIncomeNonControlling": 0, "calculatedEbitda": 142887406}, {"date": "2005-12-31", "symbol": "ABR", "reportedCurrency": "USD", "cik": "0001253986", "fillingDate": "2006-03-15", "acceptedDate": "2006-03-15 17:29:02", "calendarYear": "2005", "period": "FY", "revenue": 84315423, "costOfRevenue": 4274609000, "grossProfit": -4190293577, "grossProfitRatio": -49.6978302178, "researchAndDevelopmentExpenses": 0, "generalAndAdministrativeExpenses": 4274609, "sellingAndMarketingExpenses": 0, "sellingGeneralAndAdministrativeExpenses": 4274609, "otherExpenses": 55725391, "operatingExpenses": 60000000, "costAndExpenses": 4334609000, "interestIncome": 121109157, "interestExpense": 45745424, "depreciationAndAmortization": -165906, "ebitda": 95966541, "ebitdaratio": 1.1381848965, "operatingIncome": 96132447, "operatingIncomeRatio": 1.1401525792, "totalOtherIncomeExpensesNet": 50290890553, "incomeBeforeTax": 50387023000, "incomeBeforeTaxRatio": 597.6014969408, "incomeTaxExpense": 50336635977, "netIncome": 50387023, "netIncomeRatio": 0.5976014969, "eps": 2.99, "epsdiluted": 2.98, "weightedAverageShsOut": 16867466, "weightedAverageShsOutDil": 20672502, "link": "https://www.sec.gov/Archives/edgar/data/1253986/000095012306003216/0000950123-06-003216-index.htm", "finalLink": "https://www.sec.gov/Archives/edgar/data/1253986/000095012306003216/y17899e10vk.htm", "calculatedOtherExpenses": -4290700633, "calculatedOperatingExpenses": -4286426024, "calculatedNetInterest": 75363733, "calculatedOtherIncome": 50215526820, "calculatedIncomeNonControlling": 0, "calculatedEbitda": 95966541}, {"date": "2004-12-31", "symbol": "ABR", "reportedCurrency": "USD", "cik": "0001253986", "fillingDate": "2005-03-31", "acceptedDate": "2005-03-31 10:24:07", "calendarYear": "2004", "period": "FY", "revenue": 39121920, "costOfRevenue": 2325727000, "grossProfit": -2286605080, "grossProfitRatio": -58.4481814798, "researchAndDevelopmentExpenses": 0, "generalAndAdministrativeExpenses": 4234249, "sellingAndMarketingExpenses": 0, "sellingGeneralAndAdministrativeExpenses": 4234249, "otherExpenses": 2326816088, "operatingExpenses": 2331050337, "costAndExpenses": 2325727000, "interestIncome": 57927230, "interestExpense": 19372575, "depreciationAndAmortization": -1431146, "ebitda": 43014111, "ebitdaratio": 1.0994887521, "operatingIncome": 44445257, "operatingIncomeRatio": 1.1360704434, "totalOtherIncomeExpensesNet": 25028236743, "incomeBeforeTax": 25072682000, "incomeBeforeTaxRatio": 640.8857745223, "incomeTaxExpense": 25047609318, "netIncome": 25072682, "netIncomeRatio": 0.6408857745, "eps": 1.81, "epsdiluted": 1.78, "weightedAverageShsOut": 13814199, "weightedAverageShsOutDil": 17366015, "link": "https://www.sec.gov/Archives/edgar/data/1253986/000095012305003868/0000950123-05-003868-index.htm", "finalLink": "https://www.sec.gov/Archives/edgar/data/1253986/000095012305003868/y07196e10vk.htm", "calculatedOtherExpenses": -2335284586, "calculatedOperatingExpenses": -2331050337, "calculatedNetInterest": 38554655, "calculatedOtherIncome": 24989682088, "calculatedIncomeNonControlling": 0, "calculatedEbitda": 43014111}, {"date": "2003-12-31", "symbol": "ABR", "reportedCurrency": "USD", "cik": "0001253986", "fillingDate": "2003-12-31", "acceptedDate": "2003-12-30 19:00:00", "calendarYear": "2003", "period": "FY", "revenue": 8499220, "costOfRevenue": 0, "grossProfit": 8499220, "grossProfitRatio": 1, "researchAndDevelopmentExpenses": 0, "generalAndAdministrativeExpenses": 2661703, "sellingAndMarketingExpenses": 0, "sellingGeneralAndAdministrativeExpenses": 2661703, "otherExpenses": -6083273, "operatingExpenses": -3421570, "costAndExpenses": -3421570, "interestIncome": 10012449, "interestExpense": 1669731, "depreciationAndAmortization": 0, "ebitda": 5077650, "ebitdaratio": 0.5974254108, "operatingIncome": 5077650, "operatingIncomeRatio": 0.5974254108, "totalOtherIncomeExpensesNet": 0, "incomeBeforeTax": 0, "incomeBeforeTaxRatio": 0, "incomeTaxExpense": -3407919, "netIncome": 3407919, "netIncomeRatio": 0.4009684418, "eps": 0.42, "epsdiluted": 0.42, "weightedAverageShsOut": 8199567, "weightedAverageShsOutDil": 11346291, "link": "", "finalLink": "", "calculatedOtherExpenses": 759867, "calculatedOperatingExpenses": 3421570, "calculatedNetInterest": 8342718, "calculatedOtherIncome": -13420368, "calculatedIncomeNonControlling": 0, "calculatedEbitda": 5077650}]}