{"originalCurrency": "USD", "convertedCurrency": "USD", "report": [{"date": "2023-12-31", "symbol": "ABT", "reportedCurrency": "USD", "cik": "0000001800", "fillingDate": "2024-02-16", "acceptedDate": "2024-02-16 16:15:58", "calendarYear": "2023", "period": "FY", "revenue": 40109000000, "costOfRevenue": 17975000000, "grossProfit": 22134000000, "grossProfitRatio": 0.5518462191, "researchAndDevelopmentExpenses": 2741000000, "generalAndAdministrativeExpenses": 0, "sellingAndMarketingExpenses": 0, "sellingGeneralAndAdministrativeExpenses": 10949000000, "otherExpenses": 479000000, "operatingExpenses": 15656000000, "costAndExpenses": 33631000000, "interestIncome": 385000000, "interestExpense": 637000000, "depreciationAndAmortization": 3243000000, "ebitda": 10585000000, "ebitdaratio": 0.2639058565, "operatingIncome": 6478000000, "operatingIncomeRatio": 0.1615098856, "totalOtherIncomeExpensesNet": 438000000, "incomeBeforeTax": 6664000000, "incomeBeforeTaxRatio": 0.1661472487, "incomeTaxExpense": 941000000, "netIncome": 5723000000, "netIncomeRatio": 0.1426861802, "eps": 3.3, "epsdiluted": 3.26, "weightedAverageShsOut": 1740000000, "weightedAverageShsOutDil": 1749000000, "link": "https://www.sec.gov/Archives/edgar/data/1800/000162828024005348/0001628280-24-005348-index.htm", "finalLink": "https://www.sec.gov/Archives/edgar/data/1800/000162828024005348/abt-20231231.htm", "calculatedOtherExpenses": 1966000000, "calculatedOperatingExpenses": 15656000000, "calculatedNetInterest": -252000000, "calculatedOtherIncome": 438000000, "calculatedIncomeNonControlling": 0, "calculatedEbitda": 9721000000}, {"date": "2022-12-31", "symbol": "ABT", "reportedCurrency": "USD", "cik": "0000001800", "fillingDate": "2023-02-17", "acceptedDate": "2023-02-17 16:09:44", "calendarYear": "2022", "period": "FY", "revenue": 43653000000, "costOfRevenue": 19142000000, "grossProfit": 24511000000, "grossProfitRatio": 0.5614963462, "researchAndDevelopmentExpenses": 2888000000, "generalAndAdministrativeExpenses": 0, "sellingAndMarketingExpenses": 0, "sellingGeneralAndAdministrativeExpenses": 11248000000, "otherExpenses": 2013000000, "operatingExpenses": 16149000000, "costAndExpenses": 35291000000, "interestIncome": 183000000, "interestExpense": 375000000, "depreciationAndAmortization": 2334000000, "ebitda": 10696000000, "ebitdaratio": 0.2450232516, "operatingIncome": 8362000000, "operatingIncomeRatio": 0.1915561359, "totalOtherIncomeExpensesNet": -56000000, "incomeBeforeTax": 8306000000, "incomeBeforeTaxRatio": 0.1902732916, "incomeTaxExpense": 1373000000, "netIncome": 6933000000, "netIncomeRatio": 0.1588206996, "eps": 3.94, "epsdiluted": 3.91, "weightedAverageShsOut": 1753000000, "weightedAverageShsOutDil": 1764000000, "link": "https://www.sec.gov/Archives/edgar/data/1800/000162828023004026/0001628280-23-004026-index.htm", "finalLink": "https://www.sec.gov/Archives/edgar/data/1800/000162828023004026/abt-20221231.htm", "calculatedOtherExpenses": 2013000000, "calculatedOperatingExpenses": 16149000000, "calculatedNetInterest": -192000000, "calculatedOtherIncome": 136000000, "calculatedIncomeNonControlling": 0, "calculatedEbitda": 10696000000}, {"date": "2021-12-31", "symbol": "ABT", "reportedCurrency": "USD", "cik": "0000001800", "fillingDate": "2022-02-18", "acceptedDate": "2022-02-18 16:02:57", "calendarYear": "2021", "period": "FY", "revenue": 43075000000, "costOfRevenue": 18537000000, "grossProfit": 24538000000, "grossProfitRatio": 0.569657574, "researchAndDevelopmentExpenses": 2742000000, "generalAndAdministrativeExpenses": 0, "sellingAndMarketingExpenses": 0, "sellingGeneralAndAdministrativeExpenses": 11324000000, "otherExpenses": 2047000000, "operatingExpenses": 16113000000, "costAndExpenses": 34650000000, "interestIncome": 43000000, "interestExpense": 490000000, "depreciationAndAmortization": 2324000000, "ebitda": 10749000000, "ebitdaratio": 0.2495414974, "operatingIncome": 8425000000, "operatingIncomeRatio": 0.1955890888, "totalOtherIncomeExpensesNet": -214000000, "incomeBeforeTax": 8211000000, "incomeBeforeTaxRatio": 0.1906210099, "incomeTaxExpense": 1140000000, "netIncome": 7071000000, "netIncomeRatio": 0.1641555427, "eps": 3.97, "epsdiluted": 3.94, "weightedAverageShsOut": 1775000000, "weightedAverageShsOutDil": 1789000000, "link": "https://www.sec.gov/Archives/edgar/data/1800/000110465922025141/0001104659-22-025141-index.htm", "finalLink": "https://www.sec.gov/Archives/edgar/data/1800/000110465922025141/abt-20211231x10k.htm", "calculatedOtherExpenses": 2047000000, "calculatedOperatingExpenses": 16113000000, "calculatedNetInterest": -447000000, "calculatedOtherIncome": 233000000, "calculatedIncomeNonControlling": 0, "calculatedEbitda": 10749000000}, {"date": "2020-12-31", "symbol": "ABT", "reportedCurrency": "USD", "cik": "0000001800", "fillingDate": "2021-02-19", "acceptedDate": "2021-02-19 16:10:04", "calendarYear": "2020", "period": "FY", "revenue": 34608000000, "costOfRevenue": 15003000000, "grossProfit": 19605000000, "grossProfitRatio": 0.5664875173, "researchAndDevelopmentExpenses": 2420000000, "generalAndAdministrativeExpenses": 0, "sellingAndMarketingExpenses": 0, "sellingGeneralAndAdministrativeExpenses": 9696000000, "otherExpenses": 2132000000, "operatingExpenses": 14248000000, "costAndExpenses": 29251000000, "interestIncome": 46000000, "interestExpense": 500000000, "depreciationAndAmortization": 2235000000, "ebitda": 7592000000, "ebitdaratio": 0.2193712436, "operatingIncome": 5357000000, "operatingIncomeRatio": 0.1547907998, "totalOtherIncomeExpensesNet": -389000000, "incomeBeforeTax": 4968000000, "incomeBeforeTaxRatio": 0.1435506241, "incomeTaxExpense": 497000000, "netIncome": 4495000000, "netIncomeRatio": 0.129883264, "eps": 2.52, "epsdiluted": 2.5, "weightedAverageShsOut": 1773000000, "weightedAverageShsOutDil": 1786000000, "link": "https://www.sec.gov/Archives/edgar/data/1800/000110465921025751/0001104659-21-025751-index.htm", "finalLink": "https://www.sec.gov/Archives/edgar/data/1800/000110465921025751/abt-20201231x10k.htm", "calculatedOtherExpenses": 2132000000, "calculatedOperatingExpenses": 14248000000, "calculatedNetInterest": -454000000, "calculatedOtherIncome": 65000000, "calculatedIncomeNonControlling": -24000000, "calculatedEbitda": 7592000000}, {"date": "2019-12-31", "symbol": "ABT", "reportedCurrency": "USD", "cik": "0000001800", "fillingDate": "2020-02-21", "acceptedDate": "2020-02-21 16:28:23", "calendarYear": "2019", "period": "FY", "revenue": 31904000000, "costOfRevenue": 13231000000, "grossProfit": 18673000000, "grossProfitRatio": 0.5852871113, "researchAndDevelopmentExpenses": 2440000000, "generalAndAdministrativeExpenses": 0, "sellingAndMarketingExpenses": 0, "sellingGeneralAndAdministrativeExpenses": 9765000000, "otherExpenses": 1936000000, "operatingExpenses": 14141000000, "costAndExpenses": 27372000000, "interestIncome": 94000000, "interestExpense": 576000000, "depreciationAndAmortization": 2127000000, "ebitda": 6659000000, "ebitdaratio": 0.2087199097, "operatingIncome": 4532000000, "operatingIncomeRatio": 0.1420511535, "totalOtherIncomeExpensesNet": -455000000, "incomeBeforeTax": 4077000000, "incomeBeforeTaxRatio": 0.1277896189, "incomeTaxExpense": 390000000, "netIncome": 3687000000, "netIncomeRatio": 0.1155654463, "eps": 2.07, "epsdiluted": 2.06, "weightedAverageShsOut": 1768000000, "weightedAverageShsOutDil": 1781000000, "link": "https://www.sec.gov/Archives/edgar/data/1800/000110465920023904/0001104659-20-023904-index.htm", "finalLink": "https://www.sec.gov/Archives/edgar/data/1800/000110465920023904/abt-20191231x10k59d41b.htm", "calculatedOtherExpenses": 1936000000, "calculatedOperatingExpenses": 14141000000, "calculatedNetInterest": -482000000, "calculatedOtherIncome": 27000000, "calculatedIncomeNonControlling": 0, "calculatedEbitda": 6659000000}, {"date": "2018-12-31", "symbol": "ABT", "reportedCurrency": "USD", "cik": "0000001800", "fillingDate": "2019-02-22", "acceptedDate": "2019-02-22 16:13:21", "calendarYear": "2018", "period": "FY", "revenue": 30578000000, "costOfRevenue": 12706000000, "grossProfit": 17872000000, "grossProfitRatio": 0.5844724966, "researchAndDevelopmentExpenses": 2300000000, "generalAndAdministrativeExpenses": 9744000000, "sellingAndMarketingExpenses": 0, "sellingGeneralAndAdministrativeExpenses": 9744000000, "otherExpenses": 139000000, "operatingExpenses": 14222000000, "costAndExpenses": 26928000000, "interestIncome": 105000000, "interestExpense": 721000000, "depreciationAndAmortization": 2178000000, "ebitda": 5967000000, "ebitdaratio": 0.1951402969, "operatingIncome": 3650000000, "operatingIncomeRatio": 0.1193668651, "totalOtherIncomeExpensesNet": -56000000, "incomeBeforeTax": 2873000000, "incomeBeforeTaxRatio": 0.0939564393, "incomeTaxExpense": 539000000, "netIncome": 2368000000, "netIncomeRatio": 0.0774412977, "eps": 1.35, "epsdiluted": 1.34, "weightedAverageShsOut": 1755619422, "weightedAverageShsOutDil": 1770000000, "link": "https://www.sec.gov/Archives/edgar/data/1800/000104746919000624/0001047469-19-000624-index.htm", "finalLink": "https://www.sec.gov/Archives/edgar/data/1800/000104746919000624/a2237733z10-k.htm", "calculatedOtherExpenses": 2178000000, "calculatedOperatingExpenses": 14222000000, "calculatedNetInterest": -616000000, "calculatedOtherIncome": -161000000, "calculatedIncomeNonControlling": -34000000, "calculatedEbitda": 5828000000}, {"date": "2017-12-31", "symbol": "ABT", "reportedCurrency": "USD", "cik": "0000001800", "fillingDate": "2018-02-16", "acceptedDate": "2018-02-16 16:04:37", "calendarYear": "2017", "period": "FY", "revenue": 27390000000, "costOfRevenue": 12337000000, "grossProfit": 15053000000, "grossProfitRatio": 0.5495801387, "researchAndDevelopmentExpenses": 2235000000, "generalAndAdministrativeExpenses": 9117000000, "sellingAndMarketingExpenses": 0, "sellingGeneralAndAdministrativeExpenses": 9117000000, "otherExpenses": 1251000000, "operatingExpenses": 13327000000, "costAndExpenses": 25664000000, "interestIncome": 124000000, "interestExpense": 780000000, "depreciationAndAmortization": 1975000000, "ebitda": 4952000000, "ebitdaratio": 0.1807959109, "operatingIncome": 1726000000, "operatingIncomeRatio": 0.0630156992, "totalOtherIncomeExpensesNet": 1285000000, "incomeBeforeTax": 2231000000, "incomeBeforeTaxRatio": 0.0814530851, "incomeTaxExpense": 1878000000, "netIncome": 477000000, "netIncomeRatio": 0.017415115, "eps": 0.27, "epsdiluted": 0.27, "weightedAverageShsOut": 1743602469, "weightedAverageShsOutDil": 1749000000, "link": "https://www.sec.gov/Archives/edgar/data/1800/000104746918000856/0001047469-18-000856-index.htm", "finalLink": "https://www.sec.gov/Archives/edgar/data/1800/000104746918000856/a2234264z10-k.htm", "calculatedOtherExpenses": 1975000000, "calculatedOperatingExpenses": 13327000000, "calculatedNetInterest": -656000000, "calculatedOtherIncome": 1161000000, "calculatedIncomeNonControlling": -124000000, "calculatedEbitda": 3701000000}, {"date": "2016-12-31", "symbol": "ABT", "reportedCurrency": "USD", "cik": "0000001800", "fillingDate": "2017-02-17", "acceptedDate": "2017-02-17 16:17:24", "calendarYear": "2016", "period": "FY", "revenue": 20853000000, "costOfRevenue": 9024000000, "grossProfit": 11829000000, "grossProfitRatio": 0.5672565099, "researchAndDevelopmentExpenses": 1422000000, "generalAndAdministrativeExpenses": 6672000000, "sellingAndMarketingExpenses": 0, "sellingGeneralAndAdministrativeExpenses": 6672000000, "otherExpenses": -945000000, "operatingExpenses": 8644000000, "costAndExpenses": 17668000000, "interestIncome": 99000000, "interestExpense": 332000000, "depreciationAndAmortization": 550000000, "ebitda": 2790000000, "ebitdaratio": 0.1337936987, "operatingIncome": 3185000000, "operatingIncomeRatio": 0.1527358174, "totalOtherIncomeExpensesNet": -1440000000, "incomeBeforeTax": 1413000000, "incomeBeforeTaxRatio": 0.0677600345, "incomeTaxExpense": 350000000, "netIncome": 1400000000, "netIncomeRatio": 0.067136623, "eps": 0.95, "epsdiluted": 0.94, "weightedAverageShsOut": 1472869205, "weightedAverageShsOutDil": 1483000000, "link": "https://www.sec.gov/Archives/edgar/data/1800/000104746917000744/0001047469-17-000744-index.htm", "finalLink": "https://www.sec.gov/Archives/edgar/data/1800/000104746917000744/a2230875z10-k.htm", "calculatedOtherExpenses": 550000000, "calculatedOperatingExpenses": 8644000000, "calculatedNetInterest": -233000000, "calculatedOtherIncome": -1539000000, "calculatedIncomeNonControlling": -337000000, "calculatedEbitda": 3735000000}, {"date": "2015-12-31", "symbol": "ABT", "reportedCurrency": "USD", "cik": "0000001800", "fillingDate": "2016-02-19", "acceptedDate": "2016-02-19 15:48:41", "calendarYear": "2015", "period": "FY", "revenue": 20405000000, "costOfRevenue": 8747000000, "grossProfit": 11658000000, "grossProfitRatio": 0.5713305562, "researchAndDevelopmentExpenses": 1405000000, "generalAndAdministrativeExpenses": 6785000000, "sellingAndMarketingExpenses": 0, "sellingGeneralAndAdministrativeExpenses": 6785000000, "otherExpenses": 281000000, "operatingExpenses": 8791000000, "costAndExpenses": 17538000000, "interestIncome": 105000000, "interestExpense": 58000000, "depreciationAndAmortization": 601000000, "ebitda": 3749000000, "ebitdaratio": 0.1837294781, "operatingIncome": 2867000000, "operatingIncomeRatio": 0.1405047782, "totalOtherIncomeExpensesNet": 374000000, "incomeBeforeTax": 3183000000, "incomeBeforeTaxRatio": 0.1559911786, "incomeTaxExpense": 577000000, "netIncome": 4423000000, "netIncomeRatio": 0.2167605979, "eps": 3, "epsdiluted": 2.94, "weightedAverageShsOut": 1472665052, "weightedAverageShsOutDil": 1506000000, "link": "https://www.sec.gov/Archives/edgar/data/1800/000104746916010246/0001047469-16-010246-index.htm", "finalLink": "https://www.sec.gov/Archives/edgar/data/1800/000104746916010246/a2227279z10-k.htm", "calculatedOtherExpenses": 601000000, "calculatedOperatingExpenses": 8791000000, "calculatedNetInterest": 47000000, "calculatedOtherIncome": 269000000, "calculatedIncomeNonControlling": -1817000000, "calculatedEbitda": 3468000000}, {"date": "2014-12-31", "symbol": "ABT", "reportedCurrency": "USD", "cik": "0000001800", "fillingDate": "2015-02-27", "acceptedDate": "2015-02-27 12:57:49", "calendarYear": "2014", "period": "FY", "revenue": 20247000000, "costOfRevenue": 9218000000, "grossProfit": 11029000000, "grossProfitRatio": 0.544722675, "researchAndDevelopmentExpenses": 1345000000, "generalAndAdministrativeExpenses": 6530000000, "sellingAndMarketingExpenses": 0, "sellingGeneralAndAdministrativeExpenses": 6530000000, "otherExpenses": -14000000, "operatingExpenses": 8430000000, "costAndExpenses": 17648000000, "interestIncome": 77000000, "interestExpense": 73000000, "depreciationAndAmortization": 555000000, "ebitda": 3140000000, "ebitdaratio": 0.1550847039, "operatingIncome": 2599000000, "operatingIncomeRatio": 0.128364696, "totalOtherIncomeExpensesNet": -8000000, "incomeBeforeTax": 2518000000, "incomeBeforeTaxRatio": 0.1243641033, "incomeTaxExpense": 797000000, "netIncome": 2284000000, "netIncomeRatio": 0.1128068356, "eps": 1.51, "epsdiluted": 1.5, "weightedAverageShsOut": 1508035434, "weightedAverageShsOutDil": 1527000000, "link": "https://www.sec.gov/Archives/edgar/data/1800/000104746915001377/0001047469-15-001377-index.htm", "finalLink": "https://www.sec.gov/Archives/edgar/data/1800/000104746915001377/a2222655z10-k.htm", "calculatedOtherExpenses": 555000000, "calculatedOperatingExpenses": 8430000000, "calculatedNetInterest": 4000000, "calculatedOtherIncome": -85000000, "calculatedIncomeNonControlling": -563000000, "calculatedEbitda": 3154000000}, {"date": "2013-12-31", "symbol": "ABT", "reportedCurrency": "USD", "cik": "0000001800", "fillingDate": "2014-02-21", "acceptedDate": "2014-02-21 17:16:35", "calendarYear": "2013", "period": "FY", "revenue": 21848000000, "costOfRevenue": 10040000000, "grossProfit": 11808000000, "grossProfitRatio": 0.5404613695, "researchAndDevelopmentExpenses": 1452000000, "generalAndAdministrativeExpenses": 6936000000, "sellingAndMarketingExpenses": 0, "sellingGeneralAndAdministrativeExpenses": 6936000000, "otherExpenses": 32000000, "operatingExpenses": 9179000000, "costAndExpenses": 19219000000, "interestIncome": 67000000, "interestExpense": 90000000, "depreciationAndAmortization": 791000000, "ebitda": 3452000000, "ebitdaratio": 0.1580007323, "operatingIncome": 2629000000, "operatingIncomeRatio": 0.1203313804, "totalOtherIncomeExpensesNet": -18000000, "incomeBeforeTax": 2521000000, "incomeBeforeTaxRatio": 0.1153881362, "incomeTaxExpense": 138000000, "netIncome": 2576000000, "netIncomeRatio": 0.1179055291, "eps": 1.66, "epsdiluted": 1.64, "weightedAverageShsOut": 1548098286, "weightedAverageShsOutDil": 1574000000, "link": "https://www.sec.gov/Archives/edgar/data/1800/000104746914001176/0001047469-14-001176-index.htm", "finalLink": "https://www.sec.gov/Archives/edgar/data/1800/000104746914001176/a2218043z10-k.htm", "calculatedOtherExpenses": 791000000, "calculatedOperatingExpenses": 9179000000, "calculatedNetInterest": -23000000, "calculatedOtherIncome": -85000000, "calculatedIncomeNonControlling": -193000000, "calculatedEbitda": 3420000000}, {"date": "2012-12-31", "symbol": "ABT", "reportedCurrency": "USD", "cik": "0000001800", "fillingDate": "2013-02-15", "acceptedDate": "2013-02-15 15:15:07", "calendarYear": "2012", "period": "FY", "revenue": 39874000000, "costOfRevenue": 15120000000, "grossProfit": 24754000000, "grossProfitRatio": 0.6208055374, "researchAndDevelopmentExpenses": 4322000000, "generalAndAdministrativeExpenses": 12059495000, "sellingAndMarketingExpenses": -495000, "sellingGeneralAndAdministrativeExpenses": 12059000000, "otherExpenses": 34000000, "operatingExpenses": 16381000000, "costAndExpenses": 31501000000, "interestIncome": 79225000, "interestExpense": 513000000, "depreciationAndAmortization": 2783207000, "ebitda": 8407000000, "ebitdaratio": 0.2108391433, "operatingIncome": 8085000000, "operatingIncomeRatio": 0.2027637057, "totalOtherIncomeExpensesNet": -1597000000, "incomeBeforeTax": 6263000000, "incomeBeforeTaxRatio": 0.1570697698, "incomeTaxExpense": 300000000, "netIncome": 5963000000, "netIncomeRatio": 0.1495460701, "eps": 3.78, "epsdiluted": 3.75, "weightedAverageShsOut": 1576667492, "weightedAverageShsOutDil": 1592000000, "link": "https://www.sec.gov/Archives/edgar/data/1800/000104746913001180/0001047469-13-001180-index.htm", "finalLink": "https://www.sec.gov/Archives/edgar/data/1800/000104746913001180/a2212523z10-k.htm", "calculatedOtherExpenses": 288000000, "calculatedOperatingExpenses": 16669000000, "calculatedNetInterest": -433775000, "calculatedOtherIncome": -1388225000, "calculatedIncomeNonControlling": 0, "calculatedEbitda": 10868207000}, {"date": "2011-12-31", "symbol": "ABT", "reportedCurrency": "USD", "cik": "0000001800", "fillingDate": "2012-02-21", "acceptedDate": "2012-02-21 15:11:18", "calendarYear": "2011", "period": "FY", "revenue": 38851000000, "costOfRevenue": 15541000000, "grossProfit": 23310000000, "grossProfitRatio": 0.5999845564, "researchAndDevelopmentExpenses": 4802000000, "generalAndAdministrativeExpenses": 12756817000, "sellingAndMarketingExpenses": -817000, "sellingGeneralAndAdministrativeExpenses": 12756000000, "otherExpenses": -119000000, "operatingExpenses": 17558000000, "costAndExpenses": 33099000000, "interestIncome": 85196000, "interestExpense": 530141000, "depreciationAndAmortization": 3043894000, "ebitda": 5860000000, "ebitdaratio": 0.1508326684, "operatingIncome": 5752000000, "operatingIncomeRatio": 0.1480528172, "totalOtherIncomeExpensesNet": -108000000, "incomeBeforeTax": 5199000000, "incomeBeforeTaxRatio": 0.1338189493, "incomeTaxExpense": 470000000, "netIncome": 4728000000, "netIncomeRatio": 0.1216957092, "eps": 3.01, "epsdiluted": 3.01, "weightedAverageShsOut": 1570378819, "weightedAverageShsOutDil": 1570378819, "link": "https://www.sec.gov/Archives/edgar/data/1800/000104746912001216/0001047469-12-001216-index.htm", "finalLink": "https://www.sec.gov/Archives/edgar/data/1800/000104746912001216/a2207147z10-k.htm", "calculatedOtherExpenses": 0, "calculatedOperatingExpenses": 17558000000, "calculatedNetInterest": -444945000, "calculatedOtherIncome": -108055000, "calculatedIncomeNonControlling": 1000000, "calculatedEbitda": 8795894000}, {"date": "2010-12-31", "symbol": "ABT", "reportedCurrency": "USD", "cik": "0000001800", "fillingDate": "2011-02-18", "acceptedDate": "2011-02-18 15:03:18", "calendarYear": "2010", "period": "FY", "revenue": 35167000000, "costOfRevenue": 14665000000, "grossProfit": 20502000000, "grossProfitRatio": 0.5829897347, "researchAndDevelopmentExpenses": 3725000000, "generalAndAdministrativeExpenses": 10376324000, "sellingAndMarketingExpenses": -324000, "sellingGeneralAndAdministrativeExpenses": 10376000000, "otherExpenses": 62011000, "operatingExpenses": 14101000000, "costAndExpenses": 28766000000, "interestIncome": 105453000, "interestExpense": 553135000, "depreciationAndAmortization": 2624305000, "ebitda": 6787000000, "ebitdaratio": 0.1929934313, "operatingIncome": 6088000000, "operatingIncomeRatio": 0.1731168425, "totalOtherIncomeExpensesNet": -386000000, "incomeBeforeTax": 5713000000, "incomeBeforeTaxRatio": 0.1624534365, "incomeTaxExpense": 1087000000, "netIncome": 4626172000, "netIncomeRatio": 0.1315486678, "eps": 2.99, "epsdiluted": 2.97, "weightedAverageShsOut": 1546983948, "weightedAverageShsOutDil": 1556000000, "link": "https://www.sec.gov/Archives/edgar/data/1800/000104746911001056/0001047469-11-001056-index.htm", "finalLink": "https://www.sec.gov/Archives/edgar/data/1800/000104746911001056/a2201962z10-k.htm", "calculatedOtherExpenses": 313000000, "calculatedOperatingExpenses": 14414000000, "calculatedNetInterest": -447682000, "calculatedOtherIncome": 72682000, "calculatedIncomeNonControlling": -172000, "calculatedEbitda": 8712305000}, {"date": "2009-12-31", "symbol": "ABT", "reportedCurrency": "USD", "cik": "0000001800", "fillingDate": "2010-02-19", "acceptedDate": "2010-02-19 16:05:52", "calendarYear": "2009", "period": "FY", "revenue": 30765000000, "costOfRevenue": 13209000000, "grossProfit": 17556000000, "grossProfitRatio": 0.5706484642, "researchAndDevelopmentExpenses": 2744000000, "generalAndAdministrativeExpenses": 8405904000, "sellingAndMarketingExpenses": 96000, "sellingGeneralAndAdministrativeExpenses": 8406000000, "otherExpenses": 0, "operatingExpenses": 11150000000, "costAndExpenses": 24359000000, "interestIncome": 137779000, "interestExpense": 382000000, "depreciationAndAmortization": 2089510000, "ebitda": 6406000000, "ebitdaratio": 0.2082236307, "operatingIncome": 6236000000, "operatingIncomeRatio": 0.202697871, "totalOtherIncomeExpensesNet": 1170000000, "incomeBeforeTax": 7194000000, "incomeBeforeTaxRatio": 0.2338371526, "incomeTaxExpense": 1448000000, "netIncome": 5745838000, "netIncomeRatio": 0.1867654152, "eps": 3.72, "epsdiluted": 3.7, "weightedAverageShsOut": 1546493000, "weightedAverageShsOutDil": 1555000000, "link": "https://www.sec.gov/Archives/edgar/data/1800/000104746910001018/0001047469-10-001018-index.htm", "finalLink": "https://www.sec.gov/Archives/edgar/data/1800/000104746910001018/a2196380z10-k.htm", "calculatedOtherExpenses": 170000000, "calculatedOperatingExpenses": 11320000000, "calculatedNetInterest": -244221000, "calculatedOtherIncome": 1202221000, "calculatedIncomeNonControlling": 162000, "calculatedEbitda": 8325510000}, {"date": "2008-12-31", "symbol": "ABT", "reportedCurrency": "USD", "cik": "0000001800", "fillingDate": "2009-02-20", "acceptedDate": "2009-02-20 16:44:22", "calendarYear": "2008", "period": "FY", "revenue": 29527552000, "costOfRevenue": 12612022000, "grossProfit": 16915530000, "grossProfitRatio": 0.5728727529, "researchAndDevelopmentExpenses": 2688811000, "generalAndAdministrativeExpenses": 8435624000, "sellingAndMarketingExpenses": 0, "sellingGeneralAndAdministrativeExpenses": 8435624000, "otherExpenses": 0, "operatingExpenses": 11124435000, "costAndExpenses": 23736457000, "interestIncome": 201229000, "interestExpense": 528474000, "depreciationAndAmortization": 1838829000, "ebitda": 6259046000, "ebitdaratio": 0.2119730752, "operatingIncome": 5693839000, "operatingIncomeRatio": 0.1928313935, "totalOtherIncomeExpensesNet": -586948000, "incomeBeforeTax": 5856286000, "incomeBeforeTaxRatio": 0.1983329333, "incomeTaxExpense": 1122070000, "netIncome": 4880719000, "netIncomeRatio": 0.165293723, "eps": 3.16, "epsdiluted": 3.13, "weightedAverageShsOut": 1543605000, "weightedAverageShsOutDil": 1560753000, "link": "https://www.sec.gov/Archives/edgar/data/1800/000104746909001642/0001047469-09-001642-index.htm", "finalLink": "https://www.sec.gov/Archives/edgar/data/1800/000104746909001642/a2188623z10-k.htm", "calculatedOtherExpenses": 97256000, "calculatedOperatingExpenses": 11221691000, "calculatedNetInterest": -327245000, "calculatedOtherIncome": 489692000, "calculatedIncomeNonControlling": -146503000, "calculatedEbitda": 7532668000}, {"date": "2007-12-31", "symbol": "ABT", "reportedCurrency": "USD", "cik": "0000001800", "fillingDate": "2008-02-19", "acceptedDate": "2008-02-19 17:08:18", "calendarYear": "2007", "period": "FY", "revenue": 25914238000, "costOfRevenue": 11422046000, "grossProfit": 14492192000, "grossProfitRatio": 0.5592366636, "researchAndDevelopmentExpenses": 2505649000, "generalAndAdministrativeExpenses": 7407998000, "sellingAndMarketingExpenses": 0, "sellingGeneralAndAdministrativeExpenses": 7407998000, "otherExpenses": 0, "operatingExpenses": 9913647000, "costAndExpenses": 21335693000, "interestIncome": 0, "interestExpense": 593142000, "depreciationAndAmortization": 1854886000, "ebitda": 6583954000, "ebitdaratio": 0.2540670499, "operatingIncome": 4578545000, "operatingIncomeRatio": 0.1766806726, "totalOtherIncomeExpensesNet": 347493000, "incomeBeforeTax": 4469648000, "incomeBeforeTaxRatio": 0.1724784653, "incomeTaxExpense": 863334000, "netIncome": 3606314000, "netIncomeRatio": 0.1391634205, "eps": 2.34, "epsdiluted": 2.31, "weightedAverageShsOut": 1543082000, "weightedAverageShsOutDil": 1560057000, "link": "https://www.sec.gov/Archives/edgar/data/1800/000104746908001480/0001047469-08-001480-index.htm", "finalLink": "https://www.sec.gov/Archives/edgar/data/1800/000104746908001480/a2182445z10-k.htm", "calculatedOtherExpenses": 0, "calculatedOperatingExpenses": 9913647000, "calculatedNetInterest": -593142000, "calculatedOtherIncome": 484245000, "calculatedIncomeNonControlling": 0, "calculatedEbitda": 6433431000}, {"date": "2006-12-31", "symbol": "ABT", "reportedCurrency": "USD", "cik": "0000001800", "fillingDate": "2007-02-23", "acceptedDate": "2007-02-23 16:39:34", "calendarYear": "2006", "period": "FY", "revenue": 22476322000, "costOfRevenue": 9815147000, "grossProfit": 12661175000, "grossProfitRatio": 0.5633116931, "researchAndDevelopmentExpenses": 2255271000, "generalAndAdministrativeExpenses": 6349685000, "sellingAndMarketingExpenses": 0, "sellingGeneralAndAdministrativeExpenses": 6349685000, "otherExpenses": 0, "operatingExpenses": 8604956000, "costAndExpenses": 18420103000, "interestIncome": 0, "interestExpense": 292347000, "depreciationAndAmortization": 1558750000, "ebitda": 7578282000, "ebitdaratio": 0.3371673533, "operatingIncome": 2042219000, "operatingIncomeRatio": 0.0908609069, "totalOtherIncomeExpensesNet": -1487502000, "incomeBeforeTax": 2276370000, "incomeBeforeTaxRatio": 0.1012785811, "incomeTaxExpense": 559615000, "netIncome": 1716755000, "netIncomeRatio": 0.0763806018, "eps": 1.12, "epsdiluted": 1.12, "weightedAverageShsOut": 1529848000, "weightedAverageShsOutDil": 1536724000, "link": "https://www.sec.gov/Archives/edgar/data/1800/000110465907013496/0001104659-07-013496-index.htm", "finalLink": "https://www.sec.gov/Archives/edgar/data/1800/000110465907013496/a07-1583_110k.htm", "calculatedOtherExpenses": 2014000000, "calculatedOperatingExpenses": 10618956000, "calculatedNetInterest": -292347000, "calculatedOtherIncome": 526498000, "calculatedIncomeNonControlling": 0, "calculatedEbitda": 3600969000}, {"date": "2005-12-31", "symbol": "ABT", "reportedCurrency": "USD", "cik": "0000001800", "fillingDate": "2006-02-22", "acceptedDate": "2006-02-22 10:36:20", "calendarYear": "2005", "period": "FY", "revenue": 22337808000, "costOfRevenue": 10641111000, "grossProfit": 11696697000, "grossProfitRatio": 0.5236277884, "researchAndDevelopmentExpenses": 1821175000, "generalAndAdministrativeExpenses": 5496123000, "sellingAndMarketingExpenses": 0, "sellingGeneralAndAdministrativeExpenses": 5496123000, "otherExpenses": 0, "operatingExpenses": 7317298000, "costAndExpenses": 17958409000, "interestIncome": 0, "interestExpense": 153662000, "depreciationAndAmortization": 1358939000, "ebitda": 5344155000, "ebitdaratio": 0.2392425882, "operatingIncome": 4362268000, "operatingIncomeRatio": 0.1952863056, "totalOtherIncomeExpensesNet": 394183000, "incomeBeforeTax": 4619920000, "incomeBeforeTaxRatio": 0.2068206513, "incomeTaxExpense": 1247855000, "netIncome": 3372065000, "netIncomeRatio": 0.1509577395, "eps": 2.17, "epsdiluted": 2.16, "weightedAverageShsOut": 1552457000, "weightedAverageShsOutDil": 1564103000, "link": "https://www.sec.gov/Archives/edgar/data/1800/000104746906002258/0001047469-06-002258-index.htm", "finalLink": "https://www.sec.gov/Archives/edgar/data/1800/000104746906002258/a2167223z10-k.htm", "calculatedOtherExpenses": 17131000, "calculatedOperatingExpenses": 7334429000, "calculatedNetInterest": -153662000, "calculatedOtherIncome": 411314000, "calculatedIncomeNonControlling": 0, "calculatedEbitda": 5721207000}, {"date": "2004-12-31", "symbol": "ABT", "reportedCurrency": "USD", "cik": "0000001800", "fillingDate": "2005-03-02", "acceptedDate": "2005-03-02 12:47:10", "calendarYear": "2004", "period": "FY", "revenue": 19680016000, "costOfRevenue": 8884157000, "grossProfit": 10795859000, "grossProfitRatio": 0.5485696251, "researchAndDevelopmentExpenses": 1696753000, "generalAndAdministrativeExpenses": 4921780000, "sellingAndMarketingExpenses": 0, "sellingGeneralAndAdministrativeExpenses": 4921780000, "otherExpenses": 0, "operatingExpenses": 6618533000, "costAndExpenses": 15502690000, "interestIncome": 0, "interestExpense": 149087000, "depreciationAndAmortization": 1288700000, "ebitda": 5368665000, "ebitdaratio": 0.2727977965, "operatingIncome": 3898320000, "operatingIncomeRatio": 0.1980852048, "totalOtherIncomeExpensesNet": 97361000, "incomeBeforeTax": 4125600000, "incomeBeforeTaxRatio": 0.2096339759, "incomeTaxExpense": 949764000, "netIncome": 3235851000, "netIncomeRatio": 0.1644231895, "eps": 2.07, "epsdiluted": 2.06, "weightedAverageShsOut": 1560557000, "weightedAverageShsOutDil": 1570611000, "link": "https://www.sec.gov/Archives/edgar/data/1800/000104746905005185/0001047469-05-005185-index.htm", "finalLink": "https://www.sec.gov/Archives/edgar/data/1800/000104746905005185/a2149332z10-k.htm", "calculatedOtherExpenses": 279006000, "calculatedOperatingExpenses": 6897539000, "calculatedNetInterest": -149087000, "calculatedOtherIncome": 376367000, "calculatedIncomeNonControlling": -60015000, "calculatedEbitda": 5187020000}, {"date": "2003-12-31", "symbol": "ABT", "reportedCurrency": "USD", "cik": "0000001800", "fillingDate": "2004-02-25", "acceptedDate": "2004-02-24 18:50:37", "calendarYear": "2003", "period": "FY", "revenue": 19680561000, "costOfRevenue": 9473416000, "grossProfit": 10207145000, "grossProfitRatio": 0.5186409574, "researchAndDevelopmentExpenses": 1733472000, "generalAndAdministrativeExpenses": 5050901000, "sellingAndMarketingExpenses": 0, "sellingGeneralAndAdministrativeExpenses": 5050901000, "otherExpenses": 0, "operatingExpenses": 6784373000, "costAndExpenses": 16257789000, "interestIncome": 0, "interestExpense": 146123000, "depreciationAndAmortization": 1273991000, "ebitda": 4238995000, "ebitdaratio": 0.2153899475, "operatingIncome": 3322532000, "operatingIncomeRatio": 0.168823033, "totalOtherIncomeExpensesNet": 457768000, "incomeBeforeTax": 3734417000, "incomeBeforeTaxRatio": 0.1897515523, "incomeTaxExpense": 981184000, "netIncome": 2753233000, "netIncomeRatio": 0.1398960629, "eps": 1.76, "epsdiluted": 1.75, "weightedAverageShsOut": 1562815000, "weightedAverageShsOutDil": 1571869000, "link": "https://www.sec.gov/Archives/edgar/data/1800/000104746904005498/0001047469-04-005498-index.htm", "finalLink": "https://www.sec.gov/Archives/edgar/data/1800/000104746904005498/a2127912z10-k.htm", "calculatedOtherExpenses": 100240000, "calculatedOperatingExpenses": 6884613000, "calculatedNetInterest": -146123000, "calculatedOtherIncome": 558008000, "calculatedIncomeNonControlling": 0, "calculatedEbitda": 4596523000}, {"date": "2002-12-31", "symbol": "ABT", "reportedCurrency": "USD", "cik": "0000001800", "fillingDate": "2003-02-19", "acceptedDate": "2003-02-19 17:23:33", "calendarYear": "2002", "period": "FY", "revenue": 17684663000, "costOfRevenue": 8506254000, "grossProfit": 9178409000, "grossProfitRatio": 0.5190038962, "researchAndDevelopmentExpenses": 1561792000, "generalAndAdministrativeExpenses": 3978776000, "sellingAndMarketingExpenses": 0, "sellingGeneralAndAdministrativeExpenses": 3978776000, "otherExpenses": 0, "operatingExpenses": 5540568000, "costAndExpenses": 14046822000, "interestIncome": 0, "interestExpense": 205220000, "depreciationAndAmortization": 1177345000, "ebitda": 4574394000, "ebitdaratio": 0.258664471, "operatingIncome": 3530141000, "operatingIncomeRatio": 0.199615961, "totalOtherIncomeExpensesNet": 240792000, "incomeBeforeTax": 3673413000, "incomeBeforeTaxRatio": 0.2077174442, "incomeTaxExpense": 879710000, "netIncome": 2793703000, "netIncomeRatio": 0.157973211, "eps": 1.79, "epsdiluted": 1.78, "weightedAverageShsOut": 1560956000, "weightedAverageShsOutDil": 1573293000, "link": "https://www.sec.gov/Archives/edgar/data/1800/000104746903006107/0001047469-03-006107-index.htm", "finalLink": "https://www.sec.gov/Archives/edgar/data/1800/000104746903006107/a2102588z10-k.htm", "calculatedOtherExpenses": 107700000, "calculatedOperatingExpenses": 5648268000, "calculatedNetInterest": -205220000, "calculatedOtherIncome": 348492000, "calculatedIncomeNonControlling": 0, "calculatedEbitda": 4707486000}, {"date": "2001-12-31", "symbol": "ABT", "reportedCurrency": "USD", "cik": "0000001800", "fillingDate": "2002-02-21", "acceptedDate": "2002-02-21 00:00:00", "calendarYear": "2001", "period": "FY", "revenue": 16285246000, "costOfRevenue": 7748382000, "grossProfit": 8536864000, "grossProfitRatio": 0.5242084768, "researchAndDevelopmentExpenses": 1577552000, "generalAndAdministrativeExpenses": 3734880000, "sellingAndMarketingExpenses": 0, "sellingGeneralAndAdministrativeExpenses": 3734880000, "otherExpenses": 0, "operatingExpenses": 5312432000, "costAndExpenses": 13060814000, "interestIncome": 0, "interestExpense": 234759000000, "depreciationAndAmortization": 1168018000, "ebitda": 5498975000, "ebitdaratio": 0.337666069, "operatingIncome": 1894032000, "operatingIncomeRatio": 0.1163035548, "totalOtherIncomeExpensesNet": -1106525000, "incomeBeforeTax": 1883148000, "incomeBeforeTaxRatio": 0.1156352198, "incomeTaxExpense": 332758000, "netIncome": 1550390000, "netIncomeRatio": 0.0952021234, "eps": 1, "epsdiluted": 0.99, "weightedAverageShsOut": 1550390000, "weightedAverageShsOutDil": 1566050505, "link": "https://www.sec.gov/Archives/edgar/data/1800/000091205702007043/0000912057-02-007043-index.htm", "finalLink": "https://www.sec.gov/Archives/edgar/data/1800/000091205702007043/a2066561z10-k405.htm", "calculatedOtherExpenses": 1330400000, "calculatedOperatingExpenses": 6642832000, "calculatedNetInterest": -234759000000, "calculatedOtherIncome": 234748116000, "calculatedIncomeNonControlling": 0, "calculatedEbitda": 3062050000}, {"date": "2000-12-31", "symbol": "ABT", "reportedCurrency": "USD", "cik": "0000001800", "fillingDate": "2001-02-15", "acceptedDate": "2001-02-15 00:00:00", "calendarYear": "2000", "period": "FY", "revenue": 13745916000, "costOfRevenue": 6238646000, "grossProfit": 7507270000, "grossProfitRatio": 0.5461454879, "researchAndDevelopmentExpenses": 1351024000, "generalAndAdministrativeExpenses": 2894178000, "sellingAndMarketingExpenses": 0, "sellingGeneralAndAdministrativeExpenses": 2894178000, "otherExpenses": -138507000, "operatingExpenses": 4106695000, "costAndExpenses": 10345341000, "interestIncome": 0, "interestExpense": 23221000, "depreciationAndAmortization": 827431000, "ebitda": 3650446000, "ebitdaratio": 0.2655658597, "operatingIncome": 3400575000, "operatingIncomeRatio": 0.2473880242, "totalOtherIncomeExpensesNet": 577560000, "incomeBeforeTax": 3816407000, "incomeBeforeTaxRatio": 0.2776393367, "incomeTaxExpense": 1030430000, "netIncome": 2785977000, "netIncomeRatio": 0.2026767078, "eps": 1.8, "epsdiluted": 1.78, "weightedAverageShsOut": 1548015000, "weightedAverageShsOutDil": 1565579000, "link": "https://www.sec.gov/Archives/edgar/data/1800/000091205701006039/0000912057-01-006039-index.htm", "finalLink": "https://www.sec.gov/Archives/edgar/data/1800/000091205701006039/a2035109z10-k.htm", "calculatedOtherExpenses": -138507000, "calculatedOperatingExpenses": 4106695000, "calculatedNetInterest": -23221000, "calculatedOtherIncome": 439053000, "calculatedIncomeNonControlling": 0, "calculatedEbitda": 4228006000}, {"date": "1999-12-31", "symbol": "ABT", "reportedCurrency": "USD", "cik": "0000001800", "fillingDate": "2000-03-14", "acceptedDate": "2000-03-14 00:00:00", "calendarYear": "1999", "period": "FY", "revenue": 13177625000, "costOfRevenue": 5977183000, "grossProfit": 7200442000, "grossProfitRatio": 0.5464142438, "researchAndDevelopmentExpenses": 1193963000, "generalAndAdministrativeExpenses": 2857104000, "sellingAndMarketingExpenses": 0, "sellingGeneralAndAdministrativeExpenses": 2857104000, "otherExpenses": 0, "operatingExpenses": 4051067000, "costAndExpenses": 10028250000, "interestIncome": 0, "interestExpense": 0, "depreciationAndAmortization": 828006000, "ebitda": 3648103000, "ebitdaratio": 0.2768407054, "operatingIncome": 3149375000, "operatingIncomeRatio": 0.2389941283, "totalOtherIncomeExpensesNet": 329278000, "incomeBeforeTax": 3396888000, "incomeBeforeTaxRatio": 0.2577769515, "incomeTaxExpense": 951129000, "netIncome": 2445800000, "netIncomeRatio": 0.1856024891, "eps": 1.59, "epsdiluted": 1.57, "weightedAverageShsOut": 1536762000, "weightedAverageShsOutDil": 1557655000, "link": "https://www.sec.gov/Archives/edgar/data/1800/000091205700011377/0000912057-00-011377-index.html", "finalLink": "https://www.sec.gov/Archives/edgar/data/1800/000091205700011377/", "calculatedOtherExpenses": 0, "calculatedOperatingExpenses": 4051067000, "calculatedNetInterest": 0, "calculatedOtherIncome": 247513000, "calculatedIncomeNonControlling": -41000, "calculatedEbitda": 3977381000}, {"date": "1998-12-31", "symbol": "ABT", "reportedCurrency": "USD", "cik": "0000001800", "fillingDate": "1999-03-09", "acceptedDate": "1999-03-09 00:00:00", "calendarYear": "1998", "period": "FY", "revenue": 12477845000, "costOfRevenue": 5394441000, "grossProfit": 7083404000, "grossProfitRatio": 0.5676784733, "researchAndDevelopmentExpenses": 1221593000, "generalAndAdministrativeExpenses": 2743888000, "sellingAndMarketingExpenses": 0, "sellingGeneralAndAdministrativeExpenses": 2743888000, "otherExpenses": 0, "operatingExpenses": 3965481000, "costAndExpenses": 9359922000, "interestIncome": 0, "interestExpense": 0, "depreciationAndAmortization": 784243000, "ebitda": 3675372000, "ebitdaratio": 0.2945518237, "operatingIncome": 3117923000, "operatingIncomeRatio": 0.2498767215, "totalOtherIncomeExpensesNet": 226794000, "incomeBeforeTax": 3240599000, "incomeBeforeTaxRatio": 0.2597082269, "incomeTaxExpense": 907368000, "netIncome": 2334400000, "netIncomeRatio": 0.1870835869, "eps": 1.52, "epsdiluted": 1.49, "weightedAverageShsOut": 1537242000, "weightedAverageShsOutDil": 1560958000, "link": "https://www.sec.gov/Archives/edgar/data/1800/000104746999008952/0001047469-99-008952-index.html", "finalLink": "https://www.sec.gov/Archives/edgar/data/1800/", "calculatedOtherExpenses": 0, "calculatedOperatingExpenses": 3965481000, "calculatedNetInterest": 0, "calculatedOtherIncome": 122676000, "calculatedIncomeNonControlling": -1169000, "calculatedEbitda": 3902166000}, {"date": "1997-12-31", "symbol": "ABT", "reportedCurrency": "USD", "cik": "0000001800", "fillingDate": "1998-03-09", "acceptedDate": "1998-03-09 00:00:00", "calendarYear": "1997", "period": "FY", "revenue": 11883462000, "costOfRevenue": 5045678000, "grossProfit": 6837784000, "grossProfitRatio": 0.5754033631, "researchAndDevelopmentExpenses": 1302403000, "generalAndAdministrativeExpenses": 2684955000, "sellingAndMarketingExpenses": 0, "sellingGeneralAndAdministrativeExpenses": 2684955000, "otherExpenses": 0, "operatingExpenses": 3987358000, "costAndExpenses": 9033036000, "interestIncome": 0, "interestExpense": 0, "depreciationAndAmortization": 727754000, "ebitda": 3391858000, "ebitdaratio": 0.2854267553, "operatingIncome": 2850426000, "operatingIncomeRatio": 0.2398649484, "totalOtherIncomeExpensesNet": 186322000, "incomeBeforeTax": 2949946000, "incomeBeforeTaxRatio": 0.2482396123, "incomeTaxExpense": 855484000, "netIncome": 2079100000, "netIncomeRatio": 0.1749574324, "eps": 1.35, "epsdiluted": 1.33, "weightedAverageShsOut": 1551567164, "weightedAverageShsOutDil": 1575075758, "link": "https://www.sec.gov/Archives/edgar/data/1800/000104746998009108/0001047469-98-009108-index.html", "finalLink": "https://www.sec.gov/Archives/edgar/data/1800/", "calculatedOtherExpenses": 0, "calculatedOperatingExpenses": 3987358000, "calculatedNetInterest": 0, "calculatedOtherIncome": 99520000, "calculatedIncomeNonControlling": 15362000, "calculatedEbitda": 3578180000}, {"date": "1996-12-31", "symbol": "ABT", "reportedCurrency": "USD", "cik": "0000001800", "fillingDate": "1997-03-11", "acceptedDate": "1997-03-11 00:00:00", "calendarYear": "1996", "period": "FY", "revenue": 11013460000, "costOfRevenue": 4731998000, "grossProfit": 6281462000, "grossProfitRatio": 0.5703441062, "researchAndDevelopmentExpenses": 1204841000, "generalAndAdministrativeExpenses": 2459560000, "sellingAndMarketingExpenses": 0, "sellingGeneralAndAdministrativeExpenses": 2459560000, "otherExpenses": 0, "operatingExpenses": 3664401000, "costAndExpenses": 8396399000, "interestIncome": 0, "interestExpense": 0, "depreciationAndAmortization": 686085000, "ebitda": 3199733000, "ebitdaratio": 0.2905293159, "operatingIncome": 2617061000, "operatingIncomeRatio": 0.2376238712, "totalOtherIncomeExpensesNet": 103413000, "incomeBeforeTax": 2669550000, "incomeBeforeTaxRatio": 0.2423897667, "incomeTaxExpense": 787517000, "netIncome": 1882000000, "netIncomeRatio": 0.1708818119, "eps": 1.21, "epsdiluted": 1.19, "weightedAverageShsOut": 1555371901, "weightedAverageShsOutDil": 1581512605, "link": "https://www.sec.gov/Archives/edgar/data/1800/000091205797008391/0000912057-97-008391-index.html", "finalLink": "https://www.sec.gov/Archives/edgar/data/1800/", "calculatedOtherExpenses": 0, "calculatedOperatingExpenses": 3664401000, "calculatedNetInterest": 0, "calculatedOtherIncome": 52489000, "calculatedIncomeNonControlling": 33000, "calculatedEbitda": 3303146000}, {"date": "1995-12-31", "symbol": "ABT", "reportedCurrency": "USD", "cik": "0000001800", "fillingDate": "1996-03-11", "acceptedDate": "1996-03-11 00:00:00", "calendarYear": "1995", "period": "FY", "revenue": 10012194000, "costOfRevenue": 4325805000, "grossProfit": 5686389000, "grossProfitRatio": 0.5679463462, "researchAndDevelopmentExpenses": 1072745000, "generalAndAdministrativeExpenses": 2230740000, "sellingAndMarketingExpenses": 0, "sellingGeneralAndAdministrativeExpenses": 2230740000, "otherExpenses": 0, "operatingExpenses": 3303485000, "costAndExpenses": 7629290000, "interestIncome": 0, "interestExpense": 0, "depreciationAndAmortization": 566423000, "ebitda": 2919163000, "ebitdaratio": 0.2915607708, "operatingIncome": 2382904000, "operatingIncomeRatio": 0.2380001826, "totalOtherIncomeExpensesNet": 30164000, "incomeBeforeTax": 2395319000, "incomeBeforeTaxRatio": 0.2392401705, "incomeTaxExpense": 706619000, "netIncome": 1688700000, "netIncomeRatio": 0.1686643307, "eps": 1.06, "epsdiluted": 1.06, "weightedAverageShsOut": 1590724000, "weightedAverageShsOutDil": 1594642000, "link": "https://www.sec.gov/Archives/edgar/data/1800/000091205796004299/0000912057-96-004299-index.html", "finalLink": "https://www.sec.gov/Archives/edgar/data/1800/", "calculatedOtherExpenses": 0, "calculatedOperatingExpenses": 3303485000, "calculatedNetInterest": 0, "calculatedOtherIncome": 12415000, "calculatedIncomeNonControlling": 0, "calculatedEbitda": 2949327000}, {"date": "1994-12-31", "symbol": "ABT", "reportedCurrency": "USD", "cik": "0000001800", "fillingDate": "1995-03-10", "acceptedDate": "1995-03-10 00:00:00", "calendarYear": "1994", "period": "FY", "revenue": 9156009000, "costOfRevenue": 3993831000, "grossProfit": 5162178000, "grossProfitRatio": 0.5638021981, "researchAndDevelopmentExpenses": 963516000, "generalAndAdministrativeExpenses": 2054455000, "sellingAndMarketingExpenses": 0, "sellingGeneralAndAdministrativeExpenses": 2054455000, "otherExpenses": 0, "operatingExpenses": 3017971000, "costAndExpenses": 7011802000, "interestIncome": 0, "interestExpense": 0, "depreciationAndAmortization": 510504000, "ebitda": 2619413000, "ebitdaratio": 0.2860867655, "operatingIncome": 2144207000, "operatingIncomeRatio": 0.2341857681, "totalOtherIncomeExpensesNet": 35298000, "incomeBeforeTax": 2166690000, "incomeBeforeTaxRatio": 0.2366413139, "incomeTaxExpense": 650007000, "netIncome": 1516683000, "netIncomeRatio": 0.1656489197, "eps": 0.93, "epsdiluted": 0.93, "weightedAverageShsOut": 1624472000, "weightedAverageShsOutDil": 1624472000, "link": "https://www.sec.gov/Archives/edgar/data/1800/000091205795001314/0000912057-95-001314-index.html", "finalLink": "https://www.sec.gov/Archives/edgar/data/1800/", "calculatedOtherExpenses": 0, "calculatedOperatingExpenses": 3017971000, "calculatedNetInterest": 0, "calculatedOtherIncome": 22483000, "calculatedIncomeNonControlling": 0, "calculatedEbitda": 2654711000}, {"date": "1993-12-31", "symbol": "ABT", "reportedCurrency": "USD", "cik": "0000001800", "fillingDate": "1994-03-03", "acceptedDate": "1994-03-03 00:00:00", "calendarYear": "1993", "period": "FY", "revenue": 8407843000, "costOfRevenue": 3684727000, "grossProfit": 4723116000, "grossProfitRatio": 0.5617512125, "researchAndDevelopmentExpenses": 880974000, "generalAndAdministrativeExpenses": 1988176000, "sellingAndMarketingExpenses": 0, "sellingGeneralAndAdministrativeExpenses": 1988176000, "otherExpenses": -70000000, "operatingExpenses": 2799150000, "costAndExpenses": 6483877000, "interestIncome": 0, "interestExpense": 0, "depreciationAndAmortization": 484081000, "ebitda": 2302321000, "ebitdaratio": 0.2738301607, "operatingIncome": 1923966000, "operatingIncomeRatio": 0.2288299151, "totalOtherIncomeExpensesNet": 105726000, "incomeBeforeTax": 1943230000, "incomeBeforeTaxRatio": 0.2311211092, "incomeTaxExpense": 544104000, "netIncome": 1399126000, "netIncomeRatio": 0.1664072462, "eps": 0.84, "epsdiluted": 0.84, "weightedAverageShsOut": 1657976000, "weightedAverageShsOutDil": 1657976000, "link": "https://www.sec.gov/Archives/edgar/data/1800/000091205794000771/0000912057-94-000771-index.html", "finalLink": "https://www.sec.gov/Archives/edgar/data/1800/", "calculatedOtherExpenses": -70000000, "calculatedOperatingExpenses": 2799150000, "calculatedNetInterest": 0, "calculatedOtherIncome": 19264000, "calculatedIncomeNonControlling": 0, "calculatedEbitda": 2408047000}, {"date": "1992-12-31", "symbol": "ABT", "reportedCurrency": "USD", "cik": "0000001800", "fillingDate": "1992-12-31", "acceptedDate": "1992-12-30 19:00:00", "calendarYear": "1992", "period": "FY", "revenue": 7851900000, "costOfRevenue": 3077500000, "grossProfit": 4774400000, "grossProfitRatio": 0.6080566487, "researchAndDevelopmentExpenses": 0, "generalAndAdministrativeExpenses": 2820600000, "sellingAndMarketingExpenses": 0, "sellingGeneralAndAdministrativeExpenses": 2820600000, "otherExpenses": 427800000, "operatingExpenses": 3248400000, "costAndExpenses": 6325900000, "interestIncome": 0, "interestExpense": 0, "depreciationAndAmortization": 427800000, "ebitda": 1688100000, "ebitdaratio": 0.2149925496, "operatingIncome": 1526000000, "operatingIncomeRatio": 0.1943478648, "totalOtherIncomeExpensesNet": 265700000, "incomeBeforeTax": 1738800000, "incomeBeforeTaxRatio": 0.2214495855, "incomeTaxExpense": 499700000, "netIncome": 1239100000, "netIncomeRatio": 0.157808938, "eps": 0.74, "epsdiluted": 0.74, "weightedAverageShsOut": 1674459459, "weightedAverageShsOutDil": 1674459459, "link": "", "finalLink": "", "calculatedOtherExpenses": 427800000, "calculatedOperatingExpenses": 3248400000, "calculatedNetInterest": 0, "calculatedOtherIncome": 212800000, "calculatedIncomeNonControlling": 0, "calculatedEbitda": 1953800000}, {"date": "1991-12-31", "symbol": "ABT", "reportedCurrency": "USD", "cik": "0000001800", "fillingDate": "1991-12-31", "acceptedDate": "1991-12-30 19:00:00", "calendarYear": "1991", "period": "FY", "revenue": 6876600000, "costOfRevenue": 2761000000, "grossProfit": 4115600000, "grossProfitRatio": 0.5984934415, "researchAndDevelopmentExpenses": 0, "generalAndAdministrativeExpenses": 2179600000, "sellingAndMarketingExpenses": 0, "sellingGeneralAndAdministrativeExpenses": 2179600000, "otherExpenses": 379000000, "operatingExpenses": 2558600000, "costAndExpenses": 5319600000, "interestIncome": 0, "interestExpense": 0, "depreciationAndAmortization": 379000000, "ebitda": 1885000000, "ebitdaratio": 0.2741180234, "operatingIncome": 1557000000, "operatingIncomeRatio": 0.2264200332, "totalOtherIncomeExpensesNet": 51000000, "incomeBeforeTax": 1544200000, "incomeBeforeTaxRatio": 0.2245586482, "incomeTaxExpense": 455500000, "netIncome": 1088800000, "netIncomeRatio": 0.1583340604, "eps": 0.64, "epsdiluted": 0.64, "weightedAverageShsOut": 1701250000, "weightedAverageShsOutDil": 1701250000, "link": "", "finalLink": "", "calculatedOtherExpenses": 379000000, "calculatedOperatingExpenses": 2558600000, "calculatedNetInterest": 0, "calculatedOtherIncome": -12800000, "calculatedIncomeNonControlling": -100000, "calculatedEbitda": 1936000000}, {"date": "1990-12-31", "symbol": "ABT", "reportedCurrency": "USD", "cik": "0000001800", "fillingDate": "1990-12-31", "acceptedDate": "1990-12-30 19:00:00", "calendarYear": "1990", "period": "FY", "revenue": 6158700000, "costOfRevenue": 2554200000, "grossProfit": 3604500000, "grossProfitRatio": 0.5852696186, "researchAndDevelopmentExpenses": 0, "generalAndAdministrativeExpenses": 1842500000, "sellingAndMarketingExpenses": 0, "sellingGeneralAndAdministrativeExpenses": 1842500000, "otherExpenses": 355900000, "operatingExpenses": 2198400000, "costAndExpenses": 4752600000, "interestIncome": 0, "interestExpense": 0, "depreciationAndAmortization": 355900000, "ebitda": 1725900000, "ebitdaratio": 0.2802377125, "operatingIncome": 1406100000, "operatingIncomeRatio": 0.2283111696, "totalOtherIncomeExpensesNet": 36100000, "incomeBeforeTax": 1350800000, "incomeBeforeTaxRatio": 0.2193320019, "incomeTaxExpense": 385000000, "netIncome": 965800000, "netIncomeRatio": 0.1568188092, "eps": 0.56, "epsdiluted": 0.56, "weightedAverageShsOut": 1724642857, "weightedAverageShsOutDil": 1724642857, "link": "", "finalLink": "", "calculatedOtherExpenses": 355900000, "calculatedOperatingExpenses": 2198400000, "calculatedNetInterest": 0, "calculatedOtherIncome": -55300000, "calculatedIncomeNonControlling": 0, "calculatedEbitda": 1762000000}, {"date": "1989-12-31", "symbol": "ABT", "reportedCurrency": "USD", "cik": "0000001800", "fillingDate": "1989-12-31", "acceptedDate": "1989-12-30 19:00:00", "calendarYear": "1989", "period": "FY", "revenue": 5379800000, "costOfRevenue": 2249300000, "grossProfit": 3130500000, "grossProfitRatio": 0.5818989554, "researchAndDevelopmentExpenses": 0, "generalAndAdministrativeExpenses": 1602000000, "sellingAndMarketingExpenses": 0, "sellingGeneralAndAdministrativeExpenses": 1602000000, "otherExpenses": 307300000, "operatingExpenses": 1909300000, "costAndExpenses": 4158600000, "interestIncome": 0, "interestExpense": 0, "depreciationAndAmortization": 307300000, "ebitda": 1481000000, "ebitdaratio": 0.2752890442, "operatingIncome": 1221200000, "operatingIncomeRatio": 0.2269972861, "totalOtherIncomeExpensesNet": 47500000, "incomeBeforeTax": 1194200000, "incomeBeforeTaxRatio": 0.2219785122, "incomeTaxExpense": 334400000, "netIncome": 859800000, "netIncomeRatio": 0.1598200677, "eps": 0.49, "epsdiluted": 0.49, "weightedAverageShsOut": 1754693878, "weightedAverageShsOutDil": 1754693878, "link": "", "finalLink": "", "calculatedOtherExpenses": 307300000, "calculatedOperatingExpenses": 1909300000, "calculatedNetInterest": 0, "calculatedOtherIncome": -27000000, "calculatedIncomeNonControlling": 0, "calculatedEbitda": 1528500000}, {"date": "1988-12-31", "symbol": "ABT", "reportedCurrency": "USD", "cik": "0000001800", "fillingDate": "1988-12-31", "acceptedDate": "1988-12-30 19:00:00", "calendarYear": "1988", "period": "FY", "revenue": 4937000000, "costOfRevenue": 2082300000, "grossProfit": 2854700000, "grossProfitRatio": 0.5782256431, "researchAndDevelopmentExpenses": 0, "generalAndAdministrativeExpenses": 1481800000, "sellingAndMarketingExpenses": 0, "sellingGeneralAndAdministrativeExpenses": 1481800000, "otherExpenses": 270900000, "operatingExpenses": 1752700000, "costAndExpenses": 3835000000, "interestIncome": 0, "interestExpense": 0, "depreciationAndAmortization": 270900000, "ebitda": 1334400000, "ebitdaratio": 0.2702855985, "operatingIncome": 1102000000, "operatingIncomeRatio": 0.2232124772, "totalOtherIncomeExpensesNet": 38500000, "incomeBeforeTax": 1055400000, "incomeBeforeTaxRatio": 0.2137735467, "incomeTaxExpense": 303400000, "netIncome": 752000000, "netIncomeRatio": 0.1523192222, "eps": 0.42, "epsdiluted": 0.42, "weightedAverageShsOut": 1790476190, "weightedAverageShsOutDil": 1790476190, "link": "", "finalLink": "", "calculatedOtherExpenses": 270900000, "calculatedOperatingExpenses": 1752700000, "calculatedNetInterest": 0, "calculatedOtherIncome": -46600000, "calculatedIncomeNonControlling": 0, "calculatedEbitda": 1372900000}, {"date": "1987-12-31", "symbol": "ABT", "reportedCurrency": "USD", "cik": "0000001800", "fillingDate": "1987-12-31", "acceptedDate": "1987-12-30 19:00:00", "calendarYear": "1987", "period": "FY", "revenue": 4387900000, "costOfRevenue": 1858200000, "grossProfit": 2529700000, "grossProfitRatio": 0.5765172406, "researchAndDevelopmentExpenses": 0, "generalAndAdministrativeExpenses": 1280300000, "sellingAndMarketingExpenses": 0, "sellingGeneralAndAdministrativeExpenses": 1280300000, "otherExpenses": 243700000, "operatingExpenses": 1524000000, "costAndExpenses": 3382200000, "interestIncome": 0, "interestExpense": 0, "depreciationAndAmortization": 243700000, "ebitda": 1240400000, "ebitdaratio": 0.2826864787, "operatingIncome": 1005700000, "operatingIncomeRatio": 0.2291984776, "totalOtherIncomeExpensesNet": 9000000, "incomeBeforeTax": 937200000, "incomeBeforeTaxRatio": 0.2135873653, "incomeTaxExpense": 304600000, "netIncome": 632600000, "netIncomeRatio": 0.1441691926, "eps": 0.35, "epsdiluted": 0.35, "weightedAverageShsOut": 1807428571, "weightedAverageShsOutDil": 1807428571, "link": "", "finalLink": "", "calculatedOtherExpenses": 243700000, "calculatedOperatingExpenses": 1524000000, "calculatedNetInterest": 0, "calculatedOtherIncome": -68500000, "calculatedIncomeNonControlling": 0, "calculatedEbitda": 1249400000}, {"date": "1986-12-31", "symbol": "ABT", "reportedCurrency": "USD", "cik": "0000001800", "fillingDate": "1986-12-31", "acceptedDate": "1986-12-30 19:00:00", "calendarYear": "1986", "period": "FY", "revenue": 3807600000, "costOfRevenue": 1668900000, "grossProfit": 2138700000, "grossProfitRatio": 0.5616924047, "researchAndDevelopmentExpenses": 0, "generalAndAdministrativeExpenses": 1060600000, "sellingAndMarketingExpenses": 0, "sellingGeneralAndAdministrativeExpenses": 1060600000, "otherExpenses": 199500000, "operatingExpenses": 1260100000, "costAndExpenses": 2929000000, "interestIncome": 0, "interestExpense": 0, "depreciationAndAmortization": 199500000, "ebitda": 1051700000, "ebitdaratio": 0.2762107364, "operatingIncome": 878600000, "operatingIncomeRatio": 0.2307490283, "totalOtherIncomeExpensesNet": 26400000, "incomeBeforeTax": 818700000, "incomeBeforeTaxRatio": 0.2150173338, "incomeTaxExpense": 278200000, "netIncome": 540500000, "netIncomeRatio": 0.1419529362, "eps": 0.29, "epsdiluted": 0.29, "weightedAverageShsOut": 1863793103, "weightedAverageShsOutDil": 1863793103, "link": "", "finalLink": "", "calculatedOtherExpenses": 199500000, "calculatedOperatingExpenses": 1260100000, "calculatedNetInterest": 0, "calculatedOtherIncome": -59900000, "calculatedIncomeNonControlling": 0, "calculatedEbitda": 1078100000}, {"date": "1985-12-31", "symbol": "ABT", "reportedCurrency": "USD", "cik": "0000001800", "fillingDate": "1985-12-31", "acceptedDate": "1985-12-30 19:00:00", "calendarYear": "1985", "period": "FY", "revenue": 3360300000, "costOfRevenue": 1539200000, "grossProfit": 1821100000, "grossProfitRatio": 0.5419456596, "researchAndDevelopmentExpenses": 0, "generalAndAdministrativeExpenses": 928200000, "sellingAndMarketingExpenses": 0, "sellingGeneralAndAdministrativeExpenses": 928200000, "otherExpenses": 155800000, "operatingExpenses": 1084000000, "costAndExpenses": 2623200000, "interestIncome": 0, "interestExpense": 0, "depreciationAndAmortization": 155800000, "ebitda": 837400000, "ebitdaratio": 0.2492039401, "operatingIncome": 737100000, "operatingIncomeRatio": 0.2193554147, "totalOtherIncomeExpensesNet": 55500000, "incomeBeforeTax": 694500000, "incomeBeforeTaxRatio": 0.2066779752, "incomeTaxExpense": 229200000, "netIncome": 465300000, "netIncomeRatio": 0.1384697795, "eps": 0.25, "epsdiluted": 0.25, "weightedAverageShsOut": 1861200000, "weightedAverageShsOutDil": 1861200000, "link": "", "finalLink": "", "calculatedOtherExpenses": 155800000, "calculatedOperatingExpenses": 1084000000, "calculatedNetInterest": 0, "calculatedOtherIncome": -42600000, "calculatedIncomeNonControlling": 0, "calculatedEbitda": 892900000}]}