{"originalCurrency": "USD", "convertedCurrency": "USD", "report": [{"date": "2023-12-31", "symbol": "ACA", "reportedCurrency": "USD", "cik": "0001739445", "fillingDate": "2024-02-23", "acceptedDate": "2024-02-23 10:17:37", "calendarYear": "2023", "period": "FY", "revenue": 2307900000, "costOfRevenue": 1864100000, "grossProfit": 443800000, "grossProfitRatio": 0.1922960267, "researchAndDevelopmentExpenses": 0, "generalAndAdministrativeExpenses": 0, "sellingAndMarketingExpenses": 0, "sellingGeneralAndAdministrativeExpenses": 261100000, "otherExpenses": 300000, "operatingExpenses": 261100000, "costAndExpenses": 2125199999, "interestIncome": 4700000, "interestExpense": 28100000, "depreciationAndAmortization": 159500000, "ebitda": 342200000, "ebitdaratio": 0.1482733221, "operatingIncome": 182700000, "operatingIncomeRatio": 0.0791628753, "totalOtherIncomeExpensesNet": 13200000, "incomeBeforeTax": 195900000, "incomeBeforeTaxRatio": 0.0848823606, "incomeTaxExpense": 36700000, "netIncome": 159200000, "netIncomeRatio": 0.0689804584, "eps": 3.27, "epsdiluted": 3.26, "weightedAverageShsOut": 48500000, "weightedAverageShsOutDil": 48700000, "link": "https://www.sec.gov/Archives/edgar/data/1739445/000173944524000012/0001739445-24-000012-index.htm", "finalLink": "https://www.sec.gov/Archives/edgar/data/1739445/000173944524000012/aca-20231231.htm", "calculatedOtherExpenses": 0, "calculatedOperatingExpenses": 261100000, "calculatedNetInterest": -23400000, "calculatedOtherIncome": 36600000, "calculatedIncomeNonControlling": 0, "calculatedEbitda": 342200000}, {"date": "2022-12-31", "symbol": "ACA", "reportedCurrency": "USD", "cik": "0001739445", "fillingDate": "2023-02-24", "acceptedDate": "2023-02-24 11:03:08", "calendarYear": "2022", "period": "FY", "revenue": 2242800000, "costOfRevenue": 1820000000, "grossProfit": 422800000, "grossProfitRatio": 0.1885143571, "researchAndDevelopmentExpenses": 0, "generalAndAdministrativeExpenses": 0, "sellingAndMarketingExpenses": 0, "sellingGeneralAndAdministrativeExpenses": 262800000, "otherExpenses": -1800000, "operatingExpenses": 262800000, "costAndExpenses": 2082800000, "interestIncome": 1100000, "interestExpense": 31000000, "depreciationAndAmortization": 154100000, "ebitda": 312300000, "ebitdaratio": 0.1392455859, "operatingIncome": 158200000, "operatingIncomeRatio": 0.070536829, "totalOtherIncomeExpensesNet": 158000000, "incomeBeforeTax": 316200000, "incomeBeforeTaxRatio": 0.1409844837, "incomeTaxExpense": 70400000, "netIncome": 245800000, "netIncomeRatio": 0.1095951489, "eps": 5.08, "epsdiluted": 5.05, "weightedAverageShsOut": 48200000, "weightedAverageShsOutDil": 48500000, "link": "https://www.sec.gov/Archives/edgar/data/1739445/000173944523000018/0001739445-23-000018-index.htm", "finalLink": "https://www.sec.gov/Archives/edgar/data/1739445/000173944523000018/aca-20221231.htm", "calculatedOtherExpenses": 1800000, "calculatedOperatingExpenses": 264600000, "calculatedNetInterest": -29900000, "calculatedOtherIncome": 187900000, "calculatedIncomeNonControlling": 0, "calculatedEbitda": 312300000}, {"date": "2021-12-31", "symbol": "ACA", "reportedCurrency": "USD", "cik": "0001739445", "fillingDate": "2022-02-24", "acceptedDate": "2022-02-24 10:05:08", "calendarYear": "2021", "period": "FY", "revenue": 2036400000, "costOfRevenue": 1670200000, "grossProfit": 366200000, "grossProfitRatio": 0.1798271459, "researchAndDevelopmentExpenses": 0, "generalAndAdministrativeExpenses": 0, "sellingAndMarketingExpenses": 0, "sellingGeneralAndAdministrativeExpenses": 256000000, "otherExpenses": -300000, "operatingExpenses": 256000000, "costAndExpenses": 1926200000, "interestIncome": 23400000, "interestExpense": 23400000, "depreciationAndAmortization": 146900000, "ebitda": 254200000, "ebitdaratio": 0.1248281281, "operatingIncome": 107300000, "operatingIncomeRatio": 0.0526910234, "totalOtherIncomeExpensesNet": -23700000, "incomeBeforeTax": 83600000, "incomeBeforeTaxRatio": 0.0410528383, "incomeTaxExpense": 14000000, "netIncome": 69600000, "netIncomeRatio": 0.0341779611, "eps": 1.44, "epsdiluted": 1.42, "weightedAverageShsOut": 48100000, "weightedAverageShsOutDil": 48600000, "link": "https://www.sec.gov/Archives/edgar/data/1739445/000173944522000012/0001739445-22-000012-index.htm", "finalLink": "https://www.sec.gov/Archives/edgar/data/1739445/000173944522000012/aca-20211231.htm", "calculatedOtherExpenses": 2900000, "calculatedOperatingExpenses": 258900000, "calculatedNetInterest": 0, "calculatedOtherIncome": -23700000, "calculatedIncomeNonControlling": 0, "calculatedEbitda": 254200000}, {"date": "2020-12-31", "symbol": "ACA", "reportedCurrency": "USD", "cik": "0001739445", "fillingDate": "2021-02-25", "acceptedDate": "2021-02-25 10:15:27", "calendarYear": "2020", "period": "FY", "revenue": 1935600000, "costOfRevenue": 1553600000, "grossProfit": 382000000, "grossProfitRatio": 0.1973548254, "researchAndDevelopmentExpenses": 0, "generalAndAdministrativeExpenses": 0, "sellingAndMarketingExpenses": 0, "sellingGeneralAndAdministrativeExpenses": 223100000, "otherExpenses": -3000000, "operatingExpenses": 223100000, "costAndExpenses": 1776700000, "interestIncome": 400000, "interestExpense": 10600000, "depreciationAndAmortization": 118600000, "ebitda": 270400000, "ebitdaratio": 0.1396982848, "operatingIncome": 151800000, "operatingIncomeRatio": 0.0784252945, "totalOtherIncomeExpensesNet": -13600000, "incomeBeforeTax": 138200000, "incomeBeforeTaxRatio": 0.0713990494, "incomeTaxExpense": 31600000, "netIncome": 106600000, "netIncomeRatio": 0.0550733623, "eps": 2.2, "epsdiluted": 2.18, "weightedAverageShsOut": 48000000, "weightedAverageShsOutDil": 48500000, "link": "https://www.sec.gov/Archives/edgar/data/1739445/000173944521000017/0001739445-21-000017-index.htm", "finalLink": "https://www.sec.gov/Archives/edgar/data/1739445/000173944521000017/aca-20201231.htm", "calculatedOtherExpenses": 7100000, "calculatedOperatingExpenses": 230200000, "calculatedNetInterest": -10200000, "calculatedOtherIncome": -3400000, "calculatedIncomeNonControlling": 0, "calculatedEbitda": 270400000}, {"date": "2019-12-31", "symbol": "ACA", "reportedCurrency": "USD", "cik": "0001739445", "fillingDate": "2020-02-27", "acceptedDate": "2020-02-27 10:32:37", "calendarYear": "2019", "period": "FY", "revenue": 1736900000, "costOfRevenue": 1404500000, "grossProfit": 332400000, "grossProfitRatio": 0.191375439, "researchAndDevelopmentExpenses": 0, "generalAndAdministrativeExpenses": 0, "sellingAndMarketingExpenses": 0, "sellingGeneralAndAdministrativeExpenses": 179500000, "otherExpenses": 700000, "operatingExpenses": 179500000, "costAndExpenses": 1584000000, "interestIncome": 1400000, "interestExpense": 6800000, "depreciationAndAmortization": 86500000, "ebitda": 239400000, "ebitdaratio": 0.1378317692, "operatingIncome": 152900000, "operatingIncomeRatio": 0.088030399, "totalOtherIncomeExpensesNet": -6100000, "incomeBeforeTax": 146800000, "incomeBeforeTaxRatio": 0.0845183948, "incomeTaxExpense": 33500000, "netIncome": 113300000, "netIncomeRatio": 0.065231159, "eps": 2.37, "epsdiluted": 2.34, "weightedAverageShsOut": 47900000, "weightedAverageShsOutDil": 48400000, "link": "https://www.sec.gov/Archives/edgar/data/1739445/000173944520000026/0001739445-20-000026-index.htm", "finalLink": "https://www.sec.gov/Archives/edgar/data/1739445/000173944520000026/aca1231201910k.htm", "calculatedOtherExpenses": 0, "calculatedOperatingExpenses": 179500000, "calculatedNetInterest": -5400000, "calculatedOtherIncome": -700000, "calculatedIncomeNonControlling": 0, "calculatedEbitda": 239400000}, {"date": "2018-12-31", "symbol": "ACA", "reportedCurrency": "USD", "cik": "0001739445", "fillingDate": "2019-02-28", "acceptedDate": "2019-02-28 11:55:29", "calendarYear": "2018", "period": "FY", "revenue": 1460400000, "costOfRevenue": 1188400000, "grossProfit": 272000000, "grossProfitRatio": 0.1862503424, "researchAndDevelopmentExpenses": 0, "generalAndAdministrativeExpenses": 153900000, "sellingAndMarketingExpenses": 0, "sellingGeneralAndAdministrativeExpenses": 153900000, "otherExpenses": 1000000, "operatingExpenses": 153900000, "costAndExpenses": 1342300000, "interestIncome": 400000, "interestExpense": 900000, "depreciationAndAmortization": 67600000, "ebitda": 186700000, "ebitdaratio": 0.1278416872, "operatingIncome": 94900000, "operatingIncomeRatio": 0.0649821967, "totalOtherIncomeExpensesNet": -22200000, "incomeBeforeTax": 95000000, "incomeBeforeTaxRatio": 0.065050671, "incomeTaxExpense": 19300000, "netIncome": 75700000, "netIncomeRatio": 0.0518351137, "eps": 1.55, "epsdiluted": 1.55, "weightedAverageShsOut": 48800000, "weightedAverageShsOutDil": 48900000, "link": "https://www.sec.gov/Archives/edgar/data/1739445/000173944519000020/0001739445-19-000020-index.htm", "finalLink": "https://www.sec.gov/Archives/edgar/data/1739445/000173944519000020/aca1231201810k-q4.htm", "calculatedOtherExpenses": 23200000, "calculatedOperatingExpenses": 177100000, "calculatedNetInterest": -500000, "calculatedOtherIncome": 600000, "calculatedIncomeNonControlling": 0, "calculatedEbitda": 162500000}, {"date": "2017-12-31", "symbol": "ACA", "reportedCurrency": "USD", "cik": "0001739445", "fillingDate": "2017-12-31", "acceptedDate": "2017-12-30 19:00:00", "calendarYear": "2017", "period": "FY", "revenue": 1462400000, "costOfRevenue": 1167700000, "grossProfit": 294700000, "grossProfitRatio": 0.2015180525, "researchAndDevelopmentExpenses": 0, "generalAndAdministrativeExpenses": 163000000, "sellingAndMarketingExpenses": 0, "sellingGeneralAndAdministrativeExpenses": 163000000, "otherExpenses": 500000, "operatingExpenses": 163000000, "costAndExpenses": 1330700000, "interestIncome": 100000, "interestExpense": 0, "depreciationAndAmortization": 65700000, "ebitda": 198000000, "ebitdaratio": 0.1353938731, "operatingIncome": 131700000, "operatingIncomeRatio": 0.0900574398, "totalOtherIncomeExpensesNet": -1700000, "incomeBeforeTax": 130100000, "incomeBeforeTaxRatio": 0.0889633479, "incomeTaxExpense": 40400000, "netIncome": 89700000, "netIncomeRatio": 0.0613375274, "eps": 1.84, "epsdiluted": 1.84, "weightedAverageShsOut": 48765628, "weightedAverageShsOutDil": 48800000, "link": "", "finalLink": "", "calculatedOtherExpenses": 0, "calculatedOperatingExpenses": 163000000, "calculatedNetInterest": 100000, "calculatedOtherIncome": -1700000, "calculatedIncomeNonControlling": 0, "calculatedEbitda": 197400000}, {"date": "2016-12-31", "symbol": "ACA", "reportedCurrency": "USD", "cik": "0001739445", "fillingDate": "2016-12-31", "acceptedDate": "2016-12-30 19:00:00", "calendarYear": "2016", "period": "FY", "revenue": 1704000000, "costOfRevenue": 1355900000, "grossProfit": 348100000, "grossProfitRatio": 0.2042840376, "researchAndDevelopmentExpenses": 0, "generalAndAdministrativeExpenses": 147300000, "sellingAndMarketingExpenses": 0, "sellingGeneralAndAdministrativeExpenses": 147300000, "otherExpenses": 1100000, "operatingExpenses": 147300000, "costAndExpenses": 1503200000, "interestIncome": 100000, "interestExpense": 0, "depreciationAndAmortization": 65600000, "ebitda": 267600000, "ebitdaratio": 0.1570422535, "operatingIncome": 200800000, "operatingIncomeRatio": 0.1178403756, "totalOtherIncomeExpensesNet": -3700000, "incomeBeforeTax": 197200000, "incomeBeforeTaxRatio": 0.1157276995, "incomeTaxExpense": 74200000, "netIncome": 123000000, "netIncomeRatio": 0.0721830986, "eps": 2.52, "epsdiluted": 2.52, "weightedAverageShsOut": 48765628, "weightedAverageShsOutDil": 48800000, "link": "", "finalLink": "", "calculatedOtherExpenses": 0, "calculatedOperatingExpenses": 147300000, "calculatedNetInterest": 100000, "calculatedOtherIncome": -3700000, "calculatedIncomeNonControlling": 0, "calculatedEbitda": 266400000}, {"date": "2015-12-31", "symbol": "ACA", "reportedCurrency": "USD", "cik": "0001739445", "fillingDate": "2015-12-31", "acceptedDate": "2015-12-30 19:00:00", "calendarYear": "2015", "period": "FY", "revenue": 2140400000, "costOfRevenue": 1659700000, "grossProfit": 480700000, "grossProfitRatio": 0.2245841899, "researchAndDevelopmentExpenses": 0, "generalAndAdministrativeExpenses": 173400000, "sellingAndMarketingExpenses": 0, "sellingGeneralAndAdministrativeExpenses": 173400000, "otherExpenses": -1000000, "operatingExpenses": 173400000, "costAndExpenses": 1833100000, "interestIncome": 500000, "interestExpense": 400000, "depreciationAndAmortization": 67800000, "ebitda": 374600000, "ebitdaratio": 0.1750140161, "operatingIncome": 217800000, "operatingIncomeRatio": 0.101756681, "totalOtherIncomeExpensesNet": -88200000, "incomeBeforeTax": 219200000, "incomeBeforeTaxRatio": 0.1024107643, "incomeTaxExpense": 84200000, "netIncome": 135000000, "netIncomeRatio": 0.0630723229, "eps": 2.77, "epsdiluted": 2.77, "weightedAverageShsOut": 48800000, "weightedAverageShsOutDil": 48800000, "link": "", "finalLink": "", "calculatedOtherExpenses": 89500000, "calculatedOperatingExpenses": 262900000, "calculatedNetInterest": 100000, "calculatedOtherIncome": 1300000, "calculatedIncomeNonControlling": 0, "calculatedEbitda": 285600000}]}