{"originalCurrency": "USD", "convertedCurrency": "USD", "report": [{"date": "2023-12-31", "symbol": "ACAD", "reportedCurrency": "USD", "cik": "0001070494", "fillingDate": "2023-12-31", "acceptedDate": "2023-12-30 19:00:00", "calendarYear": "2023", "period": "FY", "revenue": 726437000, "costOfRevenue": 45731000, "grossProfit": 680706000, "grossProfitRatio": 0.9370475347, "researchAndDevelopmentExpenses": 351619000, "generalAndAdministrativeExpenses": 393066000, "sellingAndMarketingExpenses": 9400000, "sellingGeneralAndAdministrativeExpenses": 402466000, "otherExpenses": 5109000, "operatingExpenses": 754085000, "costAndExpenses": 799816000, "interestIncome": 17234000, "interestExpense": 0, "depreciationAndAmortization": 5552000, "ebitda": -67827000, "ebitdaratio": -0.0933694181, "operatingIncome": -73379000, "operatingIncomeRatio": -0.1010122006, "totalOtherIncomeExpensesNet": 22343000, "incomeBeforeTax": -51036000, "incomeBeforeTaxRatio": -0.070255232, "incomeTaxExpense": 10250000, "netIncome": -61286000, "netIncomeRatio": -0.0843651962, "eps": -0.37, "epsdiluted": -0.37, "weightedAverageShsOut": 163819000, "weightedAverageShsOutDil": 163819000, "link": null, "finalLink": null, "calculatedOtherExpenses": 0, "calculatedOperatingExpenses": 754085000, "calculatedNetInterest": 17234000, "calculatedOtherIncome": 5109000, "calculatedIncomeNonControlling": 0, "calculatedEbitda": -67827000}, {"date": "2022-12-31", "symbol": "ACAD", "reportedCurrency": "USD", "cik": "0001070494", "fillingDate": "2023-02-28", "acceptedDate": "2023-02-27 18:38:37", "calendarYear": "2022", "period": "FY", "revenue": 517235000, "costOfRevenue": 10166000, "grossProfit": 507069000, "grossProfitRatio": 0.9803454909, "researchAndDevelopmentExpenses": 361575000, "generalAndAdministrativeExpenses": 363590000, "sellingAndMarketingExpenses": 5500000, "sellingGeneralAndAdministrativeExpenses": 369090000, "otherExpenses": 3542000, "operatingExpenses": 730665000, "costAndExpenses": 740831000, "interestIncome": 6610000, "interestExpense": 6610000, "depreciationAndAmortization": 2026000, "ebitda": -223596000, "ebitdaratio": -0.4322909316, "operatingIncome": -223596000, "operatingIncomeRatio": -0.4322909316, "totalOtherIncomeExpensesNet": 10152000, "incomeBeforeTax": -213444000, "incomeBeforeTaxRatio": -0.4126634895, "incomeTaxExpense": 2531000, "netIncome": -215975000, "netIncomeRatio": -0.4175568165, "eps": -1.34, "epsdiluted": -1.34, "weightedAverageShsOut": 161683000, "weightedAverageShsOutDil": 161683000, "link": "https://www.sec.gov/Archives/edgar/data/1070494/000095017023004757/0000950170-23-004757-index.htm", "finalLink": "https://www.sec.gov/Archives/edgar/data/1070494/000095017023004757/acad-20221231.htm", "calculatedOtherExpenses": 0, "calculatedOperatingExpenses": 730665000, "calculatedNetInterest": 0, "calculatedOtherIncome": 10152000, "calculatedIncomeNonControlling": 0, "calculatedEbitda": -221570000}, {"date": "2021-12-31", "symbol": "ACAD", "reportedCurrency": "USD", "cik": "0001070494", "fillingDate": "2022-03-01", "acceptedDate": "2022-03-01 06:03:15", "calendarYear": "2021", "period": "FY", "revenue": 484145000, "costOfRevenue": 19141000, "grossProfit": 465004000, "grossProfitRatio": 0.9604643237, "researchAndDevelopmentExpenses": 239415000, "generalAndAdministrativeExpenses": 396028000, "sellingAndMarketingExpenses": 41800000, "sellingGeneralAndAdministrativeExpenses": 396028000, "otherExpenses": 2329000, "operatingExpenses": 635443000, "costAndExpenses": 654584000, "interestIncome": 591000, "interestExpense": 0, "depreciationAndAmortization": 3344000, "ebitda": -170439000, "ebitdaratio": -0.3520412273, "operatingIncome": -170439000, "operatingIncomeRatio": -0.3520412273, "totalOtherIncomeExpensesNet": 2920000, "incomeBeforeTax": -167519000, "incomeBeforeTaxRatio": -0.3460099764, "incomeTaxExpense": 351000, "netIncome": -167870000, "netIncomeRatio": -0.3467349658, "eps": -1.05, "epsdiluted": -1.05, "weightedAverageShsOut": 160493000, "weightedAverageShsOutDil": 160493000, "link": "https://www.sec.gov/Archives/edgar/data/1070494/000095017022002392/0000950170-22-002392-index.htm", "finalLink": "https://www.sec.gov/Archives/edgar/data/1070494/000095017022002392/acad-20211231.htm", "calculatedOtherExpenses": 0, "calculatedOperatingExpenses": 635443000, "calculatedNetInterest": 591000, "calculatedOtherIncome": 2329000, "calculatedIncomeNonControlling": 0, "calculatedEbitda": -167095000}, {"date": "2020-12-31", "symbol": "ACAD", "reportedCurrency": "USD", "cik": "0001070494", "fillingDate": "2021-02-25", "acceptedDate": "2021-02-24 21:54:55", "calendarYear": "2020", "period": "FY", "revenue": 441755000, "costOfRevenue": 20550000, "grossProfit": 421205000, "grossProfitRatio": 0.9534810019, "researchAndDevelopmentExpenses": 319130000, "generalAndAdministrativeExpenses": 388661000, "sellingAndMarketingExpenses": 51100000, "sellingGeneralAndAdministrativeExpenses": 388661000, "otherExpenses": -997000, "operatingExpenses": 707791000, "costAndExpenses": 728341000, "interestIncome": 6610000, "interestExpense": 0, "depreciationAndAmortization": 2932000, "ebitda": -286586000, "ebitdaratio": -0.6487442134, "operatingIncome": -286586000, "operatingIncomeRatio": -0.6487442134, "totalOtherIncomeExpensesNet": 5613000, "incomeBeforeTax": -280973000, "incomeBeforeTaxRatio": -0.6360380754, "incomeTaxExpense": 611000, "netIncome": -281584000, "netIncomeRatio": -0.637421195, "eps": -1.79, "epsdiluted": -1.79, "weightedAverageShsOut": 157331000, "weightedAverageShsOutDil": 157331000, "link": "https://www.sec.gov/Archives/edgar/data/1070494/000156459021008372/0001564590-21-008372-index.htm", "finalLink": "https://www.sec.gov/Archives/edgar/data/1070494/000156459021008372/acad-10k_20201231.htm", "calculatedOtherExpenses": 0, "calculatedOperatingExpenses": 707791000, "calculatedNetInterest": 6610000, "calculatedOtherIncome": -997000, "calculatedIncomeNonControlling": 0, "calculatedEbitda": -283654000}, {"date": "2019-12-31", "symbol": "ACAD", "reportedCurrency": "USD", "cik": "0001070494", "fillingDate": "2020-02-27", "acceptedDate": "2020-02-26 18:31:09", "calendarYear": "2019", "period": "FY", "revenue": 339076000, "costOfRevenue": 19598000, "grossProfit": 319478000, "grossProfitRatio": 0.9422017483, "researchAndDevelopmentExpenses": 240385000, "generalAndAdministrativeExpenses": 325638000, "sellingAndMarketingExpenses": 38300000, "sellingGeneralAndAdministrativeExpenses": 325638000, "otherExpenses": 997000, "operatingExpenses": 566023000, "costAndExpenses": 585621000, "interestIncome": 11165000, "interestExpense": 0, "depreciationAndAmortization": 2766000, "ebitda": -246545000, "ebitdaratio": -0.7271083769, "operatingIncome": -246545000, "operatingIncomeRatio": -0.7271083769, "totalOtherIncomeExpensesNet": 12162000, "incomeBeforeTax": -234383000, "incomeBeforeTaxRatio": -0.6912403119, "incomeTaxExpense": 876000, "netIncome": -235259000, "netIncomeRatio": -0.6938238035, "eps": -1.6, "epsdiluted": -1.6, "weightedAverageShsOut": 147199000, "weightedAverageShsOutDil": 147199000, "link": "https://www.sec.gov/Archives/edgar/data/1070494/000156459020006889/0001564590-20-006889-index.htm", "finalLink": "https://www.sec.gov/Archives/edgar/data/1070494/000156459020006889/acad-10k_20191231.htm", "calculatedOtherExpenses": 0, "calculatedOperatingExpenses": 566023000, "calculatedNetInterest": 11165000, "calculatedOtherIncome": 997000, "calculatedIncomeNonControlling": 0, "calculatedEbitda": -243779000}, {"date": "2018-12-31", "symbol": "ACAD", "reportedCurrency": "USD", "cik": "0001070494", "fillingDate": "2019-02-27", "acceptedDate": "2019-02-26 19:48:14", "calendarYear": "2018", "period": "FY", "revenue": 223807000, "costOfRevenue": 18330000, "grossProfit": 205477000, "grossProfitRatio": 0.9180990764, "researchAndDevelopmentExpenses": 187163000, "generalAndAdministrativeExpenses": 265758000, "sellingAndMarketingExpenses": 0, "sellingGeneralAndAdministrativeExpenses": 265758000, "otherExpenses": -1840000, "operatingExpenses": 452921000, "costAndExpenses": 471251000, "interestIncome": 5348000, "interestExpense": 0, "depreciationAndAmortization": 3005000, "ebitda": -247444000, "ebitdaratio": -1.1056133186, "operatingIncome": -247444000, "operatingIncomeRatio": -1.1056133186, "totalOtherIncomeExpensesNet": -1840000, "incomeBeforeTax": -243936000, "incomeBeforeTaxRatio": -1.0899390993, "incomeTaxExpense": 1256000, "netIncome": -245192000, "netIncomeRatio": -1.0955510775, "eps": -1.94, "epsdiluted": -1.94, "weightedAverageShsOut": 126583000, "weightedAverageShsOutDil": 126583000, "link": "https://www.sec.gov/Archives/edgar/data/1070494/000156459019004596/0001564590-19-004596-index.htm", "finalLink": "https://www.sec.gov/Archives/edgar/data/1070494/000156459019004596/acad-10k_20181231.htm", "calculatedOtherExpenses": 0, "calculatedOperatingExpenses": 452921000, "calculatedNetInterest": 5348000, "calculatedOtherIncome": -1840000, "calculatedIncomeNonControlling": 0, "calculatedEbitda": -244439000}, {"date": "2017-12-31", "symbol": "ACAD", "reportedCurrency": "USD", "cik": "0001070494", "fillingDate": "2018-02-27", "acceptedDate": "2018-02-27 16:38:37", "calendarYear": "2017", "period": "FY", "revenue": 124901000, "costOfRevenue": 13060000, "grossProfit": 111841000, "grossProfitRatio": 0.8954371863, "researchAndDevelopmentExpenses": 149189000, "generalAndAdministrativeExpenses": 255062000, "sellingAndMarketingExpenses": 0, "sellingGeneralAndAdministrativeExpenses": 255062000, "otherExpenses": 3983000, "operatingExpenses": 404251000, "costAndExpenses": 417311000, "interestIncome": 4126000, "interestExpense": 0, "depreciationAndAmortization": 2713000, "ebitda": -292410000, "ebitdaratio": -2.3411341783, "operatingIncome": -292410000, "operatingIncomeRatio": -2.3411341783, "totalOtherIncomeExpensesNet": 4126000, "incomeBeforeTax": -288284000, "incomeBeforeTaxRatio": -2.3081000152, "incomeTaxExpense": 1119000, "netIncome": -289403000, "netIncomeRatio": -2.3170591108, "eps": -2.36, "epsdiluted": -2.36, "weightedAverageShsOut": 122600000, "weightedAverageShsOutDil": 122600000, "link": "https://www.sec.gov/Archives/edgar/data/1070494/000156459018003526/0001564590-18-003526-index.htm", "finalLink": "https://www.sec.gov/Archives/edgar/data/1070494/000156459018003526/acad-10k_20171231.htm", "calculatedOtherExpenses": 0, "calculatedOperatingExpenses": 404251000, "calculatedNetInterest": 4126000, "calculatedOtherIncome": 0, "calculatedIncomeNonControlling": 0, "calculatedEbitda": -289697000}, {"date": "2016-12-31", "symbol": "ACAD", "reportedCurrency": "USD", "cik": "0001070494", "fillingDate": "2017-02-28", "acceptedDate": "2017-02-28 16:23:55", "calendarYear": "2016", "period": "FY", "revenue": 17331000, "costOfRevenue": 4406000, "grossProfit": 12925000, "grossProfitRatio": 0.7457734695, "researchAndDevelopmentExpenses": 99284000, "generalAndAdministrativeExpenses": 186456000, "sellingAndMarketingExpenses": 0, "sellingGeneralAndAdministrativeExpenses": 186456000, "otherExpenses": 1331000, "operatingExpenses": 285740000, "costAndExpenses": 290146000, "interestIncome": 2763000, "interestExpense": 0, "depreciationAndAmortization": 1828000, "ebitda": -272815000, "ebitdaratio": -15.7414459639, "operatingIncome": -272815000, "operatingIncomeRatio": -15.7414459639, "totalOtherIncomeExpensesNet": 2763000, "incomeBeforeTax": -270052000, "incomeBeforeTaxRatio": -15.5820206566, "incomeTaxExpense": 1341000, "netIncome": -271393000, "netIncomeRatio": -15.6593964572, "eps": -2.34, "epsdiluted": -2.34, "weightedAverageShsOut": 115858000, "weightedAverageShsOutDil": 115858000, "link": "https://www.sec.gov/Archives/edgar/data/1070494/000156459017002866/0001564590-17-002866-index.htm", "finalLink": "https://www.sec.gov/Archives/edgar/data/1070494/000156459017002866/acad-10k_20161231.htm", "calculatedOtherExpenses": 0, "calculatedOperatingExpenses": 285740000, "calculatedNetInterest": 2763000, "calculatedOtherIncome": 0, "calculatedIncomeNonControlling": 0, "calculatedEbitda": -270987000}, {"date": "2015-12-31", "symbol": "ACAD", "reportedCurrency": "USD", "cik": "0001070494", "fillingDate": "2016-02-29", "acceptedDate": "2016-02-29 07:09:05", "calendarYear": "2015", "period": "FY", "revenue": 61000, "costOfRevenue": 0, "grossProfit": 61000, "grossProfitRatio": 1, "researchAndDevelopmentExpenses": 73869000, "generalAndAdministrativeExpenses": 90804000, "sellingAndMarketingExpenses": 0, "sellingGeneralAndAdministrativeExpenses": 90804000, "otherExpenses": 2500000, "operatingExpenses": 164673000, "costAndExpenses": 164673000, "interestIncome": 499000, "interestExpense": 0, "depreciationAndAmortization": 647000, "ebitda": -164612000, "ebitdaratio": -2698.5573770492, "operatingIncome": -164612000, "operatingIncomeRatio": -2698.5573770492, "totalOtherIncomeExpensesNet": 499000, "incomeBeforeTax": -164113000, "incomeBeforeTaxRatio": -2690.3770491803, "incomeTaxExpense": 330000, "netIncome": -164443000, "netIncomeRatio": -2695.7868852459, "eps": -1.63, "epsdiluted": -1.63, "weightedAverageShsOut": 100630000, "weightedAverageShsOutDil": 100630000, "link": "https://www.sec.gov/Archives/edgar/data/1070494/000119312516483533/0001193125-16-483533-index.htm", "finalLink": "https://www.sec.gov/Archives/edgar/data/1070494/000119312516483533/d127067d10k.htm", "calculatedOtherExpenses": 0, "calculatedOperatingExpenses": 164673000, "calculatedNetInterest": 499000, "calculatedOtherIncome": 0, "calculatedIncomeNonControlling": 0, "calculatedEbitda": -163965000}, {"date": "2014-12-31", "symbol": "ACAD", "reportedCurrency": "USD", "cik": "0001070494", "fillingDate": "2015-02-26", "acceptedDate": "2015-02-26 17:23:32", "calendarYear": "2014", "period": "FY", "revenue": 120000, "costOfRevenue": 0, "grossProfit": 120000, "grossProfitRatio": 1, "researchAndDevelopmentExpenses": 60602000, "generalAndAdministrativeExpenses": 32748000, "sellingAndMarketingExpenses": 0, "sellingGeneralAndAdministrativeExpenses": 32748000, "otherExpenses": 0, "operatingExpenses": 93350000, "costAndExpenses": 93350000, "interestIncome": 755000, "interestExpense": 0, "depreciationAndAmortization": 206000, "ebitda": -93230000, "ebitdaratio": -776.9166666667, "operatingIncome": -93230000, "operatingIncomeRatio": -776.9166666667, "totalOtherIncomeExpensesNet": 755000, "incomeBeforeTax": -92475000, "incomeBeforeTaxRatio": -770.625, "incomeTaxExpense": -206000, "netIncome": -92475000, "netIncomeRatio": -770.625, "eps": -0.95, "epsdiluted": -0.95, "weightedAverageShsOut": 97248000, "weightedAverageShsOutDil": 97248000, "link": "https://www.sec.gov/Archives/edgar/data/1070494/000119312515066078/0001193125-15-066078-index.htm", "finalLink": "https://www.sec.gov/Archives/edgar/data/1070494/000119312515066078/d838665d10k.htm", "calculatedOtherExpenses": 0, "calculatedOperatingExpenses": 93350000, "calculatedNetInterest": 755000, "calculatedOtherIncome": 0, "calculatedIncomeNonControlling": 206000, "calculatedEbitda": -93024000}, {"date": "2013-12-31", "symbol": "ACAD", "reportedCurrency": "USD", "cik": "0001070494", "fillingDate": "2014-02-27", "acceptedDate": "2014-02-27 16:17:32", "calendarYear": "2013", "period": "FY", "revenue": 1145000, "costOfRevenue": 0, "grossProfit": 1145000, "grossProfitRatio": 1, "researchAndDevelopmentExpenses": 26722000, "generalAndAdministrativeExpenses": 12720000, "sellingAndMarketingExpenses": 0, "sellingGeneralAndAdministrativeExpenses": 12720000, "otherExpenses": 0, "operatingExpenses": 39442000, "costAndExpenses": 39442000, "interestIncome": 349000, "interestExpense": 0, "depreciationAndAmortization": 79000, "ebitda": -38218000, "ebitdaratio": -33.3781659389, "operatingIncome": -38297000, "operatingIncomeRatio": -33.4471615721, "totalOtherIncomeExpensesNet": 349000, "incomeBeforeTax": -37948000, "incomeBeforeTaxRatio": -33.1423580786, "incomeTaxExpense": 0, "netIncome": -37948000, "netIncomeRatio": -33.1423580786, "eps": -0.44, "epsdiluted": -0.44, "weightedAverageShsOut": 85715000, "weightedAverageShsOutDil": 85715000, "link": "https://www.sec.gov/Archives/edgar/data/1070494/000119312514073040/0001193125-14-073040-index.htm", "finalLink": "https://www.sec.gov/Archives/edgar/data/1070494/000119312514073040/d652667d10k.htm", "calculatedOtherExpenses": 0, "calculatedOperatingExpenses": 39442000, "calculatedNetInterest": 349000, "calculatedOtherIncome": 0, "calculatedIncomeNonControlling": 0, "calculatedEbitda": -38218000}, {"date": "2012-12-31", "symbol": "ACAD", "reportedCurrency": "USD", "cik": "0001070494", "fillingDate": "2013-03-12", "acceptedDate": "2013-03-12 16:02:56", "calendarYear": "2012", "period": "FY", "revenue": 4907000, "costOfRevenue": 0, "grossProfit": 4907000, "grossProfitRatio": 1, "researchAndDevelopmentExpenses": 18794000, "generalAndAdministrativeExpenses": 6999000, "sellingAndMarketingExpenses": 0, "sellingGeneralAndAdministrativeExpenses": 6999000, "otherExpenses": 0, "operatingExpenses": 25793000, "costAndExpenses": 25793000, "interestIncome": 37000, "interestExpense": 0, "depreciationAndAmortization": 109000, "ebitda": -20886000, "ebitdaratio": -4.2563684532, "operatingIncome": -20886000, "operatingIncomeRatio": -4.2563684532, "totalOtherIncomeExpensesNet": 37000, "incomeBeforeTax": -20849000, "incomeBeforeTaxRatio": -4.2488282046, "incomeTaxExpense": -109000, "netIncome": -20849000, "netIncomeRatio": -4.2488282046, "eps": -0.38, "epsdiluted": -0.38, "weightedAverageShsOut": 54865789, "weightedAverageShsOutDil": 55116000, "link": "https://www.sec.gov/Archives/edgar/data/1070494/000119312513103111/0001193125-13-103111-index.htm", "finalLink": "https://www.sec.gov/Archives/edgar/data/1070494/000119312513103111/d454578d10k.htm", "calculatedOtherExpenses": 0, "calculatedOperatingExpenses": 25793000, "calculatedNetInterest": 37000, "calculatedOtherIncome": 0, "calculatedIncomeNonControlling": 109000, "calculatedEbitda": -20777000}, {"date": "2011-12-31", "symbol": "ACAD", "reportedCurrency": "USD", "cik": "0001070494", "fillingDate": "2012-03-06", "acceptedDate": "2012-03-06 16:01:07", "calendarYear": "2011", "period": "FY", "revenue": 2067000, "costOfRevenue": 0, "grossProfit": 2067000, "grossProfitRatio": 1, "researchAndDevelopmentExpenses": 17309000, "generalAndAdministrativeExpenses": 7610000, "sellingAndMarketingExpenses": 0, "sellingGeneralAndAdministrativeExpenses": 7610000, "otherExpenses": 0, "operatingExpenses": 24919000, "costAndExpenses": 24919000, "interestIncome": 0, "interestExpense": 0, "depreciationAndAmortization": 285000, "ebitda": -22567000, "ebitdaratio": -10.9177552008, "operatingIncome": -22852000, "operatingIncomeRatio": -11.0556361877, "totalOtherIncomeExpensesNet": 87000, "incomeBeforeTax": -22765000, "incomeBeforeTaxRatio": -11.0135462022, "incomeTaxExpense": 0, "netIncome": -22765000, "netIncomeRatio": -11.0135462022, "eps": -0.44, "epsdiluted": -0.44, "weightedAverageShsOut": 52183000, "weightedAverageShsOutDil": 52183000, "link": "https://www.sec.gov/Archives/edgar/data/1070494/000119312512098990/0001193125-12-098990-index.htm", "finalLink": "https://www.sec.gov/Archives/edgar/data/1070494/000119312512098990/d268616d10k.htm", "calculatedOtherExpenses": 0, "calculatedOperatingExpenses": 24919000, "calculatedNetInterest": 0, "calculatedOtherIncome": 87000, "calculatedIncomeNonControlling": 0, "calculatedEbitda": -22567000}, {"date": "2010-12-31", "symbol": "ACAD", "reportedCurrency": "USD", "cik": "0001070494", "fillingDate": "2011-03-10", "acceptedDate": "2011-03-10 16:01:22", "calendarYear": "2010", "period": "FY", "revenue": 42135000, "costOfRevenue": 0, "grossProfit": 42135000, "grossProfitRatio": 1, "researchAndDevelopmentExpenses": 20579000, "generalAndAdministrativeExpenses": 6462000, "sellingAndMarketingExpenses": 0, "sellingGeneralAndAdministrativeExpenses": 6462000, "otherExpenses": 0, "operatingExpenses": 27041000, "costAndExpenses": 27041000, "interestIncome": 82000, "interestExpense": -37000, "depreciationAndAmortization": 607000, "ebitda": 15701000, "ebitdaratio": 0.3726355761, "operatingIncome": 15094000, "operatingIncomeRatio": 0.3582295004, "totalOtherIncomeExpensesNet": 45000, "incomeBeforeTax": 15139000, "incomeBeforeTaxRatio": 0.3592974961, "incomeTaxExpense": 0, "netIncome": 15139000, "netIncomeRatio": 0.3592974961, "eps": 0.39, "epsdiluted": 0.39, "weightedAverageShsOut": 38593000, "weightedAverageShsOutDil": 38720000, "link": "https://www.sec.gov/Archives/edgar/data/1070494/000119312511062277/0001193125-11-062277-index.htm", "finalLink": "https://www.sec.gov/Archives/edgar/data/1070494/000119312511062277/d10k.htm", "calculatedOtherExpenses": 0, "calculatedOperatingExpenses": 27041000, "calculatedNetInterest": 119000, "calculatedOtherIncome": -74000, "calculatedIncomeNonControlling": 0, "calculatedEbitda": 15701000}, {"date": "2009-12-31", "symbol": "ACAD", "reportedCurrency": "USD", "cik": "0001070494", "fillingDate": "2010-03-09", "acceptedDate": "2010-03-09 16:10:47", "calendarYear": "2009", "period": "FY", "revenue": 6399000, "costOfRevenue": 0, "grossProfit": 6399000, "grossProfitRatio": 1, "researchAndDevelopmentExpenses": 41585000, "generalAndAdministrativeExpenses": 10282000, "sellingAndMarketingExpenses": 0, "sellingGeneralAndAdministrativeExpenses": 10282000, "otherExpenses": 0, "operatingExpenses": 51867000, "costAndExpenses": 51867000, "interestIncome": 409000, "interestExpense": 86000, "depreciationAndAmortization": 1111000, "ebitda": -44357000, "ebitdaratio": -6.9318643538, "operatingIncome": -45468000, "operatingIncomeRatio": -7.1054852321, "totalOtherIncomeExpensesNet": 323000, "incomeBeforeTax": -45145000, "incomeBeforeTaxRatio": -7.0550085951, "incomeTaxExpense": 0, "netIncome": -45145000, "netIncomeRatio": -7.0550085951, "eps": -1.2, "epsdiluted": -1.2, "weightedAverageShsOut": 37476000, "weightedAverageShsOutDil": 37476000, "link": "https://www.sec.gov/Archives/edgar/data/1070494/000119312510051371/0001193125-10-051371-index.htm", "finalLink": "https://www.sec.gov/Archives/edgar/data/1070494/000119312510051371/d10k.htm", "calculatedOtherExpenses": 0, "calculatedOperatingExpenses": 51867000, "calculatedNetInterest": 323000, "calculatedOtherIncome": 0, "calculatedIncomeNonControlling": 0, "calculatedEbitda": -44357000}, {"date": "2008-12-31", "symbol": "ACAD", "reportedCurrency": "USD", "cik": "0001070494", "fillingDate": "2009-03-10", "acceptedDate": "2009-03-10 12:57:17", "calendarYear": "2008", "period": "FY", "revenue": 1590000, "costOfRevenue": 0, "grossProfit": 1590000, "grossProfitRatio": 1, "researchAndDevelopmentExpenses": 56750000, "generalAndAdministrativeExpenses": 11818000, "sellingAndMarketingExpenses": 0, "sellingGeneralAndAdministrativeExpenses": 11818000, "otherExpenses": 0, "operatingExpenses": 68568000, "costAndExpenses": 68568000, "interestIncome": 2915000, "interestExpense": 181000, "depreciationAndAmortization": 1043000, "ebitda": -66978000, "ebitdaratio": -42.1245283019, "operatingIncome": -66978000, "operatingIncomeRatio": -42.1245283019, "totalOtherIncomeExpensesNet": 2734000, "incomeBeforeTax": -64244000, "incomeBeforeTaxRatio": -40.4050314465, "incomeTaxExpense": -1043000, "netIncome": -64244000, "netIncomeRatio": -40.4050314465, "eps": -1.73, "epsdiluted": -1.73, "weightedAverageShsOut": 37113000, "weightedAverageShsOutDil": 37113000, "link": "https://www.sec.gov/Archives/edgar/data/1070494/000119312509049516/0001193125-09-049516-index.htm", "finalLink": "https://www.sec.gov/Archives/edgar/data/1070494/000119312509049516/d10k.htm", "calculatedOtherExpenses": 0, "calculatedOperatingExpenses": 68568000, "calculatedNetInterest": 2734000, "calculatedOtherIncome": 0, "calculatedIncomeNonControlling": 1043000, "calculatedEbitda": -65935000}, {"date": "2007-12-31", "symbol": "ACAD", "reportedCurrency": "USD", "cik": "0001070494", "fillingDate": "2008-03-05", "acceptedDate": "2008-03-05 16:10:51", "calendarYear": "2007", "period": "FY", "revenue": 7555000, "costOfRevenue": 0, "grossProfit": 7555000, "grossProfitRatio": 1, "researchAndDevelopmentExpenses": 57942000, "generalAndAdministrativeExpenses": 12267000, "sellingAndMarketingExpenses": 0, "sellingGeneralAndAdministrativeExpenses": 12267000, "otherExpenses": 0, "operatingExpenses": 70209000, "costAndExpenses": 70209000, "interestIncome": 6532000, "interestExpense": -268000, "depreciationAndAmortization": 768000, "ebitda": -61886000, "ebitdaratio": -8.1913964262, "operatingIncome": -62654000, "operatingIncomeRatio": -8.2930509596, "totalOtherIncomeExpensesNet": 6264000, "incomeBeforeTax": -56390000, "incomeBeforeTaxRatio": -7.4639311714, "incomeTaxExpense": 0, "netIncome": -56390000, "netIncomeRatio": -7.4639311714, "eps": -1.6, "epsdiluted": -1.6, "weightedAverageShsOut": 35211000, "weightedAverageShsOutDil": 35211000, "link": "https://www.sec.gov/Archives/edgar/data/1070494/000119312508047838/0001193125-08-047838-index.htm", "finalLink": "https://www.sec.gov/Archives/edgar/data/1070494/000119312508047838/d10k.htm", "calculatedOtherExpenses": 0, "calculatedOperatingExpenses": 70209000, "calculatedNetInterest": 6800000, "calculatedOtherIncome": -536000, "calculatedIncomeNonControlling": 0, "calculatedEbitda": -61886000}, {"date": "2006-12-31", "symbol": "ACAD", "reportedCurrency": "USD", "cik": "0001070494", "fillingDate": "2007-03-09", "acceptedDate": "2007-03-09 16:02:27", "calendarYear": "2006", "period": "FY", "revenue": 8133000, "costOfRevenue": 0, "grossProfit": 8133000, "grossProfitRatio": 1, "researchAndDevelopmentExpenses": 49398000, "generalAndAdministrativeExpenses": 11349000, "sellingAndMarketingExpenses": 0, "sellingGeneralAndAdministrativeExpenses": 11349000, "otherExpenses": -3560000, "operatingExpenses": 57187000, "costAndExpenses": 57187000, "interestIncome": 4153000, "interestExpense": -198000, "depreciationAndAmortization": -146000, "ebitda": -52614000, "ebitdaratio": -6.4691995574, "operatingIncome": -49054000, "operatingIncomeRatio": -6.0314766999, "totalOtherIncomeExpensesNet": 3560000, "incomeBeforeTax": -45048000, "incomeBeforeTaxRatio": -5.5389155293, "incomeTaxExpense": -3860000, "netIncome": -45048000, "netIncomeRatio": -5.5389155293, "eps": -1.61, "epsdiluted": -1.61, "weightedAverageShsOut": 27923000, "weightedAverageShsOutDil": 27923000, "link": "https://www.sec.gov/Archives/edgar/data/1070494/000119312507050871/0001193125-07-050871-index.htm", "finalLink": "https://www.sec.gov/Archives/edgar/data/1070494/000119312507050871/d10k.htm", "calculatedOtherExpenses": -3560000, "calculatedOperatingExpenses": 57187000, "calculatedNetInterest": 4351000, "calculatedOtherIncome": -345000, "calculatedIncomeNonControlling": 3860000, "calculatedEbitda": -49200000}, {"date": "2005-12-31", "symbol": "ACAD", "reportedCurrency": "USD", "cik": "0001070494", "fillingDate": "2006-03-15", "acceptedDate": "2006-03-15 16:47:02", "calendarYear": "2005", "period": "FY", "revenue": 10956300, "costOfRevenue": 0, "grossProfit": 10956300, "grossProfitRatio": 1, "researchAndDevelopmentExpenses": 30848000, "generalAndAdministrativeExpenses": 15914600, "sellingAndMarketingExpenses": 0, "sellingGeneralAndAdministrativeExpenses": 15914600, "otherExpenses": 7528000, "operatingExpenses": 46762600, "costAndExpenses": 46762600, "interestIncome": 1851000, "interestExpense": -180000, "depreciationAndAmortization": 1025600, "ebitda": -34780700, "ebitdaratio": -3.1744932139, "operatingIncome": -35806300, "operatingIncomeRatio": -3.2681014576, "totalOtherIncomeExpensesNet": 1671000, "incomeBeforeTax": -34135000, "incomeBeforeTaxRatio": -3.1155590847, "incomeTaxExpense": -200, "netIncome": -34135100, "netIncomeRatio": -3.1155682119, "eps": -1.55, "epsdiluted": -1.55, "weightedAverageShsOut": 22014000, "weightedAverageShsOutDil": 22014000, "link": "https://www.sec.gov/Archives/edgar/data/1070494/000119312506055097/0001193125-06-055097-index.htm", "finalLink": "https://www.sec.gov/Archives/edgar/data/1070494/000119312506055097/d10k.htm", "calculatedOtherExpenses": 0, "calculatedOperatingExpenses": 46762600, "calculatedNetInterest": 2031000, "calculatedOtherIncome": -359700, "calculatedIncomeNonControlling": 300, "calculatedEbitda": -34780700}, {"date": "2004-12-31", "symbol": "ACAD", "reportedCurrency": "USD", "cik": "0001070494", "fillingDate": "2005-03-18", "acceptedDate": "2005-03-18 14:08:58", "calendarYear": "2004", "period": "FY", "revenue": 4604300, "costOfRevenue": 0, "grossProfit": 4604300, "grossProfitRatio": 1, "researchAndDevelopmentExpenses": 23454000, "generalAndAdministrativeExpenses": 7245600, "sellingAndMarketingExpenses": 0, "sellingGeneralAndAdministrativeExpenses": 7245600, "otherExpenses": 2356000, "operatingExpenses": 30699600, "costAndExpenses": 30699600, "interestIncome": 607000, "interestExpense": -429000, "depreciationAndAmortization": 1305600, "ebitda": -24789700, "ebitdaratio": -5.3840323176, "operatingIncome": -26095300, "operatingIncomeRatio": -5.6675933367, "totalOtherIncomeExpensesNet": 178000, "incomeBeforeTax": -25917000, "incomeBeforeTaxRatio": -5.6288686662, "incomeTaxExpense": -200, "netIncome": -25917100, "netIncomeRatio": -5.6288903851, "eps": -2.5, "epsdiluted": -2.5, "weightedAverageShsOut": 10353351, "weightedAverageShsOutDil": 10353351, "link": "https://www.sec.gov/Archives/edgar/data/1070494/000119312505055069/0001193125-05-055069-index.htm", "finalLink": "https://www.sec.gov/Archives/edgar/data/1070494/000119312505055069/d10k.htm", "calculatedOtherExpenses": 0, "calculatedOperatingExpenses": 30699600, "calculatedNetInterest": 1036000, "calculatedOtherIncome": -857700, "calculatedIncomeNonControlling": 300, "calculatedEbitda": -24789700}, {"date": "2003-12-31", "symbol": "ACAD", "reportedCurrency": "USD", "cik": "0001070494", "fillingDate": "2003-12-31", "acceptedDate": "2003-12-30 19:00:00", "calendarYear": "2003", "period": "FY", "revenue": 7378400, "costOfRevenue": 0, "grossProfit": 7378400, "grossProfitRatio": 1, "researchAndDevelopmentExpenses": 16935000, "generalAndAdministrativeExpenses": 4183400, "sellingAndMarketingExpenses": 0, "sellingGeneralAndAdministrativeExpenses": 4183400, "otherExpenses": 0, "operatingExpenses": 21118400, "costAndExpenses": 21118400, "interestIncome": 0, "interestExpense": 0, "depreciationAndAmortization": 1343600, "ebitda": -12396400, "ebitdaratio": -1.6800932451, "operatingIncome": -13740000, "operatingIncomeRatio": -1.8621923452, "totalOtherIncomeExpensesNet": 0, "incomeBeforeTax": 0, "incomeBeforeTaxRatio": 0, "incomeTaxExpense": 352600, "netIncome": -14092600, "netIncomeRatio": -1.9099804836, "eps": -9.66, "epsdiluted": -1.24, "weightedAverageShsOut": 1459000, "weightedAverageShsOutDil": 11365000, "link": "", "finalLink": "", "calculatedOtherExpenses": 0, "calculatedOperatingExpenses": 21118400, "calculatedNetInterest": 0, "calculatedOtherIncome": 13740000, "calculatedIncomeNonControlling": 13740000, "calculatedEbitda": -12396400}, {"date": "2002-12-31", "symbol": "ACAD", "reportedCurrency": "USD", "cik": "0001070494", "fillingDate": "2002-12-31", "acceptedDate": "2002-12-30 19:00:00", "calendarYear": "2002", "period": "FY", "revenue": 6275600, "costOfRevenue": 0, "grossProfit": 6275600, "grossProfitRatio": 1, "researchAndDevelopmentExpenses": 14920700, "generalAndAdministrativeExpenses": 3980800, "sellingAndMarketingExpenses": 0, "sellingGeneralAndAdministrativeExpenses": 3980800, "otherExpenses": 0, "operatingExpenses": 18901500, "costAndExpenses": 18901500, "interestIncome": 0, "interestExpense": 0, "depreciationAndAmortization": 1402800, "ebitda": -11223100, "ebitdaratio": -1.7883708331, "operatingIncome": -12625900, "operatingIncomeRatio": -2.0119032443, "totalOtherIncomeExpensesNet": 0, "incomeBeforeTax": 0, "incomeBeforeTaxRatio": 0, "incomeTaxExpense": 242300, "netIncome": -12868200, "netIncomeRatio": -2.0505130983, "eps": -8.86, "epsdiluted": -8.86, "weightedAverageShsOut": 1452005, "weightedAverageShsOutDil": 1452005, "link": "", "finalLink": "", "calculatedOtherExpenses": 0, "calculatedOperatingExpenses": 18901500, "calculatedNetInterest": 0, "calculatedOtherIncome": 12625900, "calculatedIncomeNonControlling": 12625900, "calculatedEbitda": -11223100}, {"date": "2001-12-31", "symbol": "ACAD", "reportedCurrency": "USD", "cik": "0001070494", "fillingDate": "2001-12-31", "acceptedDate": "2001-12-30 19:00:00", "calendarYear": "2001", "period": "FY", "revenue": 3714000, "costOfRevenue": 0, "grossProfit": 3714000, "grossProfitRatio": 1, "researchAndDevelopmentExpenses": 13090000, "generalAndAdministrativeExpenses": 3756000, "sellingAndMarketingExpenses": 0, "sellingGeneralAndAdministrativeExpenses": 3756000, "otherExpenses": 2147000, "operatingExpenses": 18993000, "costAndExpenses": 18993000, "interestIncome": 0, "interestExpense": 0, "depreciationAndAmortization": 0, "ebitda": -15279000, "ebitdaratio": -4.1138933764, "operatingIncome": -15279000, "operatingIncomeRatio": -4.1138933764, "totalOtherIncomeExpensesNet": 0, "incomeBeforeTax": 0, "incomeBeforeTaxRatio": 0, "incomeTaxExpense": 14406000, "netIncome": -14406000, "netIncomeRatio": -3.8788368336, "eps": -11.93, "epsdiluted": -11.93, "weightedAverageShsOut": 1208000, "weightedAverageShsOutDil": 1208000, "link": "", "finalLink": "", "calculatedOtherExpenses": 2147000, "calculatedOperatingExpenses": 18993000, "calculatedNetInterest": 0, "calculatedOtherIncome": 15279000, "calculatedIncomeNonControlling": 0, "calculatedEbitda": -15279000}, {"date": "2000-12-31", "symbol": "ACAD", "reportedCurrency": "USD", "cik": "0001070494", "fillingDate": "2000-12-31", "acceptedDate": "2000-12-30 19:00:00", "calendarYear": "2000", "period": "FY", "revenue": 4312000, "costOfRevenue": 0, "grossProfit": 4312000, "grossProfitRatio": 1, "researchAndDevelopmentExpenses": 9728000, "generalAndAdministrativeExpenses": 2999000, "sellingAndMarketingExpenses": 0, "sellingGeneralAndAdministrativeExpenses": 2999000, "otherExpenses": 2854000, "operatingExpenses": 15581000, "costAndExpenses": 15581000, "interestIncome": 0, "interestExpense": 0, "depreciationAndAmortization": 0, "ebitda": -11269000, "ebitdaratio": -2.6134044527, "operatingIncome": -11269000, "operatingIncomeRatio": -2.6134044527, "totalOtherIncomeExpensesNet": 0, "incomeBeforeTax": 0, "incomeBeforeTaxRatio": 0, "incomeTaxExpense": 10194000, "netIncome": -10194000, "netIncomeRatio": -2.3641001855, "eps": -9.53, "epsdiluted": -9.53, "weightedAverageShsOut": 1070000, "weightedAverageShsOutDil": 1070000, "link": "", "finalLink": "", "calculatedOtherExpenses": 2854000, "calculatedOperatingExpenses": 15581000, "calculatedNetInterest": 0, "calculatedOtherIncome": 11269000, "calculatedIncomeNonControlling": 0, "calculatedEbitda": -11269000}]}