{"originalCurrency": "USD", "convertedCurrency": "USD", "report": [{"date": "2023-12-31", "symbol": "ACHC", "reportedCurrency": "USD", "cik": "0001520697", "fillingDate": "2024-02-28", "acceptedDate": "2024-02-28 16:05:50", "calendarYear": "2023", "period": "FY", "revenue": 2928738000, "costOfRevenue": 2246129000, "grossProfit": 682609000, "grossProfitRatio": 0.2330727433, "researchAndDevelopmentExpenses": 0, "generalAndAdministrativeExpenses": 1794895000, "sellingAndMarketingExpenses": -1618882000, "sellingGeneralAndAdministrativeExpenses": 176013000, "otherExpenses": 0, "operatingExpenses": 176013000, "costAndExpenses": 2422142000, "interestIncome": 0, "interestExpense": 82125000, "depreciationAndAmortization": 132348999, "ebitda": 638945000, "ebitdaratio": 0.2181639327, "operatingIncome": 506596000, "operatingIncomeRatio": 0.1729741616, "totalOtherIncomeExpensesNet": -531956000, "incomeBeforeTax": -25360000, "incomeBeforeTaxRatio": -0.0086590197, "incomeTaxExpense": -9699000, "netIncome": -21667000, "netIncomeRatio": -0.007398067, "eps": -0.24, "epsdiluted": -0.24, "weightedAverageShsOut": 90949000, "weightedAverageShsOutDil": 90949000, "link": "https://www.sec.gov/Archives/edgar/data/1520697/000095017024022057/0000950170-24-022057-index.htm", "finalLink": "https://www.sec.gov/Archives/edgar/data/1520697/000095017024022057/achc-20231231.htm", "calculatedOtherExpenses": 0, "calculatedOperatingExpenses": 176013000, "calculatedNetInterest": -82125000, "calculatedOtherIncome": -449831000, "calculatedIncomeNonControlling": 6006000, "calculatedEbitda": 638944999}, {"date": "2022-12-31", "symbol": "ACHC", "reportedCurrency": "USD", "cik": "0001520697", "fillingDate": "2023-02-28", "acceptedDate": "2023-02-28 16:14:28", "calendarYear": "2022", "period": "FY", "revenue": 2610399000, "costOfRevenue": 1493634000, "grossProfit": 1116765000, "grossProfitRatio": 0.4278139089, "researchAndDevelopmentExpenses": 0, "generalAndAdministrativeExpenses": 203475000, "sellingAndMarketingExpenses": 0, "sellingGeneralAndAdministrativeExpenses": 203475000, "otherExpenses": 445595000, "operatingExpenses": 649070000, "costAndExpenses": 2142704000, "interestIncome": 69760000, "interestExpense": 69760000, "depreciationAndAmortization": 117769000, "ebitda": 561672000, "ebitdaratio": 0.2151671066, "operatingIncome": 443903000, "operatingIncomeRatio": 0.1700517814, "totalOtherIncomeExpensesNet": -69760000, "incomeBeforeTax": 374143000, "incomeBeforeTaxRatio": 0.1433278974, "incomeTaxExpense": 94110000, "netIncome": 273139000, "netIncomeRatio": 0.1046349619, "eps": 3.05, "epsdiluted": 2.98, "weightedAverageShsOut": 89680000, "weightedAverageShsOutDil": 91555000, "link": "https://www.sec.gov/Archives/edgar/data/1520697/000156459023002737/0001564590-23-002737-index.htm", "finalLink": "https://www.sec.gov/Archives/edgar/data/1520697/000156459023002737/achc-10k_20221231.htm", "calculatedOtherExpenses": 469387000, "calculatedOperatingExpenses": 672862000, "calculatedNetInterest": 0, "calculatedOtherIncome": -69760000, "calculatedIncomeNonControlling": 6894000, "calculatedEbitda": 561672000}, {"date": "2021-12-31", "symbol": "ACHC", "reportedCurrency": "USD", "cik": "0001520697", "fillingDate": "2022-03-01", "acceptedDate": "2022-03-01 13:06:17", "calendarYear": "2021", "period": "FY", "revenue": 2314394000, "costOfRevenue": 1334506000, "grossProfit": 979888000, "grossProfitRatio": 0.4233885847, "researchAndDevelopmentExpenses": 0, "generalAndAdministrativeExpenses": 175258000, "sellingAndMarketingExpenses": 0, "sellingGeneralAndAdministrativeExpenses": 175258000, "otherExpenses": 390156000, "operatingExpenses": 565414000, "costAndExpenses": 1899920000, "interestIncome": 76993000, "interestExpense": 76993000, "depreciationAndAmortization": 106717000, "ebitda": 521191000, "ebitdaratio": 0.2251954507, "operatingIncome": 414474000, "operatingIncomeRatio": 0.1790853243, "totalOtherIncomeExpensesNet": -138714000, "incomeBeforeTax": 275760000, "incomeBeforeTaxRatio": 0.1191499805, "incomeTaxExpense": 67557000, "netIncome": 190635000, "netIncomeRatio": 0.0823692941, "eps": 2.3, "epsdiluted": 2.25, "weightedAverageShsOut": 88769000, "weightedAverageShsOutDil": 90793000, "link": "https://www.sec.gov/Archives/edgar/data/1520697/000156459022007930/0001564590-22-007930-index.htm", "finalLink": "https://www.sec.gov/Archives/edgar/data/1520697/000156459022007930/achc-10k_20211231.htm", "calculatedOtherExpenses": 390156000, "calculatedOperatingExpenses": 565414000, "calculatedNetInterest": 0, "calculatedOtherIncome": -138714000, "calculatedIncomeNonControlling": 17568000, "calculatedEbitda": 521191000}, {"date": "2020-12-31", "symbol": "ACHC", "reportedCurrency": "USD", "cik": "0001520697", "fillingDate": "2021-02-26", "acceptedDate": "2021-02-26 16:33:43", "calendarYear": "2020", "period": "FY", "revenue": 2089929000, "costOfRevenue": 1241763000, "grossProfit": 848166000, "grossProfitRatio": 0.4058348394, "researchAndDevelopmentExpenses": 0, "generalAndAdministrativeExpenses": 157851000, "sellingAndMarketingExpenses": 0, "sellingGeneralAndAdministrativeExpenses": 157851000, "otherExpenses": 357528000, "operatingExpenses": 515379000, "costAndExpenses": 1757142000, "interestIncome": 158105000, "interestExpense": 158105000, "depreciationAndAmortization": 95256000, "ebitda": 460862000, "ebitdaratio": 0.2205156252, "operatingIncome": 365606000, "operatingIncomeRatio": 0.1749370433, "totalOtherIncomeExpensesNet": -181809000, "incomeBeforeTax": 183797000, "incomeBeforeTaxRatio": 0.0879441359, "incomeTaxExpense": 40606000, "netIncome": 143191000, "netIncomeRatio": 0.0685147677, "eps": 1.63, "epsdiluted": 1.62, "weightedAverageShsOut": 87875000, "weightedAverageShsOutDil": 88595000, "link": "https://www.sec.gov/Archives/edgar/data/1520697/000156459021009466/0001564590-21-009466-index.htm", "finalLink": "https://www.sec.gov/Archives/edgar/data/1520697/000156459021009466/achc-10k_20201231.htm", "calculatedOtherExpenses": 324709000, "calculatedOperatingExpenses": 482560000, "calculatedNetInterest": 0, "calculatedOtherIncome": -181809000, "calculatedIncomeNonControlling": 0, "calculatedEbitda": 460862000}, {"date": "2019-12-31", "symbol": "ACHC", "reportedCurrency": "USD", "cik": "0001520697", "fillingDate": "2020-02-28", "acceptedDate": "2020-02-28 15:20:22", "calendarYear": "2019", "period": "FY", "revenue": 3107462000, "costOfRevenue": 1840241000, "grossProfit": 1267221000, "grossProfitRatio": 0.4077993552, "researchAndDevelopmentExpenses": 0, "generalAndAdministrativeExpenses": 323212000, "sellingAndMarketingExpenses": 0, "sellingGeneralAndAdministrativeExpenses": 323212000, "otherExpenses": 539477000, "operatingExpenses": 862689000, "costAndExpenses": 2702930000, "interestIncome": 187325000, "interestExpense": 187094000, "depreciationAndAmortization": 164044000, "ebitda": 568576000, "ebitdaratio": 0.1829711836, "operatingIncome": 404532000, "operatingIncomeRatio": 0.1301808357, "totalOtherIncomeExpensesNet": -268544000, "incomeBeforeTax": 135988000, "incomeBeforeTaxRatio": 0.043761758, "incomeTaxExpense": 25866000, "netIncome": 108923000, "netIncomeRatio": 0.0350520779, "eps": 1.24, "epsdiluted": 1.24, "weightedAverageShsOut": 87612000, "weightedAverageShsOutDil": 87816000, "link": "https://www.sec.gov/Archives/edgar/data/1520697/000156459020007769/0001564590-20-007769-index.htm", "finalLink": "https://www.sec.gov/Archives/edgar/data/1520697/000156459020007769/achc-10k_20191231.htm", "calculatedOtherExpenses": 539477000, "calculatedOperatingExpenses": 862689000, "calculatedNetInterest": 231000, "calculatedOtherIncome": -268775000, "calculatedIncomeNonControlling": 1199000, "calculatedEbitda": 568576000}, {"date": "2018-12-31", "symbol": "ACHC", "reportedCurrency": "USD", "cik": "0001520697", "fillingDate": "2019-03-01", "acceptedDate": "2019-03-01 14:02:38", "calendarYear": "2018", "period": "FY", "revenue": 3012442000, "costOfRevenue": 1778662000, "grossProfit": 1233780000, "grossProfitRatio": 0.4095614123, "researchAndDevelopmentExpenses": 0, "generalAndAdministrativeExpenses": 307707000, "sellingAndMarketingExpenses": 0, "sellingGeneralAndAdministrativeExpenses": 307707000, "otherExpenses": -34507000, "operatingExpenses": 821037000, "costAndExpenses": 2599699000, "interestIncome": 0, "interestExpense": 185410000, "depreciationAndAmortization": 158832000, "ebitda": 571575000, "ebitdaratio": 0.1897380929, "operatingIncome": 412743000, "operatingIncomeRatio": 0.1370127624, "totalOtherIncomeExpensesNet": -396287000, "incomeBeforeTax": -168954000, "incomeBeforeTaxRatio": -0.0560853952, "incomeTaxExpense": 6532000, "netIncome": -175750000, "netIncomeRatio": -0.0583413722, "eps": -2.01, "epsdiluted": -2.01, "weightedAverageShsOut": 87288000, "weightedAverageShsOutDil": 87288000, "link": "https://www.sec.gov/Archives/edgar/data/1520697/000156459019005750/0001564590-19-005750-index.htm", "finalLink": "https://www.sec.gov/Archives/edgar/data/1520697/000156459019005750/achc-10k_20181231.htm", "calculatedOtherExpenses": 513330000, "calculatedOperatingExpenses": 821037000, "calculatedNetInterest": -185410000, "calculatedOtherIncome": -396287000, "calculatedIncomeNonControlling": 264000, "calculatedEbitda": 571575000}, {"date": "2017-12-31", "symbol": "ACHC", "reportedCurrency": "USD", "cik": "0001520697", "fillingDate": "2018-02-27", "acceptedDate": "2018-02-27 17:17:30", "calendarYear": "2017", "period": "FY", "revenue": 2836316000, "costOfRevenue": 1650599000, "grossProfit": 1185717000, "grossProfitRatio": 0.4180482711, "researchAndDevelopmentExpenses": 0, "generalAndAdministrativeExpenses": 272998000, "sellingAndMarketingExpenses": 0, "sellingGeneralAndAdministrativeExpenses": 272998000, "otherExpenses": -24267000, "operatingExpenses": 747835000, "costAndExpenses": 2398434000, "interestIncome": 0, "interestExpense": 176007000, "depreciationAndAmortization": 143010000, "ebitda": 580892000, "ebitdaratio": 0.2048051063, "operatingIncome": 437882000, "operatingIncomeRatio": 0.1543840672, "totalOtherIncomeExpensesNet": -25077000, "incomeBeforeTax": 236798000, "incomeBeforeTaxRatio": 0.0834878765, "incomeTaxExpense": 37209000, "netIncome": 199835000, "netIncomeRatio": 0.0704558307, "eps": 2.3, "epsdiluted": 2.3, "weightedAverageShsOut": 86948000, "weightedAverageShsOutDil": 87060000, "link": "https://www.sec.gov/Archives/edgar/data/1520697/000119312518061152/0001193125-18-061152-index.htm", "finalLink": "https://www.sec.gov/Archives/edgar/data/1520697/000119312518061152/d431698d10k.htm", "calculatedOtherExpenses": 474837000, "calculatedOperatingExpenses": 747835000, "calculatedNetInterest": -176007000, "calculatedOtherIncome": -25077000, "calculatedIncomeNonControlling": -246000, "calculatedEbitda": 580892000}, {"date": "2016-12-31", "symbol": "ACHC", "reportedCurrency": "USD", "cik": "0001520697", "fillingDate": "2017-02-24", "acceptedDate": "2017-02-24 14:11:39", "calendarYear": "2016", "period": "FY", "revenue": 2810914000, "costOfRevenue": 1659279000, "grossProfit": 1151635000, "grossProfitRatio": 0.4097012573, "researchAndDevelopmentExpenses": 0, "generalAndAdministrativeExpenses": 258834000, "sellingAndMarketingExpenses": 0, "sellingGeneralAndAdministrativeExpenses": 258834000, "otherExpenses": -48323000, "operatingExpenses": 706493000, "costAndExpenses": 2365772000, "interestIncome": 0, "interestExpense": 181325000, "depreciationAndAmortization": 135103000, "ebitda": 580245000, "ebitdaratio": 0.2064257391, "operatingIncome": 445142000, "operatingIncomeRatio": 0.1583620132, "totalOtherIncomeExpensesNet": -230862000, "incomeBeforeTax": 32955000, "incomeBeforeTaxRatio": 0.0117239446, "incomeTaxExpense": 28779000, "netIncome": 6143000, "netIncomeRatio": 0.0021854102, "eps": 0.07, "epsdiluted": 0.07, "weightedAverageShsOut": 85701000, "weightedAverageShsOutDil": 85972000, "link": "https://www.sec.gov/Archives/edgar/data/1520697/000119312517056016/0001193125-17-056016-index.htm", "finalLink": "https://www.sec.gov/Archives/edgar/data/1520697/000119312517056016/d289026d10k.htm", "calculatedOtherExpenses": 447659000, "calculatedOperatingExpenses": 706493000, "calculatedNetInterest": -181325000, "calculatedOtherIncome": -230862000, "calculatedIncomeNonControlling": -1967000, "calculatedEbitda": 580245000}, {"date": "2015-12-31", "symbol": "ACHC", "reportedCurrency": "USD", "cik": "0001520697", "fillingDate": "2016-02-26", "acceptedDate": "2016-02-25 17:47:47", "calendarYear": "2015", "period": "FY", "revenue": 1794492000, "costOfRevenue": 1054395000, "grossProfit": 740097000, "grossProfitRatio": 0.4124270267, "researchAndDevelopmentExpenses": 0, "generalAndAdministrativeExpenses": 148991000, "sellingAndMarketingExpenses": 0, "sellingGeneralAndAdministrativeExpenses": 148991000, "otherExpenses": -36571000, "operatingExpenses": 419287000, "costAndExpenses": 1473682000, "interestIncome": 0, "interestExpense": 106742000, "depreciationAndAmortization": 63550000, "ebitda": 384360000, "ebitdaratio": 0.2141887509, "operatingIncome": 320810000, "operatingIncomeRatio": 0.1787748288, "totalOtherIncomeExpensesNet": -49315000, "incomeBeforeTax": 164753000, "incomeBeforeTaxRatio": 0.0918103842, "incomeTaxExpense": 46397000, "netIncome": 119545000, "netIncomeRatio": 0.0666177392, "eps": 1.75, "epsdiluted": 1.75, "weightedAverageShsOut": 68085000, "weightedAverageShsOutDil": 68391000, "link": "https://www.sec.gov/Archives/edgar/data/1520697/000119312516478707/0001193125-16-478707-index.htm", "finalLink": "https://www.sec.gov/Archives/edgar/data/1520697/000119312516478707/d117665d10k.htm", "calculatedOtherExpenses": 270296000, "calculatedOperatingExpenses": 419287000, "calculatedNetInterest": -106742000, "calculatedOtherIncome": -49315000, "calculatedIncomeNonControlling": -1189000, "calculatedEbitda": 384360000}, {"date": "2014-12-31", "symbol": "ACHC", "reportedCurrency": "USD", "cik": "0001520697", "fillingDate": "2015-02-27", "acceptedDate": "2015-02-27 16:16:15", "calendarYear": "2014", "period": "FY", "revenue": 1004601000, "costOfRevenue": 623834000, "grossProfit": 380767000, "grossProfitRatio": 0.3790231146, "researchAndDevelopmentExpenses": 0, "generalAndAdministrativeExpenses": 64683000, "sellingAndMarketingExpenses": 0, "sellingGeneralAndAdministrativeExpenses": 64683000, "otherExpenses": -13650000, "operatingExpenses": 208004000, "costAndExpenses": 831838000, "interestIncome": 0, "interestExpense": 48221000, "depreciationAndAmortization": 32667000, "ebitda": 205430000, "ebitdaratio": 0.2044891454, "operatingIncome": 172763000, "operatingIncomeRatio": 0.1719717579, "totalOtherIncomeExpensesNet": 1612000, "incomeBeforeTax": 126154000, "incomeBeforeTaxRatio": 0.1255762238, "incomeTaxExpense": 42922000, "netIncome": 83040000, "netIncomeRatio": 0.0826596828, "eps": 1.51, "epsdiluted": 1.5, "weightedAverageShsOut": 55063000, "weightedAverageShsOutDil": 55327000, "link": "https://www.sec.gov/Archives/edgar/data/1520697/000119312515069793/0001193125-15-069793-index.htm", "finalLink": "https://www.sec.gov/Archives/edgar/data/1520697/000119312515069793/d854534d10k.htm", "calculatedOtherExpenses": 143321000, "calculatedOperatingExpenses": 208004000, "calculatedNetInterest": -48221000, "calculatedOtherIncome": 1612000, "calculatedIncomeNonControlling": 192000, "calculatedEbitda": 205430000}, {"date": "2013-12-31", "symbol": "ACHC", "reportedCurrency": "USD", "cik": "0001520697", "fillingDate": "2014-02-21", "acceptedDate": "2014-02-21 16:19:09", "calendarYear": "2013", "period": "FY", "revenue": 713408000, "costOfRevenue": 445531000, "grossProfit": 267877000, "grossProfitRatio": 0.3754892011, "researchAndDevelopmentExpenses": 0, "generalAndAdministrativeExpenses": 47220000, "sellingAndMarketingExpenses": 0, "sellingGeneralAndAdministrativeExpenses": 47220000, "otherExpenses": -7150000, "operatingExpenses": 144882000, "costAndExpenses": 590413000, "interestIncome": 0, "interestExpense": 37250000, "depreciationAndAmortization": 17090000, "ebitda": 140085000, "ebitdaratio": 0.1963602875, "operatingIncome": 122995000, "operatingIncomeRatio": 0.1724048511, "totalOtherIncomeExpensesNet": -16500000, "incomeBeforeTax": 69245000, "incomeBeforeTaxRatio": 0.0970622701, "incomeTaxExpense": 25975000, "netIncome": 42579000, "netIncomeRatio": 0.0596839396, "eps": 0.85, "epsdiluted": 0.85, "weightedAverageShsOut": 50004000, "weightedAverageShsOutDil": 50261000, "link": "https://www.sec.gov/Archives/edgar/data/1520697/000119312514062774/0001193125-14-062774-index.htm", "finalLink": "https://www.sec.gov/Archives/edgar/data/1520697/000119312514062774/d664030d10k.htm", "calculatedOtherExpenses": 97662000, "calculatedOperatingExpenses": 144882000, "calculatedNetInterest": -37250000, "calculatedOtherIncome": -16500000, "calculatedIncomeNonControlling": 691000, "calculatedEbitda": 140085000}, {"date": "2012-12-31", "symbol": "ACHC", "reportedCurrency": "USD", "cik": "0001520697", "fillingDate": "2013-03-01", "acceptedDate": "2013-03-01 16:20:24", "calendarYear": "2012", "period": "FY", "revenue": 407461000, "costOfRevenue": 259135000, "grossProfit": 148326000, "grossProfitRatio": 0.3640250233, "researchAndDevelopmentExpenses": 0, "generalAndAdministrativeExpenses": 26857000, "sellingAndMarketingExpenses": 0, "sellingGeneralAndAdministrativeExpenses": 26857000, "otherExpenses": -8112000, "operatingExpenses": 77616000, "costAndExpenses": 336751000, "interestIncome": 0, "interestExpense": 29769000, "depreciationAndAmortization": 7982000, "ebitda": 78692000, "ebitdaratio": 0.1931276858, "operatingIncome": 70710000, "operatingIncomeRatio": 0.1735380809, "totalOtherIncomeExpensesNet": -8112000, "incomeBeforeTax": 32829000, "incomeBeforeTaxRatio": 0.0805696742, "incomeTaxExpense": 12325000, "netIncome": 20403000, "netIncomeRatio": 0.050073504, "eps": 0.53, "epsdiluted": 0.53, "weightedAverageShsOut": 38477000, "weightedAverageShsOutDil": 38696000, "link": "https://www.sec.gov/Archives/edgar/data/1520697/000119312513087740/0001193125-13-087740-index.htm", "finalLink": "https://www.sec.gov/Archives/edgar/data/1520697/000119312513087740/d460213d10k.htm", "calculatedOtherExpenses": 50759000, "calculatedOperatingExpenses": 77616000, "calculatedNetInterest": -29769000, "calculatedOtherIncome": -8112000, "calculatedIncomeNonControlling": 101000, "calculatedEbitda": 78692000}, {"date": "2011-12-31", "symbol": "ACHC", "reportedCurrency": "USD", "cik": "0001520697", "fillingDate": "2012-03-13", "acceptedDate": "2012-03-13 17:29:50", "calendarYear": "2011", "period": "FY", "revenue": 221373000, "costOfRevenue": 167938000, "grossProfit": 53435000, "grossProfitRatio": 0.2413799334, "researchAndDevelopmentExpenses": 0, "generalAndAdministrativeExpenses": 57740000, "sellingAndMarketingExpenses": 0, "sellingGeneralAndAdministrativeExpenses": 57740000, "otherExpenses": 24760000, "operatingExpenses": 82500000, "costAndExpenses": 250438000, "interestIncome": 0, "interestExpense": 9191000, "depreciationAndAmortization": 4288000, "ebitda": -24777000, "ebitdaratio": -0.1119242184, "operatingIncome": -29065000, "operatingIncomeRatio": -0.1312942409, "totalOtherIncomeExpensesNet": -9191000, "incomeBeforeTax": -38256000, "incomeBeforeTaxRatio": -0.1728124026, "incomeTaxExpense": -5383000, "netIncome": -34892000, "netIncomeRatio": -0.1576163308, "eps": -1.86, "epsdiluted": -1.86, "weightedAverageShsOut": 18757000, "weightedAverageShsOutDil": 18757000, "link": "https://www.sec.gov/Archives/edgar/data/1520697/000119312512112423/0001193125-12-112423-index.htm", "finalLink": "https://www.sec.gov/Archives/edgar/data/1520697/000119312512112423/d289754d10k.htm", "calculatedOtherExpenses": 24760000, "calculatedOperatingExpenses": 82500000, "calculatedNetInterest": -9191000, "calculatedOtherIncome": 0, "calculatedIncomeNonControlling": 2019000, "calculatedEbitda": -24777000}, {"date": "2010-12-31", "symbol": "ACHC", "reportedCurrency": "USD", "cik": "0001520697", "fillingDate": "2010-12-31", "acceptedDate": "2010-12-30 19:00:00", "calendarYear": "2010", "period": "FY", "revenue": 62103000, "costOfRevenue": 42360000, "grossProfit": 19743000, "grossProfitRatio": 0.3179073475, "researchAndDevelopmentExpenses": 0, "generalAndAdministrativeExpenses": 3083000, "sellingAndMarketingExpenses": 0, "sellingGeneralAndAdministrativeExpenses": 3083000, "otherExpenses": -918000, "operatingExpenses": 10929000, "costAndExpenses": 53289000, "interestIncome": 0, "interestExpense": 738000, "depreciationAndAmortization": 976000, "ebitda": 8872000, "ebitdaratio": 0.1428594432, "operatingIncome": 8814000, "operatingIncomeRatio": 0.1419255108, "totalOtherIncomeExpensesNet": -918000, "incomeBeforeTax": 7158000, "incomeBeforeTaxRatio": 0.1152601324, "incomeTaxExpense": 477000, "netIncome": 6210000, "netIncomeRatio": 0.0999951693, "eps": 0.35, "epsdiluted": 0.35, "weightedAverageShsOut": 17633000, "weightedAverageShsOutDil": 17633000, "link": "", "finalLink": "", "calculatedOtherExpenses": 7846000, "calculatedOperatingExpenses": 10929000, "calculatedNetInterest": -738000, "calculatedOtherIncome": -918000, "calculatedIncomeNonControlling": 471000, "calculatedEbitda": 9790000}]}