{"originalCurrency": "USD", "convertedCurrency": "USD", "report": [{"date": "2023-12-02", "symbol": "ACI", "reportedCurrency": "USD", "cik": "0001646972", "fillingDate": "2024-01-09", "acceptedDate": "2024-01-09 08:32:45", "calendarYear": "2023", "period": "FY", "revenue": 60898200000, "costOfRevenue": 43996700000, "grossProfit": 16901500000, "grossProfitRatio": 0.2775369387, "researchAndDevelopmentExpenses": 0, "generalAndAdministrativeExpenses": 0, "sellingAndMarketingExpenses": 0, "sellingGeneralAndAdministrativeExpenses": 15215700000, "otherExpenses": 0, "operatingExpenses": 15215700000, "costAndExpenses": 59212400000, "interestIncome": 0, "interestExpense": 383100000, "depreciationAndAmortization": 0, "ebitda": 1642700000, "ebitdaratio": 0.0269745247, "operatingIncome": 1642700000, "operatingIncomeRatio": 0.0269745247, "totalOtherIncomeExpensesNet": -368500000, "incomeBeforeTax": 1274200000, "incomeBeforeTaxRatio": 0.0209234427, "incomeTaxExpense": 228700000, "netIncome": 1045500000, "netIncomeRatio": 0.0171679951, "eps": 1.82, "epsdiluted": 1.8, "weightedAverageShsOut": 575200000, "weightedAverageShsOutDil": 580500000, "link": "https://www.sec.gov/Archives/edgar/data/1646972/000164697224000006/0001646972-24-000006-index.htm", "finalLink": "https://www.sec.gov/Archives/edgar/data/1646972/000164697224000006/aciq323earningsrelease.htm", "calculatedOtherExpenses": 43100000, "calculatedOperatingExpenses": 15258800000, "calculatedNetInterest": -383100000, "calculatedOtherIncome": 14600000, "calculatedIncomeNonControlling": 0, "calculatedEbitda": 1642700000}, {"date": "2022-12-31", "symbol": "ACI", "reportedCurrency": "USD", "cik": "0001646972", "fillingDate": "2023-04-25", "acceptedDate": "2023-04-25 16:10:00", "calendarYear": "2022", "period": "FY", "revenue": 77649700000, "costOfRevenue": 55894100000, "grossProfit": 21755600000, "grossProfitRatio": 0.2801762273, "researchAndDevelopmentExpenses": 0, "generalAndAdministrativeExpenses": 0, "sellingAndMarketingExpenses": 0, "sellingGeneralAndAdministrativeExpenses": 19596000000, "otherExpenses": 33000000, "operatingExpenses": 19596000000, "costAndExpenses": 75490100000, "interestIncome": 68600000, "interestExpense": 404600000, "depreciationAndAmortization": 2345300000, "ebitda": 4652400000, "ebitdaratio": 0.0599152347, "operatingIncome": 2307100000, "operatingIncomeRatio": 0.0297116409, "totalOtherIncomeExpensesNet": -371600000, "incomeBeforeTax": 1935500000, "incomeBeforeTaxRatio": 0.0249260461, "incomeTaxExpense": 422000000, "netIncome": 1513500000, "netIncomeRatio": 0.0194913825, "eps": 2.29, "epsdiluted": 2.27, "weightedAverageShsOut": 529000000, "weightedAverageShsOutDil": 534000000, "link": "https://www.sec.gov/Archives/edgar/data/1646972/000164697223000045/0001646972-23-000045-index.htm", "finalLink": "https://www.sec.gov/Archives/edgar/data/1646972/000164697223000045/aci-20230225.htm", "calculatedOtherExpenses": -147500000, "calculatedOperatingExpenses": 19448500000, "calculatedNetInterest": -336000000, "calculatedOtherIncome": -35600000, "calculatedIncomeNonControlling": 0, "calculatedEbitda": 4652400000}, {"date": "2021-12-31", "symbol": "ACI", "reportedCurrency": "USD", "cik": "0001646972", "fillingDate": "2022-04-26", "acceptedDate": "2022-04-26 16:17:37", "calendarYear": "2021", "period": "FY", "revenue": 71887000000, "costOfRevenue": 51164600000, "grossProfit": 20722400000, "grossProfitRatio": 0.2882635247, "researchAndDevelopmentExpenses": 0, "generalAndAdministrativeExpenses": 0, "sellingAndMarketingExpenses": 0, "sellingGeneralAndAdministrativeExpenses": 18300500000, "otherExpenses": 148200000, "operatingExpenses": 18300500000, "costAndExpenses": 69465100000, "interestIncome": 3100000, "interestExpense": 481900000, "depreciationAndAmortization": 2438400000, "ebitda": 4875300000, "ebitdaratio": 0.0678189381, "operatingIncome": 2436900000, "operatingIncomeRatio": 0.033899036, "totalOtherIncomeExpensesNet": -337400000, "incomeBeforeTax": 2099500000, "incomeBeforeTaxRatio": 0.0292055587, "incomeTaxExpense": 479900000, "netIncome": 1619600000, "netIncomeRatio": 0.0225298037, "eps": 2.73, "epsdiluted": 2.7, "weightedAverageShsOut": 469600000, "weightedAverageShsOutDil": 475300000, "link": "https://www.sec.gov/Archives/edgar/data/1646972/000164697222000031/0001646972-22-000031-index.htm", "finalLink": "https://www.sec.gov/Archives/edgar/data/1646972/000164697222000031/aci-20220226.htm", "calculatedOtherExpenses": -15000000, "calculatedOperatingExpenses": 18285500000, "calculatedNetInterest": -478800000, "calculatedOtherIncome": 141400000, "calculatedIncomeNonControlling": 0, "calculatedEbitda": 4875300000}, {"date": "2020-12-31", "symbol": "ACI", "reportedCurrency": "USD", "cik": "0001646972", "fillingDate": "2021-04-28", "acceptedDate": "2021-04-28 16:31:27", "calendarYear": "2020", "period": "FY", "revenue": 69690400000, "costOfRevenue": 49275900000, "grossProfit": 20414500000, "grossProfitRatio": 0.2929313076, "researchAndDevelopmentExpenses": 0, "generalAndAdministrativeExpenses": 0, "sellingAndMarketingExpenses": 0, "sellingGeneralAndAdministrativeExpenses": 18835800000, "otherExpenses": 134700000, "operatingExpenses": 18835800000, "costAndExpenses": 68111700000, "interestIncome": 16600000, "interestExpense": 538200000, "depreciationAndAmortization": 2214300000, "ebitda": 3831800000, "ebitdaratio": 0.0549831828, "operatingIncome": 1617500000, "operatingIncomeRatio": 0.0232097965, "totalOtherIncomeExpensesNet": -488800000, "incomeBeforeTax": 1128700000, "incomeBeforeTaxRatio": 0.0161959179, "incomeTaxExpense": 278500000, "netIncome": 850200000, "netIncomeRatio": 0.0121996717, "eps": 1.53, "epsdiluted": 1.47, "weightedAverageShsOut": 500300000, "weightedAverageShsOutDil": 578100000, "link": "https://www.sec.gov/Archives/edgar/data/1646972/000164697221000026/0001646972-21-000026-index.htm", "finalLink": "https://www.sec.gov/Archives/edgar/data/1646972/000164697221000026/aci-20210227.htm", "calculatedOtherExpenses": -38800000, "calculatedOperatingExpenses": 18797000000, "calculatedNetInterest": -521600000, "calculatedOtherIncome": 32800000, "calculatedIncomeNonControlling": 0, "calculatedEbitda": 3831800000}, {"date": "2019-12-31", "symbol": "ACI", "reportedCurrency": "USD", "cik": "0001646972", "fillingDate": "2020-05-13", "acceptedDate": "2020-05-13 17:04:56", "calendarYear": "2019", "period": "FY", "revenue": 62455100000, "costOfRevenue": 44860900000, "grossProfit": 17594200000, "grossProfitRatio": 0.2817095802, "researchAndDevelopmentExpenses": 0, "generalAndAdministrativeExpenses": 0, "sellingAndMarketingExpenses": 0, "sellingGeneralAndAdministrativeExpenses": 16641900000, "otherExpenses": -28500000, "operatingExpenses": 16641900000, "costAndExpenses": 61502800000, "interestIncome": 21000000, "interestExpense": 698000000, "depreciationAndAmortization": 2261600000, "ebitda": 3185400000, "ebitdaratio": 0.0510030406, "operatingIncome": 923800000, "operatingIncomeRatio": 0.0147914262, "totalOtherIncomeExpensesNet": -324600000, "incomeBeforeTax": 599200000, "incomeBeforeTaxRatio": 0.0095940924, "incomeTaxExpense": 132800000, "netIncome": 466400000, "netIncomeRatio": 0.0074677648, "eps": 0.8, "epsdiluted": 0.8, "weightedAverageShsOut": 579400000, "weightedAverageShsOutDil": 580300000, "link": "https://www.sec.gov/Archives/edgar/data/1646972/000164697220000022/0001646972-20-000022-index.htm", "finalLink": "https://www.sec.gov/Archives/edgar/data/1646972/000164697220000022/acify1910-k.htm", "calculatedOtherExpenses": 28500000, "calculatedOperatingExpenses": 16670400000, "calculatedNetInterest": -677000000, "calculatedOtherIncome": 352400000, "calculatedIncomeNonControlling": 0, "calculatedEbitda": 3185400000}, {"date": "2018-12-31", "symbol": "ACI", "reportedCurrency": "USD", "cik": "0001646972", "fillingDate": "2019-04-24", "acceptedDate": "2019-04-24 16:36:50", "calendarYear": "2018", "period": "FY", "revenue": 60534500000, "costOfRevenue": 43639900000, "grossProfit": 16894600000, "grossProfitRatio": 0.279090436, "researchAndDevelopmentExpenses": 0, "generalAndAdministrativeExpenses": 0, "sellingAndMarketingExpenses": 0, "sellingGeneralAndAdministrativeExpenses": 16107300000, "otherExpenses": 104400000, "operatingExpenses": 16107300000, "costAndExpenses": 59747200000, "interestIncome": 12300000, "interestExpense": 800400000, "depreciationAndAmortization": 1738800000, "ebitda": 2534800000, "ebitdaratio": 0.0418736423, "operatingIncome": 787300000, "operatingIncomeRatio": 0.0130058066, "totalOtherIncomeExpensesNet": 95700000, "incomeBeforeTax": 52200000, "incomeBeforeTaxRatio": 0.0008623182, "incomeTaxExpense": -78900000, "netIncome": 131100000, "netIncomeRatio": 0.0021657072, "eps": 0.23, "epsdiluted": 0.23, "weightedAverageShsOut": 580500000, "weightedAverageShsOutDil": 580700000, "link": "https://www.sec.gov/Archives/edgar/data/1646972/000164697219000036/0001646972-19-000036-index.htm", "finalLink": "https://www.sec.gov/Archives/edgar/data/1646972/000164697219000036/acify1810-k.htm", "calculatedOtherExpenses": 0, "calculatedOperatingExpenses": 16107300000, "calculatedNetInterest": -788100000, "calculatedOtherIncome": 53000000, "calculatedIncomeNonControlling": 0, "calculatedEbitda": 2526100000}, {"date": "2017-12-31", "symbol": "ACI", "reportedCurrency": "USD", "cik": "0001646972", "fillingDate": "2018-05-11", "acceptedDate": "2018-05-11 16:03:06", "calendarYear": "2017", "period": "FY", "revenue": 59924600000, "costOfRevenue": 43563500000, "grossProfit": 16361100000, "grossProfitRatio": 0.2730281053, "researchAndDevelopmentExpenses": 0, "generalAndAdministrativeExpenses": 0, "sellingAndMarketingExpenses": 0, "sellingGeneralAndAdministrativeExpenses": 16223700000, "otherExpenses": -42500000, "operatingExpenses": 16223700000, "costAndExpenses": 59787200000, "interestIncome": 0, "interestExpense": 874800000, "depreciationAndAmortization": 1898100000, "ebitda": 1993000000, "ebitdaratio": 0.0332584615, "operatingIncome": -4900000, "operatingIncomeRatio": -8.17694e-05, "totalOtherIncomeExpensesNet": -180100000, "incomeBeforeTax": -917500000, "incomeBeforeTaxRatio": -0.0153109074, "incomeTaxExpense": -963800000, "netIncome": 46300000, "netIncomeRatio": 0.0007726376, "eps": 0.0815, "epsdiluted": 0.0793, "weightedAverageShsOut": 568000000, "weightedAverageShsOutDil": 583700000, "link": "https://www.sec.gov/Archives/edgar/data/1646972/000164697218000017/0001646972-18-000017-index.htm", "finalLink": "https://www.sec.gov/Archives/edgar/data/1646972/000164697218000017/acify1710-k.htm", "calculatedOtherExpenses": 142300000, "calculatedOperatingExpenses": 16366000000, "calculatedNetInterest": -874800000, "calculatedOtherIncome": -37800000, "calculatedIncomeNonControlling": 0, "calculatedEbitda": 1893200000}, {"date": "2016-12-31", "symbol": "ACI", "reportedCurrency": "USD", "cik": "0001646972", "fillingDate": "2017-02-28", "acceptedDate": "2017-02-27 19:00:00", "calendarYear": "2016", "period": "FY", "revenue": 59678200000, "costOfRevenue": 43037700000, "grossProfit": 16640500000, "grossProfitRatio": 0.2788371633, "researchAndDevelopmentExpenses": 0, "generalAndAdministrativeExpenses": 0, "sellingAndMarketingExpenses": 0, "sellingGeneralAndAdministrativeExpenses": 16000000000, "otherExpenses": 0, "operatingExpenses": 16000000000, "costAndExpenses": 59037700000, "interestIncome": 0, "interestExpense": 1003800000, "depreciationAndAmortization": 1804800000, "ebitda": 2445300000, "ebitdaratio": 0.0409747613, "operatingIncome": 640500000, "operatingIncomeRatio": 0.0107325623, "totalOtherIncomeExpensesNet": -100300000, "incomeBeforeTax": -463600000, "incomeBeforeTaxRatio": -0.0077683308, "incomeTaxExpense": -90300000, "netIncome": -373300000, "netIncomeRatio": -0.0062552155, "eps": -0.66, "epsdiluted": -0.64, "weightedAverageShsOut": 568000000, "weightedAverageShsOutDil": 583700000, "link": "", "finalLink": "", "calculatedOtherExpenses": 0, "calculatedOperatingExpenses": 16000000000, "calculatedNetInterest": -1003800000, "calculatedOtherIncome": -100300000, "calculatedIncomeNonControlling": 0, "calculatedEbitda": 2445300000}, {"date": "2015-12-31", "symbol": "ACI", "reportedCurrency": "USD", "cik": "0001646972", "fillingDate": "2016-02-29", "acceptedDate": "2016-02-28 19:00:00", "calendarYear": "2015", "period": "FY", "revenue": 58734000000, "costOfRevenue": 42672300000, "grossProfit": 16061700000, "grossProfitRatio": 0.2734651139, "researchAndDevelopmentExpenses": 0, "generalAndAdministrativeExpenses": 0, "sellingAndMarketingExpenses": 15660000000, "sellingGeneralAndAdministrativeExpenses": 15660000000, "otherExpenses": 0, "operatingExpenses": 15660000000, "costAndExpenses": 58332300000, "interestIncome": 0, "interestExpense": -950500000, "depreciationAndAmortization": 1613700000, "ebitda": 2008400000, "ebitdaratio": 0.0341948446, "operatingIncome": 401700000, "operatingIncomeRatio": 0.0068393094, "totalOtherIncomeExpensesNet": 7000000, "incomeBeforeTax": -541800000, "incomeBeforeTaxRatio": -0.0092246399, "incomeTaxExpense": -39600000, "netIncome": -502200000, "netIncomeRatio": -0.0085504137, "eps": -0.88, "epsdiluted": -0.86, "weightedAverageShsOut": 568000000, "weightedAverageShsOutDil": 583700000, "link": "", "finalLink": "", "calculatedOtherExpenses": 0, "calculatedOperatingExpenses": 15660000000, "calculatedNetInterest": 950500000, "calculatedOtherIncome": -1894000000, "calculatedIncomeNonControlling": 0, "calculatedEbitda": 2015400000}, {"date": "2014-12-31", "symbol": "ACI", "reportedCurrency": "USD", "cik": "0001646972", "fillingDate": "2015-02-28", "acceptedDate": "2015-02-27 19:00:00", "calendarYear": "2014", "period": "FY", "revenue": 27198600000, "costOfRevenue": 19695800000, "grossProfit": 7502800000, "grossProfitRatio": 0.2758524336, "researchAndDevelopmentExpenses": 0, "generalAndAdministrativeExpenses": 0, "sellingAndMarketingExpenses": 8152200000, "sellingGeneralAndAdministrativeExpenses": 8152200000, "otherExpenses": 0, "operatingExpenses": 8152200000, "costAndExpenses": 27848000000, "interestIncome": 0, "interestExpense": 633200000, "depreciationAndAmortization": 718100000, "ebitda": 68700000, "ebitdaratio": 0.0025258653, "operatingIncome": -649400000, "operatingIncomeRatio": -0.0238762289, "totalOtherIncomeExpensesNet": -96000000, "incomeBeforeTax": -1378600000, "incomeBeforeTaxRatio": -0.0506864324, "incomeTaxExpense": -153400000, "netIncome": -1225200000, "netIncomeRatio": -0.0450464362, "eps": -2.16, "epsdiluted": -2.1, "weightedAverageShsOut": 568000000, "weightedAverageShsOutDil": 583700000, "link": "", "finalLink": "", "calculatedOtherExpenses": 0, "calculatedOperatingExpenses": 8152200000, "calculatedNetInterest": -633200000, "calculatedOtherIncome": -96000000, "calculatedIncomeNonControlling": 0, "calculatedEbitda": 68700000}, {"date": "2013-12-31", "symbol": "ACI", "reportedCurrency": "USD", "cik": "0001646972", "fillingDate": "2014-02-28", "acceptedDate": "2014-02-27 19:00:00", "calendarYear": "2013", "period": "FY", "revenue": 20054700000, "costOfRevenue": 14655700000, "grossProfit": 5399000000, "grossProfitRatio": 0.2692137005, "researchAndDevelopmentExpenses": 0, "generalAndAdministrativeExpenses": 0, "sellingAndMarketingExpenses": 5874100000, "sellingGeneralAndAdministrativeExpenses": 5874100000, "otherExpenses": 0, "operatingExpenses": 5874100000, "costAndExpenses": 20529800000, "interestIncome": 0, "interestExpense": -390100000, "depreciationAndAmortization": 676400000, "ebitda": -1804400000, "ebitdaratio": -0.0899739213, "operatingIncome": 1530600000, "operatingIncomeRatio": 0.0763212614, "totalOtherIncomeExpensesNet": 2005700000, "incomeBeforeTax": 1140500000, "incomeBeforeTaxRatio": 0.056869462, "incomeTaxExpense": -572600000, "netIncome": 1732600000, "netIncomeRatio": 0.0863937132, "eps": 3.05, "epsdiluted": 2.97, "weightedAverageShsOut": 568000000, "weightedAverageShsOutDil": 583700000, "link": "", "finalLink": "", "calculatedOtherExpenses": -2005700000, "calculatedOperatingExpenses": 3868400000, "calculatedNetInterest": 390100000, "calculatedOtherIncome": -780200000, "calculatedIncomeNonControlling": -19500000, "calculatedEbitda": 2207000000}, {"date": "2012-12-31", "symbol": "ACI", "reportedCurrency": "USD", "cik": "0001646972", "fillingDate": "2013-02-28", "acceptedDate": "2013-02-27 19:00:00", "calendarYear": "2012", "period": "FY", "revenue": 3712000000, "costOfRevenue": 2774300000, "grossProfit": 937700000, "grossProfitRatio": 0.2526131466, "researchAndDevelopmentExpenses": 0, "generalAndAdministrativeExpenses": 0, "sellingAndMarketingExpenses": 899000000, "sellingGeneralAndAdministrativeExpenses": 899000000, "otherExpenses": 0, "operatingExpenses": 899000000, "costAndExpenses": 3673300000, "interestIncome": 0, "interestExpense": 7200000, "depreciationAndAmortization": 16900000, "ebitda": 55600000, "ebitdaratio": 0.0149784483, "operatingIncome": 38700000, "operatingIncomeRatio": 0.0104256466, "totalOtherIncomeExpensesNet": -7200000, "incomeBeforeTax": 31500000, "incomeBeforeTaxRatio": 0.0084859914, "incomeTaxExpense": 1700000, "netIncome": 79000000, "netIncomeRatio": 0.0212823276, "eps": 0.14, "epsdiluted": 0.14, "weightedAverageShsOut": 568000000, "weightedAverageShsOutDil": 583700000, "link": "", "finalLink": "", "calculatedOtherExpenses": 0, "calculatedOperatingExpenses": 899000000, "calculatedNetInterest": -7200000, "calculatedOtherIncome": 0, "calculatedIncomeNonControlling": -49200000, "calculatedEbitda": 55600000}]}