{"originalCurrency": "USD", "convertedCurrency": "USD", "report": [{"date": "2023-12-31", "symbol": "ACIW", "reportedCurrency": "USD", "cik": "0000935036", "fillingDate": "2024-02-29", "acceptedDate": "2024-02-29 11:32:29", "calendarYear": "2023", "period": "FY", "revenue": 1452579000, "costOfRevenue": 841584000, "grossProfit": 610995000, "grossProfitRatio": 0.4206277249, "researchAndDevelopmentExpenses": 140758000, "generalAndAdministrativeExpenses": 117190000, "sellingAndMarketingExpenses": 132639000, "sellingGeneralAndAdministrativeExpenses": 247229000, "otherExpenses": -8510000, "operatingExpenses": 387987000, "costAndExpenses": 1229571000, "interestIncome": 14215000, "interestExpense": 78486000, "depreciationAndAmortization": 133993000, "ebitda": 357001000, "ebitdaratio": 0.2457704538, "operatingIncome": 223008000, "operatingIncomeRatio": 0.153525557, "totalOtherIncomeExpensesNet": -75381000, "incomeBeforeTax": 147627000, "incomeBeforeTaxRatio": 0.1016309612, "incomeTaxExpense": 26118000, "netIncome": 121509000, "netIncomeRatio": 0.0836505278, "eps": 1.12, "epsdiluted": 1.12, "weightedAverageShsOut": 108497000, "weightedAverageShsOutDil": 108857000, "link": "https://www.sec.gov/Archives/edgar/data/935036/000093503624000007/0000935036-24-000007-index.htm", "finalLink": "https://www.sec.gov/Archives/edgar/data/935036/000093503624000007/aciw-20231231.htm", "calculatedOtherExpenses": 0, "calculatedOperatingExpenses": 387987000, "calculatedNetInterest": -64271000, "calculatedOtherIncome": -11110000, "calculatedIncomeNonControlling": 0, "calculatedEbitda": 357001000}, {"date": "2022-12-31", "symbol": "ACIW", "reportedCurrency": "USD", "cik": "0000935036", "fillingDate": "2023-03-01", "acceptedDate": "2023-03-01 10:59:20", "calendarYear": "2022", "period": "FY", "revenue": 1421901000, "costOfRevenue": 696071000, "grossProfit": 725830000, "grossProfitRatio": 0.5104645119, "researchAndDevelopmentExpenses": 146311000, "generalAndAdministrativeExpenses": 114194000, "sellingAndMarketingExpenses": 134812000, "sellingGeneralAndAdministrativeExpenses": 249006000, "otherExpenses": 126678000, "operatingExpenses": 521995000, "costAndExpenses": 1218066000, "interestIncome": 12547000, "interestExpense": 53193000, "depreciationAndAmortization": 194357000, "ebitda": 398192000, "ebitdaratio": 0.2800420001, "operatingIncome": 203835000, "operatingIncomeRatio": 0.1433538622, "totalOtherIncomeExpensesNet": 2800000, "incomeBeforeTax": 206635000, "incomeBeforeTaxRatio": 0.1453230569, "incomeTaxExpense": 64458000, "netIncome": 142177000, "netIncomeRatio": 0.099990787, "eps": 1.25, "epsdiluted": 1.24, "weightedAverageShsOut": 113700000, "weightedAverageShsOutDil": 114238000, "link": "https://www.sec.gov/Archives/edgar/data/935036/000093503623000009/0000935036-23-000009-index.htm", "finalLink": "https://www.sec.gov/Archives/edgar/data/935036/000093503623000009/aciw-20221231.htm", "calculatedOtherExpenses": 126678000, "calculatedOperatingExpenses": 521995000, "calculatedNetInterest": -40646000, "calculatedOtherIncome": 43446000, "calculatedIncomeNonControlling": 0, "calculatedEbitda": 398192000}, {"date": "2021-12-31", "symbol": "ACIW", "reportedCurrency": "USD", "cik": "0000935036", "fillingDate": "2022-02-24", "acceptedDate": "2022-02-24 15:55:33", "calendarYear": "2021", "period": "FY", "revenue": 1370598000, "costOfRevenue": 638871000, "grossProfit": 731727000, "grossProfitRatio": 0.5338742651, "researchAndDevelopmentExpenses": 144310000, "generalAndAdministrativeExpenses": 123801000, "sellingAndMarketingExpenses": 126539000, "sellingGeneralAndAdministrativeExpenses": 250340000, "otherExpenses": 127180000, "operatingExpenses": 521830000, "costAndExpenses": 1160701000, "interestIncome": 11522000, "interestExpense": 45060000, "depreciationAndAmortization": 154136000, "ebitda": 364033000, "ebitdaratio": 0.2656015841, "operatingIncome": 209897000, "operatingIncomeRatio": 0.1531426428, "totalOtherIncomeExpensesNet": -34832000, "incomeBeforeTax": 175065000, "incomeBeforeTaxRatio": 0.1277289183, "incomeTaxExpense": 47274000, "netIncome": 127791000, "netIncomeRatio": 0.0932374044, "eps": 1.09, "epsdiluted": 1.08, "weightedAverageShsOut": 117407000, "weightedAverageShsOutDil": 118647000, "link": "https://www.sec.gov/Archives/edgar/data/935036/000093503622000010/0000935036-22-000010-index.htm", "finalLink": "https://www.sec.gov/Archives/edgar/data/935036/000093503622000010/aciw-20211231.htm", "calculatedOtherExpenses": 127180000, "calculatedOperatingExpenses": 521830000, "calculatedNetInterest": -33538000, "calculatedOtherIncome": -1294000, "calculatedIncomeNonControlling": 0, "calculatedEbitda": 364033000}, {"date": "2020-12-31", "symbol": "ACIW", "reportedCurrency": "USD", "cik": "0000935036", "fillingDate": "2021-02-25", "acceptedDate": "2021-02-25 13:12:40", "calendarYear": "2020", "period": "FY", "revenue": 1294322000, "costOfRevenue": 622459000, "grossProfit": 671863000, "grossProfitRatio": 0.5190848954, "researchAndDevelopmentExpenses": 139293000, "generalAndAdministrativeExpenses": 152468000, "sellingAndMarketingExpenses": 103567000, "sellingGeneralAndAdministrativeExpenses": 256035000, "otherExpenses": 131791000, "operatingExpenses": 527119000, "costAndExpenses": 1149578000, "interestIncome": 11628000, "interestExpense": 56630000, "depreciationAndAmortization": 174276000, "ebitda": 319020000, "ebitdaratio": 0.2464765337, "operatingIncome": 144744000, "operatingIncomeRatio": 0.1118299774, "totalOtherIncomeExpensesNet": -46118000, "incomeBeforeTax": 98626000, "incomeBeforeTaxRatio": 0.0761989675, "incomeTaxExpense": 25966000, "netIncome": 72660000, "netIncomeRatio": 0.056137499, "eps": 0.62, "epsdiluted": 0.62, "weightedAverageShsOut": 116397000, "weightedAverageShsOutDil": 118079000, "link": "https://www.sec.gov/Archives/edgar/data/935036/000093503621000014/0000935036-21-000014-index.htm", "finalLink": "https://www.sec.gov/Archives/edgar/data/935036/000093503621000014/aciw-20201231.htm", "calculatedOtherExpenses": 131791000, "calculatedOperatingExpenses": 527119000, "calculatedNetInterest": -45002000, "calculatedOtherIncome": -1116000, "calculatedIncomeNonControlling": 0, "calculatedEbitda": 319020000}, {"date": "2019-12-31", "symbol": "ACIW", "reportedCurrency": "USD", "cik": "0000935036", "fillingDate": "2020-02-27", "acceptedDate": "2020-02-27 15:12:05", "calendarYear": "2019", "period": "FY", "revenue": 1258294000, "costOfRevenue": 617453000, "grossProfit": 640841000, "grossProfitRatio": 0.5092935355, "researchAndDevelopmentExpenses": 146573000, "generalAndAdministrativeExpenses": 135296000, "sellingAndMarketingExpenses": 123684000, "sellingGeneralAndAdministrativeExpenses": 258980000, "otherExpenses": 111532000, "operatingExpenses": 517085000, "costAndExpenses": 1134538000, "interestIncome": 11967000, "interestExpense": 64033000, "depreciationAndAmortization": 150990000, "ebitda": 274746000, "ebitdaratio": 0.2183480172, "operatingIncome": 123756000, "operatingIncomeRatio": 0.0983522134, "totalOtherIncomeExpensesNet": -51546000, "incomeBeforeTax": 72210000, "incomeBeforeTaxRatio": 0.0573872243, "incomeTaxExpense": 5148000, "netIncome": 67062000, "netIncomeRatio": 0.0532959706, "eps": 0.58, "epsdiluted": 0.57, "weightedAverageShsOut": 116175000, "weightedAverageShsOutDil": 118571000, "link": "https://www.sec.gov/Archives/edgar/data/935036/000093503620000009/0000935036-20-000009-index.htm", "finalLink": "https://www.sec.gov/Archives/edgar/data/935036/000093503620000009/aciw-20191231x10k.htm", "calculatedOtherExpenses": 111532000, "calculatedOperatingExpenses": 517085000, "calculatedNetInterest": -52066000, "calculatedOtherIncome": 520000, "calculatedIncomeNonControlling": 0, "calculatedEbitda": 274746000}, {"date": "2018-12-31", "symbol": "ACIW", "reportedCurrency": "USD", "cik": "0000935036", "fillingDate": "2019-03-01", "acceptedDate": "2019-02-28 19:21:09", "calendarYear": "2018", "period": "FY", "revenue": 1009780000, "costOfRevenue": 430351000, "grossProfit": 579429000, "grossProfitRatio": 0.5738170691, "researchAndDevelopmentExpenses": 143630000, "generalAndAdministrativeExpenses": 107422000, "sellingAndMarketingExpenses": 117881000, "sellingGeneralAndAdministrativeExpenses": 225303000, "otherExpenses": -3724000, "operatingExpenses": 453518000, "costAndExpenses": 883869000, "interestIncome": 11142000, "interestExpense": 41530000, "depreciationAndAmortization": 97350000, "ebitda": 230679000, "ebitdaratio": 0.2284448098, "operatingIncome": 125911000, "operatingIncomeRatio": 0.124691517, "totalOtherIncomeExpensesNet": -3724000, "incomeBeforeTax": 91799000, "incomeBeforeTaxRatio": 0.0909099012, "incomeTaxExpense": 22878000, "netIncome": 68921000, "netIncomeRatio": 0.068253481, "eps": 0.59, "epsdiluted": 0.59, "weightedAverageShsOut": 116057000, "weightedAverageShsOutDil": 117632000, "link": "https://www.sec.gov/Archives/edgar/data/935036/000119312519058622/0001193125-19-058622-index.htm", "finalLink": "https://www.sec.gov/Archives/edgar/data/935036/000119312519058622/d675313d10k.htm", "calculatedOtherExpenses": 84585000, "calculatedOperatingExpenses": 453518000, "calculatedNetInterest": -30388000, "calculatedOtherIncome": -3724000, "calculatedIncomeNonControlling": 0, "calculatedEbitda": 223261000}, {"date": "2017-12-31", "symbol": "ACIW", "reportedCurrency": "USD", "cik": "0000935036", "fillingDate": "2018-02-27", "acceptedDate": "2018-02-27 12:35:25", "calendarYear": "2017", "period": "FY", "revenue": 1024191000, "costOfRevenue": 452286000, "grossProfit": 571905000, "grossProfitRatio": 0.5583968225, "researchAndDevelopmentExpenses": 136921000, "generalAndAdministrativeExpenses": 153032000, "sellingAndMarketingExpenses": 107885000, "sellingGeneralAndAdministrativeExpenses": 260917000, "otherExpenses": -2619000, "operatingExpenses": 487265000, "costAndExpenses": 939551000, "interestIncome": 564000, "interestExpense": 39013000, "depreciationAndAmortization": 102224000, "ebitda": 184809000, "ebitdaratio": 0.180443882, "operatingIncome": 84640000, "operatingIncomeRatio": 0.0826408355, "totalOtherIncomeExpensesNet": -2619000, "incomeBeforeTax": 43572000, "incomeBeforeTaxRatio": 0.042542846, "incomeTaxExpense": 38437000, "netIncome": 5135000, "netIncomeRatio": 0.0050137133, "eps": 0.04, "epsdiluted": 0.04, "weightedAverageShsOut": 118059000, "weightedAverageShsOutDil": 119444000, "link": "https://www.sec.gov/Archives/edgar/data/935036/000119312518060188/0001193125-18-060188-index.htm", "finalLink": "https://www.sec.gov/Archives/edgar/data/935036/000119312518060188/d527277d10k.htm", "calculatedOtherExpenses": 89427000, "calculatedOperatingExpenses": 487265000, "calculatedNetInterest": -38449000, "calculatedOtherIncome": -2619000, "calculatedIncomeNonControlling": 0, "calculatedEbitda": 186864000}, {"date": "2016-12-31", "symbol": "ACIW", "reportedCurrency": "USD", "cik": "0000935036", "fillingDate": "2017-03-01", "acceptedDate": "2017-03-01 16:15:26", "calendarYear": "2016", "period": "FY", "revenue": 1005701000, "costOfRevenue": 444914000, "grossProfit": 560787000, "grossProfitRatio": 0.5576080764, "researchAndDevelopmentExpenses": 169900000, "generalAndAdministrativeExpenses": 113617000, "sellingAndMarketingExpenses": 118082000, "sellingGeneralAndAdministrativeExpenses": 231699000, "otherExpenses": 4105000, "operatingExpenses": 491120000, "costAndExpenses": 936034000, "interestIncome": 530000, "interestExpense": 40184000, "depreciationAndAmortization": 103454000, "ebitda": 177756000, "ebitdaratio": 0.1767483576, "operatingIncome": 221130000, "operatingIncomeRatio": 0.2198764842, "totalOtherIncomeExpensesNet": 155568000, "incomeBeforeTax": 185581000, "incomeBeforeTaxRatio": 0.1845290002, "incomeTaxExpense": 56046000, "netIncome": 129535000, "netIncomeRatio": 0.1288007072, "eps": 1.1, "epsdiluted": 1.09, "weightedAverageShsOut": 117533000, "weightedAverageShsOutDil": 118847000, "link": "https://www.sec.gov/Archives/edgar/data/935036/000119312517065734/0001193125-17-065734-index.htm", "finalLink": "https://www.sec.gov/Archives/edgar/data/935036/000119312517065734/d295784d10k.htm", "calculatedOtherExpenses": -61942000, "calculatedOperatingExpenses": 339657000, "calculatedNetInterest": -39654000, "calculatedOtherIncome": 4105000, "calculatedIncomeNonControlling": 0, "calculatedEbitda": 324584000}, {"date": "2015-12-31", "symbol": "ACIW", "reportedCurrency": "USD", "cik": "0000935036", "fillingDate": "2016-02-26", "acceptedDate": "2016-02-26 14:37:04", "calendarYear": "2015", "period": "FY", "revenue": 1045977000, "costOfRevenue": 472299000, "grossProfit": 573678000, "grossProfitRatio": 0.5484613906, "researchAndDevelopmentExpenses": 145924000, "generalAndAdministrativeExpenses": 87419000, "sellingAndMarketingExpenses": 129407000, "sellingGeneralAndAdministrativeExpenses": 216826000, "otherExpenses": 26411000, "operatingExpenses": 445730000, "costAndExpenses": 918029000, "interestIncome": 386000, "interestExpense": 41372000, "depreciationAndAmortization": 97431000, "ebitda": 252176000, "ebitdaratio": 0.2410913433, "operatingIncome": 127948000, "operatingIncomeRatio": 0.1223239134, "totalOtherIncomeExpensesNet": 26411000, "incomeBeforeTax": 113373000, "incomeBeforeTaxRatio": 0.1083895726, "incomeTaxExpense": 27937000, "netIncome": 85436000, "netIncomeRatio": 0.0816805723, "eps": 0.73, "epsdiluted": 0.72, "weightedAverageShsOut": 117465000, "weightedAverageShsOutDil": 118919000, "link": "https://www.sec.gov/Archives/edgar/data/935036/000119312516481404/0001193125-16-481404-index.htm", "finalLink": "https://www.sec.gov/Archives/edgar/data/935036/000119312516481404/d102846d10k.htm", "calculatedOtherExpenses": 82980000, "calculatedOperatingExpenses": 445730000, "calculatedNetInterest": -40986000, "calculatedOtherIncome": 26411000, "calculatedIncomeNonControlling": 0, "calculatedEbitda": 225379000}, {"date": "2014-12-31", "symbol": "ACIW", "reportedCurrency": "USD", "cik": "0000935036", "fillingDate": "2015-02-26", "acceptedDate": "2015-02-26 15:21:16", "calendarYear": "2014", "period": "FY", "revenue": 1016149000, "costOfRevenue": 454756000, "grossProfit": 561393000, "grossProfitRatio": 0.5524711435, "researchAndDevelopmentExpenses": 144207000, "generalAndAdministrativeExpenses": 95065000, "sellingAndMarketingExpenses": 112047000, "sellingGeneralAndAdministrativeExpenses": 207112000, "otherExpenses": -240000, "operatingExpenses": 423221000, "costAndExpenses": 877977000, "interestIncome": 575000, "interestExpense": 39738000, "depreciationAndAmortization": 86683000, "ebitda": 225190000, "ebitdaratio": 0.2216112007, "operatingIncome": 138172000, "operatingIncomeRatio": 0.1359761216, "totalOtherIncomeExpensesNet": -240000, "incomeBeforeTax": 98769000, "incomeBeforeTaxRatio": 0.0971993281, "incomeTaxExpense": 31209000, "netIncome": 67560000, "netIncomeRatio": 0.0664863125, "eps": 0.59, "epsdiluted": 0.58, "weightedAverageShsOut": 114798000, "weightedAverageShsOutDil": 116771000, "link": "https://www.sec.gov/Archives/edgar/data/935036/000119312515065399/0001193125-15-065399-index.htm", "finalLink": "https://www.sec.gov/Archives/edgar/data/935036/000119312515065399/d837470d10k.htm", "calculatedOtherExpenses": 71902000, "calculatedOperatingExpenses": 423221000, "calculatedNetInterest": -39163000, "calculatedOtherIncome": -240000, "calculatedIncomeNonControlling": 0, "calculatedEbitda": 224855000}, {"date": "2013-12-31", "symbol": "ACIW", "reportedCurrency": "USD", "cik": "0000935036", "fillingDate": "2014-02-28", "acceptedDate": "2014-02-28 13:33:10", "calendarYear": "2013", "period": "FY", "revenue": 864928000, "costOfRevenue": 343839000, "grossProfit": 521089000, "grossProfitRatio": 0.6024651763, "researchAndDevelopmentExpenses": 142557000, "generalAndAdministrativeExpenses": 99300000, "sellingAndMarketingExpenses": 99828000, "sellingGeneralAndAdministrativeExpenses": 199128000, "otherExpenses": -3327000, "operatingExpenses": 398041000, "costAndExpenses": 741880000, "interestIncome": 659000, "interestExpense": 27221000, "depreciationAndAmortization": 69967000, "ebitda": 190347000, "ebitdaratio": 0.2200726534, "operatingIncome": 123048000, "operatingIncomeRatio": 0.1422638647, "totalOtherIncomeExpensesNet": -3327000, "incomeBeforeTax": 93159000, "incomeBeforeTaxRatio": 0.1077072311, "incomeTaxExpense": 29291000, "netIncome": 63868000, "netIncomeRatio": 0.0738419845, "eps": 0.54, "epsdiluted": 0.53, "weightedAverageShsOut": 117885000, "weightedAverageShsOutDil": 120054000, "link": "https://www.sec.gov/Archives/edgar/data/935036/000119312514076222/0001193125-14-076222-index.htm", "finalLink": "https://www.sec.gov/Archives/edgar/data/935036/000119312514076222/d638415d10k.htm", "calculatedOtherExpenses": 56356000, "calculatedOperatingExpenses": 398041000, "calculatedNetInterest": -26562000, "calculatedOtherIncome": -3327000, "calculatedIncomeNonControlling": 0, "calculatedEbitda": 193015000}, {"date": "2012-12-31", "symbol": "ACIW", "reportedCurrency": "USD", "cik": "0000935036", "fillingDate": "2013-03-01", "acceptedDate": "2013-03-01 15:14:41", "calendarYear": "2012", "period": "FY", "revenue": 666579000, "costOfRevenue": 225644000, "grossProfit": 440935000, "grossProfitRatio": 0.6614894859, "researchAndDevelopmentExpenses": 133759000, "generalAndAdministrativeExpenses": 108747000, "sellingAndMarketingExpenses": 87054000, "sellingGeneralAndAdministrativeExpenses": 195801000, "otherExpenses": -408000, "operatingExpenses": 366563000, "costAndExpenses": 592207000, "interestIncome": 914000, "interestExpense": 10417000, "depreciationAndAmortization": 50781000, "ebitda": 125659000, "ebitdaratio": 0.1885132895, "operatingIncome": 74372000, "operatingIncomeRatio": 0.1115726718, "totalOtherIncomeExpensesNet": 399000, "incomeBeforeTax": 65268000, "incomeBeforeTaxRatio": 0.0979148758, "incomeTaxExpense": 16422000, "netIncome": 48846000, "netIncomeRatio": 0.0732786361, "eps": 0.42, "epsdiluted": 0.41, "weightedAverageShsOut": 116089000, "weightedAverageShsOutDil": 119716000, "link": "https://www.sec.gov/Archives/edgar/data/935036/000119312513087445/0001193125-13-087445-index.htm", "finalLink": "https://www.sec.gov/Archives/edgar/data/935036/000119312513087445/d447652d10k.htm", "calculatedOtherExpenses": 37003000, "calculatedOperatingExpenses": 366563000, "calculatedNetInterest": -9503000, "calculatedOtherIncome": 399000, "calculatedIncomeNonControlling": 0, "calculatedEbitda": 125153000}, {"date": "2011-12-31", "symbol": "ACIW", "reportedCurrency": "USD", "cik": "0000935036", "fillingDate": "2012-02-22", "acceptedDate": "2012-02-22 13:44:59", "calendarYear": "2011", "period": "FY", "revenue": 465095000, "costOfRevenue": 134284000, "grossProfit": 330811000, "grossProfitRatio": 0.7112761909, "researchAndDevelopmentExpenses": 90176000, "generalAndAdministrativeExpenses": 71425000, "sellingAndMarketingExpenses": 80922000, "sellingGeneralAndAdministrativeExpenses": 152347000, "otherExpenses": 22057000, "operatingExpenses": 264580000, "costAndExpenses": 398864000, "interestIncome": 1315000, "interestExpense": 2431000, "depreciationAndAmortization": 28377000, "ebitda": 95923000, "ebitdaratio": 0.2062438857, "operatingIncome": 66231000, "operatingIncomeRatio": 0.1424031649, "totalOtherIncomeExpensesNet": -802000, "incomeBeforeTax": 64313000, "incomeBeforeTaxRatio": 0.1382792763, "incomeTaxExpense": 18461000, "netIncome": 45852000, "netIncomeRatio": 0.0985863103, "eps": 0.46, "epsdiluted": 0.45, "weightedAverageShsOut": 100371000, "weightedAverageShsOutDil": 102585000, "link": "https://www.sec.gov/Archives/edgar/data/935036/000119312512072292/0001193125-12-072292-index.htm", "finalLink": "https://www.sec.gov/Archives/edgar/data/935036/000119312512072292/d270873d10k.htm", "calculatedOtherExpenses": 22057000, "calculatedOperatingExpenses": 264580000, "calculatedNetInterest": -1116000, "calculatedOtherIncome": -802000, "calculatedIncomeNonControlling": 0, "calculatedEbitda": 94608000}, {"date": "2010-12-31", "symbol": "ACIW", "reportedCurrency": "USD", "cik": "0000935036", "fillingDate": "2011-02-18", "acceptedDate": "2011-02-18 14:47:14", "calendarYear": "2010", "period": "FY", "revenue": 418424000, "costOfRevenue": 129723000, "grossProfit": 288701000, "grossProfitRatio": 0.6899723725, "researchAndDevelopmentExpenses": 74076000, "generalAndAdministrativeExpenses": 70096000, "sellingAndMarketingExpenses": 70553000, "sellingGeneralAndAdministrativeExpenses": 140649000, "otherExpenses": 20328000, "operatingExpenses": 235053000, "costAndExpenses": 364776000, "interestIncome": 665000, "interestExpense": 1996000, "depreciationAndAmortization": 26347000, "ebitda": 80660000, "ebitdaratio": 0.1927709692, "operatingIncome": 53648000, "operatingIncomeRatio": 0.1282144428, "totalOtherIncomeExpensesNet": -3615000, "incomeBeforeTax": 48702000, "incomeBeforeTaxRatio": 0.1163938971, "incomeTaxExpense": 21507000, "netIncome": 27195000, "netIncomeRatio": 0.0649938818, "eps": 0.27, "epsdiluted": 0.27, "weightedAverageShsOut": 100680000, "weightedAverageShsOutDil": 101610000, "link": "https://www.sec.gov/Archives/edgar/data/935036/000095012311015619/0000950123-11-015619-index.htm", "finalLink": "https://www.sec.gov/Archives/edgar/data/935036/000095012311015619/c62063e10vk.htm", "calculatedOtherExpenses": 20328000, "calculatedOperatingExpenses": 235053000, "calculatedNetInterest": -1331000, "calculatedOtherIncome": -3615000, "calculatedIncomeNonControlling": 0, "calculatedEbitda": 79995000}, {"date": "2009-12-31", "symbol": "ACIW", "reportedCurrency": "USD", "cik": "0000935036", "fillingDate": "2010-02-26", "acceptedDate": "2010-02-26 16:13:49", "calendarYear": "2009", "period": "FY", "revenue": 405755000, "costOfRevenue": 127647000, "grossProfit": 278108000, "grossProfitRatio": 0.6854086826, "researchAndDevelopmentExpenses": 77506000, "generalAndAdministrativeExpenses": 79244000, "sellingAndMarketingExpenses": 61799000, "sellingGeneralAndAdministrativeExpenses": 141043000, "otherExpenses": 17989000, "operatingExpenses": 236538000, "costAndExpenses": 364185000, "interestIncome": 1042000, "interestExpense": 2856000, "depreciationAndAmortization": 23727000, "ebitda": 66339000, "ebitdaratio": 0.1634952126, "operatingIncome": 41570000, "operatingIncomeRatio": 0.1024509864, "totalOtherIncomeExpensesNet": -6648000, "incomeBeforeTax": 33108000, "incomeBeforeTaxRatio": 0.081596037, "incomeTaxExpense": 13482000, "netIncome": 19626000, "netIncomeRatio": 0.0483690897, "eps": 0.19, "epsdiluted": 0.19, "weightedAverageShsOut": 103104000, "weightedAverageShsOutDil": 103662000, "link": "https://www.sec.gov/Archives/edgar/data/935036/000095012310018148/0000950123-10-018148-index.htm", "finalLink": "https://www.sec.gov/Archives/edgar/data/935036/000095012310018148/c55806e10vk.htm", "calculatedOtherExpenses": 17989000, "calculatedOperatingExpenses": 236538000, "calculatedNetInterest": -1814000, "calculatedOtherIncome": -6648000, "calculatedIncomeNonControlling": 0, "calculatedEbitda": 65297000}, {"date": "2008-12-31", "symbol": "ACIW", "reportedCurrency": "USD", "cik": "0000935036", "fillingDate": "2009-03-04", "acceptedDate": "2009-03-04 06:38:07", "calendarYear": "2008", "period": "FY", "revenue": 417653000, "costOfRevenue": 170231000, "grossProfit": 247422000, "grossProfitRatio": 0.592410446, "researchAndDevelopmentExpenses": 45896000, "generalAndAdministrativeExpenses": 105785000, "sellingAndMarketingExpenses": 74028000, "sellingGeneralAndAdministrativeExpenses": 179813000, "otherExpenses": 0, "operatingExpenses": 225709000, "costAndExpenses": 395940000, "interestIncome": 2609000, "interestExpense": 5013000, "depreciationAndAmortization": 22050000, "ebitda": 46372000, "ebitdaratio": 0.1110299699, "operatingIncome": 21713000, "operatingIncomeRatio": 0.0519881337, "totalOtherIncomeExpensesNet": 8247000, "incomeBeforeTax": 27556000, "incomeBeforeTaxRatio": 0.0659782164, "incomeTaxExpense": 16974000, "netIncome": 10582000, "netIncomeRatio": 0.0253368227, "eps": 0.1, "epsdiluted": 0.1, "weightedAverageShsOut": 103494000, "weightedAverageShsOutDil": 104385000, "link": "https://www.sec.gov/Archives/edgar/data/935036/000095012309003964/0000950123-09-003964-index.htm", "finalLink": "https://www.sec.gov/Archives/edgar/data/935036/000095012309003964/c49321e10vk.htm", "calculatedOtherExpenses": 0, "calculatedOperatingExpenses": 225709000, "calculatedNetInterest": -2404000, "calculatedOtherIncome": 8247000, "calculatedIncomeNonControlling": 0, "calculatedEbitda": 43763000}, {"date": "2007-09-30", "symbol": "ACIW", "reportedCurrency": "USD", "cik": "0000935036", "fillingDate": "2008-01-30", "acceptedDate": "2008-01-30 13:22:22", "calendarYear": "2007", "period": "FY", "revenue": 366218000, "costOfRevenue": 140842000, "grossProfit": 225376000, "grossProfitRatio": 0.6154148622, "researchAndDevelopmentExpenses": 52088000, "generalAndAdministrativeExpenses": 100589000, "sellingAndMarketingExpenses": 70280000, "sellingGeneralAndAdministrativeExpenses": 170869000, "otherExpenses": 0, "operatingExpenses": 222957000, "costAndExpenses": 363799000, "interestIncome": 4082000, "interestExpense": 6644000, "depreciationAndAmortization": 20839000, "ebitda": 26998000, "ebitdaratio": 0.0737211169, "operatingIncome": 2419000, "operatingIncomeRatio": 0.0066053553, "totalOtherIncomeExpensesNet": -3740000, "incomeBeforeTax": -3883000, "incomeBeforeTaxRatio": -0.0106029742, "incomeTaxExpense": 5248000, "netIncome": -9131000, "netIncomeRatio": -0.0249332365, "eps": -0.0824, "epsdiluted": -0.0824, "weightedAverageShsOut": 110799000, "weightedAverageShsOutDil": 110799000, "link": "https://www.sec.gov/Archives/edgar/data/935036/000104746908000679/0001047469-08-000679-index.htm", "finalLink": "https://www.sec.gov/Archives/edgar/data/935036/000104746908000679/a2182282z10-k.htm", "calculatedOtherExpenses": 0, "calculatedOperatingExpenses": 222957000, "calculatedNetInterest": -2562000, "calculatedOtherIncome": -3740000, "calculatedIncomeNonControlling": 0, "calculatedEbitda": 23258000}, {"date": "2006-09-30", "symbol": "ACIW", "reportedCurrency": "USD", "cik": "0000935036", "fillingDate": "2007-05-11", "acceptedDate": "2007-05-11 14:57:59", "calendarYear": "2006", "period": "FY", "revenue": 347902000, "costOfRevenue": 110746000, "grossProfit": 237156000, "grossProfitRatio": 0.6816747245, "researchAndDevelopmentExpenses": 40768000, "generalAndAdministrativeExpenses": 67440000, "sellingAndMarketingExpenses": 66720000, "sellingGeneralAndAdministrativeExpenses": 134160000, "otherExpenses": 8450000, "operatingExpenses": 183378000, "costAndExpenses": 294124000, "interestIncome": 7825000, "interestExpense": 185000, "depreciationAndAmortization": 8361000, "ebitda": 71132000, "ebitdaratio": 0.2044598766, "operatingIncome": 53778000, "operatingIncomeRatio": 0.1545780133, "totalOtherIncomeExpensesNet": -8993000, "incomeBeforeTax": 60875000, "incomeBeforeTaxRatio": 0.1749774362, "incomeTaxExpense": 5510000, "netIncome": 55365000, "netIncomeRatio": 0.1591396428, "eps": 0.49, "epsdiluted": 0.48, "weightedAverageShsOut": 112107000, "weightedAverageShsOutDil": 114711000, "link": "https://www.sec.gov/Archives/edgar/data/935036/000110465907038871/0001104659-07-038871-index.htm", "finalLink": "https://www.sec.gov/Archives/edgar/data/935036/000110465907038871/a07-8157_110k.htm", "calculatedOtherExpenses": 8450000, "calculatedOperatingExpenses": 183378000, "calculatedNetInterest": 7640000, "calculatedOtherIncome": -543000, "calculatedIncomeNonControlling": 0, "calculatedEbitda": 62139000}, {"date": "2005-09-30", "symbol": "ACIW", "reportedCurrency": "USD", "cik": "0000935036", "fillingDate": "2005-12-14", "acceptedDate": "2005-12-14 12:32:53", "calendarYear": "2005", "period": "FY", "revenue": 313237000, "costOfRevenue": 84984000, "grossProfit": 228253000, "grossProfitRatio": 0.728691055, "researchAndDevelopmentExpenses": 39686000, "generalAndAdministrativeExpenses": 58512000, "sellingAndMarketingExpenses": 65600000, "sellingGeneralAndAdministrativeExpenses": 124112000, "otherExpenses": 0, "operatingExpenses": 163798000, "costAndExpenses": 248782000, "interestIncome": 3843000, "interestExpense": -510000, "depreciationAndAmortization": 5180000, "ebitda": 71316000, "ebitdaratio": 0.227674253, "operatingIncome": 64455000, "operatingIncomeRatio": 0.2057707104, "totalOtherIncomeExpensesNet": -1681000, "incomeBeforeTax": 66107000, "incomeBeforeTaxRatio": 0.2110446722, "incomeTaxExpense": 22861000, "netIncome": 43246000, "netIncomeRatio": 0.1380615955, "eps": 0.38, "epsdiluted": 0.37, "weightedAverageShsOut": 113046000, "weightedAverageShsOutDil": 115521000, "link": "https://www.sec.gov/Archives/edgar/data/935036/000110465905060720/0001104659-05-060720-index.htm", "finalLink": "https://www.sec.gov/Archives/edgar/data/935036/000110465905060720/a05-21094_110k.htm", "calculatedOtherExpenses": 0, "calculatedOperatingExpenses": 163798000, "calculatedNetInterest": 4353000, "calculatedOtherIncome": -2701000, "calculatedIncomeNonControlling": 0, "calculatedEbitda": 69635000}, {"date": "2004-09-30", "symbol": "ACIW", "reportedCurrency": "USD", "cik": "0000935036", "fillingDate": "2004-12-14", "acceptedDate": "2004-12-14 14:21:53", "calendarYear": "2004", "period": "FY", "revenue": 292784000, "costOfRevenue": 82376000, "grossProfit": 210408000, "grossProfitRatio": 0.7186458276, "researchAndDevelopmentExpenses": 38007000, "generalAndAdministrativeExpenses": 56478000, "sellingAndMarketingExpenses": 61109000, "sellingGeneralAndAdministrativeExpenses": 117587000, "otherExpenses": 0, "operatingExpenses": 155594000, "costAndExpenses": 237970000, "interestIncome": 1762000, "interestExpense": -1435000, "depreciationAndAmortization": 6571000, "ebitda": 59091000, "ebitdaratio": 0.2018245533, "operatingIncome": 54814000, "operatingIncomeRatio": 0.1872165146, "totalOtherIncomeExpensesNet": 2294000, "incomeBeforeTax": 57435000, "incomeBeforeTaxRatio": 0.1961685065, "incomeTaxExpense": 10750000, "netIncome": 46685000, "netIncomeRatio": 0.1594520192, "eps": 0.42, "epsdiluted": 0.4, "weightedAverageShsOut": 111003000, "weightedAverageShsOutDil": 114351000, "link": "https://www.sec.gov/Archives/edgar/data/935036/000110465904039486/0001104659-04-039486-index.htm", "finalLink": "https://www.sec.gov/Archives/edgar/data/935036/000110465904039486/a04-14366_110k.htm", "calculatedOtherExpenses": 0, "calculatedOperatingExpenses": 155594000, "calculatedNetInterest": 3197000, "calculatedOtherIncome": -576000, "calculatedIncomeNonControlling": 0, "calculatedEbitda": 61385000}, {"date": "2003-09-30", "symbol": "ACIW", "reportedCurrency": "USD", "cik": "0000935036", "fillingDate": "2003-12-23", "acceptedDate": "2003-12-23 17:03:58", "calendarYear": "2003", "period": "FY", "revenue": 277291000, "costOfRevenue": 86850000, "grossProfit": 190441000, "grossProfitRatio": 0.6867911328, "researchAndDevelopmentExpenses": 35373000, "generalAndAdministrativeExpenses": 56037000, "sellingAndMarketingExpenses": 54482000, "sellingGeneralAndAdministrativeExpenses": 110519000, "otherExpenses": 9290000, "operatingExpenses": 155182000, "costAndExpenses": 242032000, "interestIncome": 1211000, "interestExpense": 2998000, "depreciationAndAmortization": 9039000, "ebitda": 53448000, "ebitdaratio": 0.1927505761, "operatingIncome": 35259000, "operatingIncomeRatio": 0.1271552268, "totalOtherIncomeExpensesNet": -9150000, "incomeBeforeTax": 33612000, "incomeBeforeTaxRatio": 0.1212156182, "incomeTaxExpense": 19287000, "netIncome": 14325000, "netIncomeRatio": 0.0516605299, "eps": 0.13, "epsdiluted": 0.13, "weightedAverageShsOut": 106674000, "weightedAverageShsOutDil": 107166000, "link": "https://www.sec.gov/Archives/edgar/data/935036/000104746903041844/0001047469-03-041844-index.htm", "finalLink": "https://www.sec.gov/Archives/edgar/data/935036/000104746903041844/a2124969z10-k.htm", "calculatedOtherExpenses": 9290000, "calculatedOperatingExpenses": 155182000, "calculatedNetInterest": -1787000, "calculatedOtherIncome": 140000, "calculatedIncomeNonControlling": 0, "calculatedEbitda": 44298000}, {"date": "2002-09-30", "symbol": "ACIW", "reportedCurrency": "USD", "cik": "0000935036", "fillingDate": "2003-01-13", "acceptedDate": "2003-01-13 17:20:58", "calendarYear": "2002", "period": "FY", "revenue": 282829000, "costOfRevenue": 91694000, "grossProfit": 191135000, "grossProfitRatio": 0.6757970364, "researchAndDevelopmentExpenses": 35029000, "generalAndAdministrativeExpenses": 53770000, "sellingAndMarketingExpenses": 59145000, "sellingGeneralAndAdministrativeExpenses": 112915000, "otherExpenses": 1524000, "operatingExpenses": 149468000, "costAndExpenses": 241162000, "interestIncome": 1667000, "interestExpense": 5596000, "depreciationAndAmortization": 15885000, "ebitda": 59102000, "ebitdaratio": 0.2089672558, "operatingIncome": 41667000, "operatingIncomeRatio": 0.1473222336, "totalOtherIncomeExpensesNet": -1550000, "incomeBeforeTax": 37712000, "incomeBeforeTaxRatio": 0.133338519, "incomeTaxExpense": 22443000, "netIncome": 15269000, "netIncomeRatio": 0.0539866845, "eps": 0.14, "epsdiluted": 0.14, "weightedAverageShsOut": 105978000, "weightedAverageShsOutDil": 106716000, "link": "https://www.sec.gov/Archives/edgar/data/935036/000104746903001177/0001047469-03-001177-index.htm", "finalLink": "https://www.sec.gov/Archives/edgar/data/935036/000104746903001177/a2100230z10-k.htm", "calculatedOtherExpenses": 1524000, "calculatedOperatingExpenses": 149468000, "calculatedNetInterest": -3929000, "calculatedOtherIncome": -26000, "calculatedIncomeNonControlling": 0, "calculatedEbitda": 57552000}, {"date": "2001-09-30", "symbol": "ACIW", "reportedCurrency": "USD", "cik": "0000935036", "fillingDate": "2001-12-27", "acceptedDate": "2001-12-27 00:00:00", "calendarYear": "2001", "period": "FY", "revenue": 299801000, "costOfRevenue": 116956000, "grossProfit": 182845000, "grossProfitRatio": 0.6098878923, "researchAndDevelopmentExpenses": 40528000, "generalAndAdministrativeExpenses": 77008000, "sellingAndMarketingExpenses": 76273000, "sellingGeneralAndAdministrativeExpenses": 153281000, "otherExpenses": 13933000, "operatingExpenses": 207742000, "costAndExpenses": 324698000, "interestIncome": 4397000, "interestExpense": 2004000, "depreciationAndAmortization": 38528000, "ebitda": 35938000, "ebitdaratio": 0.119872849, "operatingIncome": -24897000, "operatingIncomeRatio": -0.0830450866, "totalOtherIncomeExpensesNet": -22307000, "incomeBeforeTax": -44811000, "incomeBeforeTaxRatio": -0.1494691479, "incomeTaxExpense": -1794000, "netIncome": -43017000, "netIncomeRatio": -0.1434851785, "eps": -0.42, "epsdiluted": -0.42, "weightedAverageShsOut": 102348000, "weightedAverageShsOutDil": 102348000, "link": "https://www.sec.gov/Archives/edgar/data/935036/000091205701544724/0000912057-01-544724-index.htm", "finalLink": "https://www.sec.gov/Archives/edgar/data/935036/000091205701544724/a2066371z10-k.htm", "calculatedOtherExpenses": 13933000, "calculatedOperatingExpenses": 207742000, "calculatedNetInterest": 2393000, "calculatedOtherIncome": -22307000, "calculatedIncomeNonControlling": 0, "calculatedEbitda": 13631000}, {"date": "2000-09-30", "symbol": "ACIW", "reportedCurrency": "USD", "cik": "0000935036", "fillingDate": "2000-12-29", "acceptedDate": "2000-12-29 00:00:00", "calendarYear": "2000", "period": "FY", "revenue": 303565000, "costOfRevenue": 95423000, "grossProfit": 208142000, "grossProfitRatio": 0.6856587551, "researchAndDevelopmentExpenses": 38832000, "generalAndAdministrativeExpenses": 62416000, "sellingAndMarketingExpenses": 75539000, "sellingGeneralAndAdministrativeExpenses": 137955000, "otherExpenses": 29613000, "operatingExpenses": 206400000, "costAndExpenses": 301823000, "interestIncome": 3481000, "interestExpense": 912000, "depreciationAndAmortization": 29613000, "ebitda": 32073000, "ebitdaratio": 0.1056544727, "operatingIncome": 1742000, "operatingIncomeRatio": 0.0057384745, "totalOtherIncomeExpensesNet": -718000, "incomeBeforeTax": 3593000, "incomeBeforeTaxRatio": 0.0118360154, "incomeTaxExpense": 1482000, "netIncome": 2111000, "netIncomeRatio": 0.0069540296, "eps": 0.0233, "epsdiluted": 0.0233, "weightedAverageShsOut": 95232000, "weightedAverageShsOutDil": 96351000, "link": "https://www.sec.gov/Archives/edgar/data/935036/000091205700055165/0000912057-00-055165-index.htm", "finalLink": "https://www.sec.gov/Archives/edgar/data/935036/000091205700055165/a2034137z10-k.htm", "calculatedOtherExpenses": 29613000, "calculatedOperatingExpenses": 206400000, "calculatedNetInterest": 2569000, "calculatedOtherIncome": -718000, "calculatedIncomeNonControlling": 0, "calculatedEbitda": 31355000}, {"date": "1999-09-30", "symbol": "ACIW", "reportedCurrency": "USD", "cik": "0000935036", "fillingDate": "1999-12-29", "acceptedDate": "1999-12-29 00:00:00", "calendarYear": "1999", "period": "FY", "revenue": 354800000, "costOfRevenue": 99600000, "grossProfit": 255200000, "grossProfitRatio": 0.7192784667, "researchAndDevelopmentExpenses": 34600000, "generalAndAdministrativeExpenses": 0, "sellingAndMarketingExpenses": 0, "sellingGeneralAndAdministrativeExpenses": 128800000, "otherExpenses": 21500000, "operatingExpenses": 184900000, "costAndExpenses": 284500000, "interestIncome": 2900000, "interestExpense": 400000, "depreciationAndAmortization": 21500000, "ebitda": 92700000, "ebitdaratio": 0.2612739572, "operatingIncome": 70300000, "operatingIncomeRatio": 0.1981397971, "totalOtherIncomeExpensesNet": -900000, "incomeBeforeTax": 71900000, "incomeBeforeTaxRatio": 0.2026493799, "incomeTaxExpense": 27200000, "netIncome": 44700000, "netIncomeRatio": 0.1259864713, "eps": 0.47, "epsdiluted": 0.46, "weightedAverageShsOut": 95001000, "weightedAverageShsOutDil": 97089000, "link": "https://www.sec.gov/Archives/edgar/data/935036/000091205799010927/0000912057-99-010927-index.html", "finalLink": "https://www.sec.gov/Archives/edgar/data/935036/000091205799010927/", "calculatedOtherExpenses": 21500000, "calculatedOperatingExpenses": 184900000, "calculatedNetInterest": 2500000, "calculatedOtherIncome": -900000, "calculatedIncomeNonControlling": 0, "calculatedEbitda": 91800000}, {"date": "1998-09-30", "symbol": "ACIW", "reportedCurrency": "USD", "cik": "0000935036", "fillingDate": "1998-12-23", "acceptedDate": "1998-12-23 00:00:00", "calendarYear": "1998", "period": "FY", "revenue": 289800000, "costOfRevenue": 89900000, "grossProfit": 199900000, "grossProfitRatio": 0.6897860594, "researchAndDevelopmentExpenses": 25400000, "generalAndAdministrativeExpenses": 0, "sellingAndMarketingExpenses": 0, "sellingGeneralAndAdministrativeExpenses": 112000000, "otherExpenses": 11400000, "operatingExpenses": 148800000, "costAndExpenses": 238700000, "interestIncome": 0, "interestExpense": 200000, "depreciationAndAmortization": 11400000, "ebitda": 62000000, "ebitdaratio": 0.2139406487, "operatingIncome": 51100000, "operatingIncomeRatio": 0.1763285024, "totalOtherIncomeExpensesNet": 500000, "incomeBeforeTax": 51300000, "incomeBeforeTaxRatio": 0.1770186335, "incomeTaxExpense": 19500000, "netIncome": 31800000, "netIncomeRatio": 0.1097308489, "eps": 0.35, "epsdiluted": 0.34, "weightedAverageShsOut": 90894000, "weightedAverageShsOutDil": 93579000, "link": "https://www.sec.gov/Archives/edgar/data/935036/000104746998045015/0001047469-98-045015-index.html", "finalLink": "https://www.sec.gov/Archives/edgar/data/935036/", "calculatedOtherExpenses": 11400000, "calculatedOperatingExpenses": 148800000, "calculatedNetInterest": -200000, "calculatedOtherIncome": 400000, "calculatedIncomeNonControlling": 0, "calculatedEbitda": 62500000}, {"date": "1997-09-30", "symbol": "ACIW", "reportedCurrency": "USD", "cik": "0000935036", "fillingDate": "1997-12-23", "acceptedDate": "1997-12-23 00:00:00", "calendarYear": "1997", "period": "FY", "revenue": 215500000, "costOfRevenue": 68000000, "grossProfit": 147500000, "grossProfitRatio": 0.6844547564, "researchAndDevelopmentExpenses": 0, "generalAndAdministrativeExpenses": 0, "sellingAndMarketingExpenses": 0, "sellingGeneralAndAdministrativeExpenses": 100900000, "otherExpenses": 9900000, "operatingExpenses": 110800000, "costAndExpenses": 178800000, "interestIncome": 0, "interestExpense": 0, "depreciationAndAmortization": 9900000, "ebitda": 45200000, "ebitdaratio": 0.2097447796, "operatingIncome": 36700000, "operatingIncomeRatio": 0.1703016241, "totalOtherIncomeExpensesNet": 1400000, "incomeBeforeTax": 37900000, "incomeBeforeTaxRatio": 0.1758700696, "incomeTaxExpense": 14300000, "netIncome": 23600000, "netIncomeRatio": 0.109512761, "eps": 0.28, "epsdiluted": 0.27, "weightedAverageShsOut": 96000000, "weightedAverageShsOutDil": 99512195, "link": "https://www.sec.gov/Archives/edgar/data/935036/000104746997008736/0001047469-97-008736-index.html", "finalLink": "https://www.sec.gov/Archives/edgar/data/935036/", "calculatedOtherExpenses": 9900000, "calculatedOperatingExpenses": 110800000, "calculatedNetInterest": 0, "calculatedOtherIncome": 1200000, "calculatedIncomeNonControlling": 0, "calculatedEbitda": 46600000}, {"date": "1996-09-30", "symbol": "ACIW", "reportedCurrency": "USD", "cik": "0000935036", "fillingDate": "1996-12-24", "acceptedDate": "1996-12-24 00:00:00", "calendarYear": "1996", "period": "FY", "revenue": 159800000, "costOfRevenue": 53000000, "grossProfit": 106800000, "grossProfitRatio": 0.6683354193, "researchAndDevelopmentExpenses": 14500000, "generalAndAdministrativeExpenses": 0, "sellingAndMarketingExpenses": 0, "sellingGeneralAndAdministrativeExpenses": 60700000, "otherExpenses": 10300000, "operatingExpenses": 85500000, "costAndExpenses": 138500000, "interestIncome": 0, "interestExpense": 200000, "depreciationAndAmortization": 10300000, "ebitda": 31000000, "ebitdaratio": 0.1939924906, "operatingIncome": 21300000, "operatingIncomeRatio": 0.1332916145, "totalOtherIncomeExpensesNet": 600000, "incomeBeforeTax": 21800000, "incomeBeforeTaxRatio": 0.1364205257, "incomeTaxExpense": 9200000, "netIncome": 12600000, "netIncomeRatio": 0.0788485607, "eps": 0.17, "epsdiluted": 0.16, "weightedAverageShsOut": 91200000, "weightedAverageShsOutDil": 95000000, "link": "https://www.sec.gov/Archives/edgar/data/935036/000091205796030078/0000912057-96-030078-index.html", "finalLink": "https://www.sec.gov/Archives/edgar/data/935036/", "calculatedOtherExpenses": 10300000, "calculatedOperatingExpenses": 85500000, "calculatedNetInterest": -200000, "calculatedOtherIncome": 700000, "calculatedIncomeNonControlling": 0, "calculatedEbitda": 31600000}, {"date": "1995-09-30", "symbol": "ACIW", "reportedCurrency": "USD", "cik": "0000935036", "fillingDate": "1995-09-30", "acceptedDate": "1995-09-30 00:00:00", "calendarYear": "1995", "period": "FY", "revenue": 114900000, "costOfRevenue": 37000000, "grossProfit": 77900000, "grossProfitRatio": 0.6779808529, "researchAndDevelopmentExpenses": 0, "generalAndAdministrativeExpenses": 0, "sellingAndMarketingExpenses": 0, "sellingGeneralAndAdministrativeExpenses": 59300000, "otherExpenses": 8900000, "operatingExpenses": 68200000, "costAndExpenses": 105200000, "interestIncome": 0, "interestExpense": 1700000, "depreciationAndAmortization": 8900000, "ebitda": 17800000, "ebitdaratio": 0.1549173194, "operatingIncome": 9700000, "operatingIncomeRatio": 0.0844212359, "totalOtherIncomeExpensesNet": 800000, "incomeBeforeTax": 8900000, "incomeBeforeTaxRatio": 0.0774586597, "incomeTaxExpense": 2300000, "netIncome": 3800000, "netIncomeRatio": 0.0330722367, "eps": 0.0533, "epsdiluted": 0.0533, "weightedAverageShsOut": 71250000, "weightedAverageShsOutDil": 71250000, "link": null, "finalLink": null, "calculatedOtherExpenses": 8900000, "calculatedOperatingExpenses": 68200000, "calculatedNetInterest": -1700000, "calculatedOtherIncome": 900000, "calculatedIncomeNonControlling": 2800000, "calculatedEbitda": 18600000}, {"date": "1994-09-30", "symbol": "ACIW", "reportedCurrency": "USD", "cik": "0000935036", "fillingDate": "1994-09-30", "acceptedDate": "1994-09-30 00:00:00", "calendarYear": "1994", "period": "FY", "revenue": 74100000, "costOfRevenue": 32800000, "grossProfit": 41300000, "grossProfitRatio": 0.5573549258, "researchAndDevelopmentExpenses": 0, "generalAndAdministrativeExpenses": 0, "sellingAndMarketingExpenses": 0, "sellingGeneralAndAdministrativeExpenses": 62700000, "otherExpenses": 7600000, "operatingExpenses": 70300000, "costAndExpenses": 103100000, "interestIncome": 0, "interestExpense": 3000000, "depreciationAndAmortization": 7600000, "ebitda": -22000000, "ebitdaratio": -0.2968960864, "operatingIncome": -29000000, "operatingIncomeRatio": -0.3913630229, "totalOtherIncomeExpensesNet": 600000, "incomeBeforeTax": -31500000, "incomeBeforeTaxRatio": -0.4251012146, "incomeTaxExpense": 2000000, "netIncome": -33500000, "netIncomeRatio": -0.4520917679, "eps": -0.5, "epsdiluted": -0.5, "weightedAverageShsOut": 67000000, "weightedAverageShsOutDil": 67000000, "link": null, "finalLink": null, "calculatedOtherExpenses": 7600000, "calculatedOperatingExpenses": 70300000, "calculatedNetInterest": -3000000, "calculatedOtherIncome": 500000, "calculatedIncomeNonControlling": 0, "calculatedEbitda": -21400000}]}