{"originalCurrency": "USD", "convertedCurrency": "USD", "report": [{"date": "2023-12-31", "symbol": "ACLS", "reportedCurrency": "USD", "cik": "0001113232", "fillingDate": "2024-02-23", "acceptedDate": "2024-02-23 17:19:56", "calendarYear": "2023", "period": "FY", "revenue": 1130604000, "costOfRevenue": 639303000, "grossProfit": 491301000, "grossProfitRatio": 0.4345473747, "researchAndDevelopmentExpenses": 96907000, "generalAndAdministrativeExpenses": 65794000, "sellingAndMarketingExpenses": 62805000, "sellingGeneralAndAdministrativeExpenses": 128598999, "otherExpenses": -48000, "operatingExpenses": 225506000, "costAndExpenses": 864809000, "interestIncome": 18199000, "interestExpense": 5347000, "depreciationAndAmortization": 13069000, "ebitda": 278864000, "ebitdaratio": 0.2466504629, "operatingIncome": 265795000, "operatingIncomeRatio": 0.2350911548, "totalOtherIncomeExpensesNet": 12803999, "incomeBeforeTax": 278599000, "incomeBeforeTaxRatio": 0.2464160749, "incomeTaxExpense": 32336000, "netIncome": 246263000, "netIncomeRatio": 0.2178154332, "eps": 7.52, "epsdiluted": 7.43, "weightedAverageShsOut": 32758000, "weightedAverageShsOutDil": 33165000, "link": "https://www.sec.gov/Archives/edgar/data/1113232/000155837024001628/0001558370-24-001628-index.htm", "finalLink": "https://www.sec.gov/Archives/edgar/data/1113232/000155837024001628/acls-20231231x10k.htm", "calculatedOtherExpenses": 1, "calculatedOperatingExpenses": 225506000, "calculatedNetInterest": 12852000, "calculatedOtherIncome": -48000, "calculatedIncomeNonControlling": 0, "calculatedEbitda": 278864000}, {"date": "2022-12-31", "symbol": "ACLS", "reportedCurrency": "USD", "cik": "0001113232", "fillingDate": "2023-02-24", "acceptedDate": "2023-02-24 12:44:49", "calendarYear": "2022", "period": "FY", "revenue": 919998000, "costOfRevenue": 518208000, "grossProfit": 401790000, "grossProfitRatio": 0.4367292103, "researchAndDevelopmentExpenses": 78356000, "generalAndAdministrativeExpenses": 57474000, "sellingAndMarketingExpenses": 53599000, "sellingGeneralAndAdministrativeExpenses": 111073000, "otherExpenses": -6451000, "operatingExpenses": 189429000, "costAndExpenses": 707637000, "interestIncome": 4551000, "interestExpense": 5576000, "depreciationAndAmortization": -1900000, "ebitda": 210461000, "ebitdaratio": 0.2287624538, "operatingIncome": 212361000, "operatingIncomeRatio": 0.2308276757, "totalOtherIncomeExpensesNet": -7476000, "incomeBeforeTax": 204885000, "incomeBeforeTaxRatio": 0.2227015711, "incomeTaxExpense": 21806000, "netIncome": 183079000, "netIncomeRatio": 0.1989993457, "eps": 5.54, "epsdiluted": 5.46, "weightedAverageShsOut": 33043000, "weightedAverageShsOutDil": 33542000, "link": "https://www.sec.gov/Archives/edgar/data/1113232/000155837023002006/0001558370-23-002006-index.htm", "finalLink": "https://www.sec.gov/Archives/edgar/data/1113232/000155837023002006/acls-20221231x10k.htm", "calculatedOtherExpenses": 0, "calculatedOperatingExpenses": 189429000, "calculatedNetInterest": -1025000, "calculatedOtherIncome": -6451000, "calculatedIncomeNonControlling": 0, "calculatedEbitda": 210461000}, {"date": "2021-12-31", "symbol": "ACLS", "reportedCurrency": "USD", "cik": "0001113232", "fillingDate": "2022-02-25", "acceptedDate": "2022-02-25 12:41:09", "calendarYear": "2021", "period": "FY", "revenue": 662428000, "costOfRevenue": 375983000, "grossProfit": 286445000, "grossProfitRatio": 0.4324168061, "researchAndDevelopmentExpenses": 65431000, "generalAndAdministrativeExpenses": 46141000, "sellingAndMarketingExpenses": 47548000, "sellingGeneralAndAdministrativeExpenses": 93689000, "otherExpenses": -2271000, "operatingExpenses": 159120000, "costAndExpenses": 535103000, "interestIncome": 209000, "interestExpense": 4835000, "depreciationAndAmortization": -2062000, "ebitda": 125263000, "ebitdaratio": 0.1890967773, "operatingIncome": 127325000, "operatingIncomeRatio": 0.1922095684, "totalOtherIncomeExpensesNet": -6897000, "incomeBeforeTax": 120428000, "incomeBeforeTaxRatio": 0.1817978709, "incomeTaxExpense": 21778000, "netIncome": 98650000, "netIncomeRatio": 0.1489218451, "eps": 2.94, "epsdiluted": 2.88, "weightedAverageShsOut": 33555000, "weightedAverageShsOutDil": 34268000, "link": "https://www.sec.gov/Archives/edgar/data/1113232/000155837022002096/0001558370-22-002096-index.htm", "finalLink": "https://www.sec.gov/Archives/edgar/data/1113232/000155837022002096/acls-20211231x10k.htm", "calculatedOtherExpenses": 0, "calculatedOperatingExpenses": 159120000, "calculatedNetInterest": -4626000, "calculatedOtherIncome": -2271000, "calculatedIncomeNonControlling": 0, "calculatedEbitda": 125263000}, {"date": "2020-12-31", "symbol": "ACLS", "reportedCurrency": "USD", "cik": "0001113232", "fillingDate": "2021-02-26", "acceptedDate": "2021-02-26 14:06:44", "calendarYear": "2020", "period": "FY", "revenue": 474560000, "costOfRevenue": 275976000, "grossProfit": 198584000, "grossProfitRatio": 0.4184592043, "researchAndDevelopmentExpenses": 61833000, "generalAndAdministrativeExpenses": 39964000, "sellingAndMarketingExpenses": 38746000, "sellingGeneralAndAdministrativeExpenses": 78710000, "otherExpenses": 2318000, "operatingExpenses": 140543000, "costAndExpenses": 416519000, "interestIncome": 738000, "interestExpense": 5211000, "depreciationAndAmortization": 3056000, "ebitda": 61097000, "ebitdaratio": 0.1287445212, "operatingIncome": 58041000, "operatingIncomeRatio": 0.1223048719, "totalOtherIncomeExpensesNet": -2155000, "incomeBeforeTax": 55886000, "incomeBeforeTaxRatio": 0.1177638233, "incomeTaxExpense": 5904000, "netIncome": 49982000, "netIncomeRatio": 0.1053228254, "eps": 1.5, "epsdiluted": 1.46, "weightedAverageShsOut": 33256999, "weightedAverageShsOutDil": 34128000, "link": "https://www.sec.gov/Archives/edgar/data/1113232/000155837021001972/0001558370-21-001972-index.htm", "finalLink": "https://www.sec.gov/Archives/edgar/data/1113232/000155837021001972/acls-20201231x10k.htm", "calculatedOtherExpenses": 0, "calculatedOperatingExpenses": 140543000, "calculatedNetInterest": -4473000, "calculatedOtherIncome": 2318000, "calculatedIncomeNonControlling": 0, "calculatedEbitda": 61097000}, {"date": "2019-12-31", "symbol": "ACLS", "reportedCurrency": "USD", "cik": "0001113232", "fillingDate": "2020-03-02", "acceptedDate": "2020-03-02 14:08:32", "calendarYear": "2019", "period": "FY", "revenue": 342958000, "costOfRevenue": 198806000, "grossProfit": 144152000, "grossProfitRatio": 0.4203196893, "researchAndDevelopmentExpenses": 53931000, "generalAndAdministrativeExpenses": 31726000, "sellingAndMarketingExpenses": 34290000, "sellingGeneralAndAdministrativeExpenses": 66016000, "otherExpenses": -1083000, "operatingExpenses": 119947000, "costAndExpenses": 318753000, "interestIncome": 2955000, "interestExpense": 5155000, "depreciationAndAmortization": 7880000, "ebitda": 26077000, "ebitdaratio": 0.0760355495, "operatingIncome": 18197000, "operatingIncomeRatio": 0.0530589752, "totalOtherIncomeExpensesNet": 2725000, "incomeBeforeTax": 20922000, "incomeBeforeTaxRatio": 0.0610045545, "incomeTaxExpense": 3888000, "netIncome": 17034000, "netIncomeRatio": 0.0496678894, "eps": 0.52, "epsdiluted": 0.5, "weightedAverageShsOut": 32558999, "weightedAverageShsOutDil": 33828000, "link": "https://www.sec.gov/Archives/edgar/data/1113232/000155837020001858/0001558370-20-001858-index.htm", "finalLink": "https://www.sec.gov/Archives/edgar/data/1113232/000155837020001858/acls-20191231x10k.htm", "calculatedOtherExpenses": 6008000, "calculatedOperatingExpenses": 125955000, "calculatedNetInterest": -2200000, "calculatedOtherIncome": 4925000, "calculatedIncomeNonControlling": 0, "calculatedEbitda": 26077000}, {"date": "2018-12-31", "symbol": "ACLS", "reportedCurrency": "USD", "cik": "0001113232", "fillingDate": "2019-03-11", "acceptedDate": "2019-03-11 17:18:36", "calendarYear": "2018", "period": "FY", "revenue": 442575000, "costOfRevenue": 262939000, "grossProfit": 179636000, "grossProfitRatio": 0.4058882675, "researchAndDevelopmentExpenses": 51876000, "generalAndAdministrativeExpenses": 33193000, "sellingAndMarketingExpenses": 34608000, "sellingGeneralAndAdministrativeExpenses": 67801000, "otherExpenses": -2472000, "operatingExpenses": 119677000, "costAndExpenses": 382616000, "interestIncome": 2328000, "interestExpense": 5110000, "depreciationAndAmortization": 5772000, "ebitda": 59815000, "ebitdaratio": 0.1351522341, "operatingIncome": 59959000, "operatingIncomeRatio": 0.1354776027, "totalOtherIncomeExpensesNet": -2472000, "incomeBeforeTax": 54705000, "incomeBeforeTaxRatio": 0.1236061684, "incomeTaxExpense": 8820000, "netIncome": 45885000, "netIncomeRatio": 0.1036773428, "eps": 1.35, "epsdiluted": 1.35, "weightedAverageShsOut": 33988888, "weightedAverageShsOutDil": 34002000, "link": "https://www.sec.gov/Archives/edgar/data/1113232/000155837019001791/0001558370-19-001791-index.htm", "finalLink": "https://www.sec.gov/Archives/edgar/data/1113232/000155837019001791/acls-20181231x10k.htm", "calculatedOtherExpenses": 0, "calculatedOperatingExpenses": 119677000, "calculatedNetInterest": -2782000, "calculatedOtherIncome": -2472000, "calculatedIncomeNonControlling": 0, "calculatedEbitda": 65731000}, {"date": "2017-12-31", "symbol": "ACLS", "reportedCurrency": "USD", "cik": "0001113232", "fillingDate": "2018-03-14", "acceptedDate": "2018-03-14 16:31:42", "calendarYear": "2017", "period": "FY", "revenue": 410561000, "costOfRevenue": 260314000, "grossProfit": 150247000, "grossProfitRatio": 0.3659553635, "researchAndDevelopmentExpenses": 43071000, "generalAndAdministrativeExpenses": 30802000, "sellingAndMarketingExpenses": 28532000, "sellingGeneralAndAdministrativeExpenses": 59334000, "otherExpenses": 396000, "operatingExpenses": 102405000, "costAndExpenses": 362719000, "interestIncome": 714000, "interestExpense": 5121000, "depreciationAndAmortization": 5002000, "ebitda": 48952000, "ebitdaratio": 0.1192319777, "operatingIncome": 47842000, "operatingIncomeRatio": 0.11652836, "totalOtherIncomeExpensesNet": 396000, "incomeBeforeTax": 43831000, "incomeBeforeTaxRatio": 0.1067588008, "incomeTaxExpense": -83128000, "netIncome": 126959000, "netIncomeRatio": 0.3092329763, "eps": 4.11, "epsdiluted": 3.8, "weightedAverageShsOut": 30866000, "weightedAverageShsOutDil": 33436000, "link": "https://www.sec.gov/Archives/edgar/data/1113232/000155837018002060/0001558370-18-002060-index.htm", "finalLink": "https://www.sec.gov/Archives/edgar/data/1113232/000155837018002060/acls-20171231x10k.htm", "calculatedOtherExpenses": 0, "calculatedOperatingExpenses": 102405000, "calculatedNetInterest": -4407000, "calculatedOtherIncome": 396000, "calculatedIncomeNonControlling": 0, "calculatedEbitda": 52844000}, {"date": "2016-12-31", "symbol": "ACLS", "reportedCurrency": "USD", "cik": "0001113232", "fillingDate": "2017-03-14", "acceptedDate": "2017-03-14 17:15:11", "calendarYear": "2016", "period": "FY", "revenue": 266980000, "costOfRevenue": 167382000, "grossProfit": 99598000, "grossProfitRatio": 0.3730541614, "researchAndDevelopmentExpenses": 34402000, "generalAndAdministrativeExpenses": 24452000, "sellingAndMarketingExpenses": 23839000, "sellingGeneralAndAdministrativeExpenses": 48291000, "otherExpenses": -764000, "operatingExpenses": 82693000, "costAndExpenses": 250075000, "interestIncome": 238000, "interestExpense": 5073000, "depreciationAndAmortization": 4258000, "ebitda": 16379000, "ebitdaratio": 0.0613491647, "operatingIncome": 16623000, "operatingIncomeRatio": 0.0622630909, "totalOtherIncomeExpensesNet": -1046000, "incomeBeforeTax": 11024000, "incomeBeforeTaxRatio": 0.0412914825, "incomeTaxExpense": 23000, "netIncome": 11001000, "netIncomeRatio": 0.0412053337, "eps": 0.38, "epsdiluted": 0.36, "weightedAverageShsOut": 29195000, "weightedAverageShsOutDil": 30947000, "link": "https://www.sec.gov/Archives/edgar/data/1113232/000155837017001778/0001558370-17-001778-index.htm", "finalLink": "https://www.sec.gov/Archives/edgar/data/1113232/000155837017001778/acls-20161231x10k.htm", "calculatedOtherExpenses": 282000, "calculatedOperatingExpenses": 82975000, "calculatedNetInterest": -4835000, "calculatedOtherIncome": -764000, "calculatedIncomeNonControlling": 0, "calculatedEbitda": 20881000}, {"date": "2015-12-31", "symbol": "ACLS", "reportedCurrency": "USD", "cik": "0001113232", "fillingDate": "2016-03-04", "acceptedDate": "2016-03-04 16:55:38", "calendarYear": "2015", "period": "FY", "revenue": 301495000, "costOfRevenue": 199789000, "grossProfit": 101706000, "grossProfitRatio": 0.3373389277, "researchAndDevelopmentExpenses": 32586000, "generalAndAdministrativeExpenses": 25059000, "sellingAndMarketingExpenses": 23325000, "sellingGeneralAndAdministrativeExpenses": 48384000, "otherExpenses": -601000, "operatingExpenses": 80970000, "costAndExpenses": 280759000, "interestIncome": 64000, "interestExpense": 4976000, "depreciationAndAmortization": 4869000, "ebitda": 20199000, "ebitdaratio": 0.0669961359, "operatingIncome": 20718000, "operatingIncomeRatio": 0.0687175575, "totalOtherIncomeExpensesNet": -619000, "incomeBeforeTax": 15205000, "incomeBeforeTaxRatio": 0.0504320138, "incomeTaxExpense": 527000, "netIncome": 14678000, "netIncomeRatio": 0.0486840578, "eps": 0.52, "epsdiluted": 0.48, "weightedAverageShsOut": 28594500, "weightedAverageShsOutDil": 30229000, "link": "https://www.sec.gov/Archives/edgar/data/1113232/000104746916010788/0001047469-16-010788-index.htm", "finalLink": "https://www.sec.gov/Archives/edgar/data/1113232/000104746916010788/a2227592z10-k.htm", "calculatedOtherExpenses": 18000, "calculatedOperatingExpenses": 80988000, "calculatedNetInterest": -4912000, "calculatedOtherIncome": -601000, "calculatedIncomeNonControlling": 0, "calculatedEbitda": 25587000}, {"date": "2014-12-31", "symbol": "ACLS", "reportedCurrency": "USD", "cik": "0001113232", "fillingDate": "2015-03-11", "acceptedDate": "2015-03-11 16:59:06", "calendarYear": "2014", "period": "FY", "revenue": 203051000, "costOfRevenue": 132887000, "grossProfit": 70164000, "grossProfitRatio": 0.3455486553, "researchAndDevelopmentExpenses": 33533000, "generalAndAdministrativeExpenses": 23958000, "sellingAndMarketingExpenses": 20713000, "sellingGeneralAndAdministrativeExpenses": 44671000, "otherExpenses": 1531000, "operatingExpenses": 78204000, "costAndExpenses": 211091000, "interestIncome": 32000, "interestExpense": 1069000, "depreciationAndAmortization": 4586000, "ebitda": -1891000, "ebitdaratio": -0.0093129312, "operatingIncome": -10661000, "operatingIncomeRatio": -0.0525040507, "totalOtherIncomeExpensesNet": -1090000, "incomeBeforeTax": -10167000, "incomeBeforeTaxRatio": -0.0500711644, "incomeTaxExpense": 1099000, "netIncome": -11266000, "netIncomeRatio": -0.0554835977, "eps": -0.4, "epsdiluted": -0.4, "weightedAverageShsOut": 27862000, "weightedAverageShsOutDil": 27862500, "link": "https://www.sec.gov/Archives/edgar/data/1113232/000104746915001994/0001047469-15-001994-index.htm", "finalLink": "https://www.sec.gov/Archives/edgar/data/1113232/000104746915001994/a2223440z10-k.htm", "calculatedOtherExpenses": 2621000, "calculatedOperatingExpenses": 80825000, "calculatedNetInterest": -1037000, "calculatedOtherIncome": 1531000, "calculatedIncomeNonControlling": 0, "calculatedEbitda": -6075000}, {"date": "2013-12-31", "symbol": "ACLS", "reportedCurrency": "USD", "cik": "0001113232", "fillingDate": "2014-03-03", "acceptedDate": "2014-03-03 15:56:07", "calendarYear": "2013", "period": "FY", "revenue": 195632000, "costOfRevenue": 127697000, "grossProfit": 67935000, "grossProfitRatio": 0.3472591396, "researchAndDevelopmentExpenses": 34756000, "generalAndAdministrativeExpenses": 25471000, "sellingAndMarketingExpenses": 21159000, "sellingGeneralAndAdministrativeExpenses": 46630000, "otherExpenses": -1073000, "operatingExpenses": 81386000, "costAndExpenses": 209083000, "interestIncome": 44000, "interestExpense": 457000, "depreciationAndAmortization": 5075000, "ebitda": -9405000, "ebitdaratio": -0.0480749571, "operatingIncome": -14618000, "operatingIncomeRatio": -0.0747219269, "totalOtherIncomeExpensesNet": -2240000, "incomeBeforeTax": -16104000, "incomeBeforeTaxRatio": -0.0823178212, "incomeTaxExpense": 1040000, "netIncome": -17144000, "netIncomeRatio": -0.0876339249, "eps": -0.64, "epsdiluted": -0.63, "weightedAverageShsOut": 26787500, "weightedAverageShsOutDil": 27217250, "link": "https://www.sec.gov/Archives/edgar/data/1113232/000104746914001681/0001047469-14-001681-index.htm", "finalLink": "https://www.sec.gov/Archives/edgar/data/1113232/000104746914001681/a2218577z10-k.htm", "calculatedOtherExpenses": 1167000, "calculatedOperatingExpenses": 82553000, "calculatedNetInterest": -413000, "calculatedOtherIncome": -1073000, "calculatedIncomeNonControlling": 0, "calculatedEbitda": -9543000}, {"date": "2012-12-31", "symbol": "ACLS", "reportedCurrency": "USD", "cik": "0001113232", "fillingDate": "2013-03-01", "acceptedDate": "2013-03-01 13:44:06", "calendarYear": "2012", "period": "FY", "revenue": 203385000, "costOfRevenue": 145214000, "grossProfit": 58171000, "grossProfitRatio": 0.2860142095, "researchAndDevelopmentExpenses": 40401000, "generalAndAdministrativeExpenses": 26554000, "sellingAndMarketingExpenses": 25889000, "sellingGeneralAndAdministrativeExpenses": 52443000, "otherExpenses": -1495000, "operatingExpenses": 92844000, "costAndExpenses": 238058000, "interestIncome": 45000, "interestExpense": 45000, "depreciationAndAmortization": 6877000, "ebitda": -31531000, "ebitdaratio": -0.1550310987, "operatingIncome": -30938000, "operatingIncomeRatio": -0.1521154461, "totalOtherIncomeExpensesNet": 2240000, "incomeBeforeTax": -32388000, "incomeBeforeTaxRatio": -0.1592447821, "incomeTaxExpense": 1646000, "netIncome": -34034000, "netIncomeRatio": -0.1673378076, "eps": -1.28, "epsdiluted": -1.26, "weightedAverageShsOut": 26589062, "weightedAverageShsOutDil": 26904750, "link": "https://www.sec.gov/Archives/edgar/data/1113232/000104746913002045/0001047469-13-002045-index.htm", "finalLink": "https://www.sec.gov/Archives/edgar/data/1113232/000104746913002045/a2213243z10-k.htm", "calculatedOtherExpenses": -3735000, "calculatedOperatingExpenses": 89109000, "calculatedNetInterest": 0, "calculatedOtherIncome": -1450000, "calculatedIncomeNonControlling": 0, "calculatedEbitda": -24061000}, {"date": "2011-12-31", "symbol": "ACLS", "reportedCurrency": "USD", "cik": "0001113232", "fillingDate": "2012-02-29", "acceptedDate": "2012-02-29 14:01:23", "calendarYear": "2011", "period": "FY", "revenue": 319416000, "costOfRevenue": 204679000, "grossProfit": 114737000, "grossProfitRatio": 0.3592086808, "researchAndDevelopmentExpenses": 47176000, "generalAndAdministrativeExpenses": 31174000, "sellingAndMarketingExpenses": 29255000, "sellingGeneralAndAdministrativeExpenses": 60429000, "otherExpenses": 0, "operatingExpenses": 107605000, "costAndExpenses": 312284000, "interestIncome": 42000, "interestExpense": 42000, "depreciationAndAmortization": 8497000, "ebitda": 15332000, "ebitdaratio": 0.0480001002, "operatingIncome": 7132000, "operatingIncomeRatio": 0.0223282491, "totalOtherIncomeExpensesNet": 297000, "incomeBeforeTax": 7471000, "incomeBeforeTaxRatio": 0.0233895609, "incomeTaxExpense": 2394000, "netIncome": 5077000, "netIncomeRatio": 0.0158946327, "eps": 0.2, "epsdiluted": 0.2, "weightedAverageShsOut": 26558500, "weightedAverageShsOutDil": 27274500, "link": "https://www.sec.gov/Archives/edgar/data/1113232/000104746912001874/0001047469-12-001874-index.htm", "finalLink": "https://www.sec.gov/Archives/edgar/data/1113232/000104746912001874/a2207604z10-k.htm", "calculatedOtherExpenses": 0, "calculatedOperatingExpenses": 107605000, "calculatedNetInterest": 0, "calculatedOtherIncome": 339000, "calculatedIncomeNonControlling": 0, "calculatedEbitda": 15629000}, {"date": "2010-12-31", "symbol": "ACLS", "reportedCurrency": "USD", "cik": "0001113232", "fillingDate": "2011-03-14", "acceptedDate": "2011-03-14 17:01:10", "calendarYear": "2010", "period": "FY", "revenue": 275212000, "costOfRevenue": 189374000, "grossProfit": 85838000, "grossProfitRatio": 0.311897737, "researchAndDevelopmentExpenses": 39524000, "generalAndAdministrativeExpenses": 32132000, "sellingAndMarketingExpenses": 27549000, "sellingGeneralAndAdministrativeExpenses": 59681000, "otherExpenses": 0, "operatingExpenses": 99205000, "costAndExpenses": 288579000, "interestIncome": 96000, "interestExpense": 96000, "depreciationAndAmortization": 7045000, "ebitda": -6226000, "ebitdaratio": -0.0226225601, "operatingIncome": -13367000, "operatingIncomeRatio": -0.0485698298, "totalOtherIncomeExpensesNet": -3990000, "incomeBeforeTax": -17261000, "incomeBeforeTaxRatio": -0.0627189221, "incomeTaxExpense": 312000, "netIncome": -17573000, "netIncomeRatio": -0.0638525936, "eps": -0.67, "epsdiluted": -0.67, "weightedAverageShsOut": 26130500, "weightedAverageShsOutDil": 26130500, "link": "https://www.sec.gov/Archives/edgar/data/1113232/000104746911002119/0001047469-11-002119-index.htm", "finalLink": "https://www.sec.gov/Archives/edgar/data/1113232/000104746911002119/a2202563z10-k.htm", "calculatedOtherExpenses": 0, "calculatedOperatingExpenses": 99205000, "calculatedNetInterest": 0, "calculatedOtherIncome": -3894000, "calculatedIncomeNonControlling": 0, "calculatedEbitda": -6322000}, {"date": "2009-12-31", "symbol": "ACLS", "reportedCurrency": "USD", "cik": "0001113232", "fillingDate": "2010-03-15", "acceptedDate": "2010-03-15 15:58:35", "calendarYear": "2009", "period": "FY", "revenue": 133022000, "costOfRevenue": 104958000, "grossProfit": 28064000, "grossProfitRatio": 0.2109726211, "researchAndDevelopmentExpenses": 32661000, "generalAndAdministrativeExpenses": 34087000, "sellingAndMarketingExpenses": 25209000, "sellingGeneralAndAdministrativeExpenses": 59296000, "otherExpenses": 0, "operatingExpenses": 91957000, "costAndExpenses": 196915000, "interestIncome": 181000, "interestExpense": 1676000, "depreciationAndAmortization": 7436000, "ebitda": -63893000, "ebitdaratio": -0.480319045, "operatingIncome": -69434000, "operatingIncomeRatio": -0.5219738088, "totalOtherIncomeExpensesNet": -11034000, "incomeBeforeTax": -76603000, "incomeBeforeTaxRatio": -0.5758671498, "incomeTaxExpense": 865000, "netIncome": -77468000, "netIncomeRatio": -0.5823698336, "eps": -2.99, "epsdiluted": -2.99, "weightedAverageShsOut": 25896500, "weightedAverageShsOutDil": 25896500, "link": "https://www.sec.gov/Archives/edgar/data/1113232/000104746910002204/0001047469-10-002204-index.htm", "finalLink": "https://www.sec.gov/Archives/edgar/data/1113232/000104746910002204/a2197155z10-k.htm", "calculatedOtherExpenses": 5541000, "calculatedOperatingExpenses": 97498000, "calculatedNetInterest": -1495000, "calculatedOtherIncome": -5674000, "calculatedIncomeNonControlling": 0, "calculatedEbitda": -61998000}, {"date": "2008-12-31", "symbol": "ACLS", "reportedCurrency": "USD", "cik": "0001113232", "fillingDate": "2009-03-31", "acceptedDate": "2009-03-31 16:53:26", "calendarYear": "2008", "period": "FY", "revenue": 250214000, "costOfRevenue": 187599000, "grossProfit": 62615000, "grossProfitRatio": 0.2502457896, "researchAndDevelopmentExpenses": 63262000, "generalAndAdministrativeExpenses": 43056000, "sellingAndMarketingExpenses": 44573000, "sellingGeneralAndAdministrativeExpenses": 87629000, "otherExpenses": 2624000, "operatingExpenses": 153515000, "costAndExpenses": 341114000, "interestIncome": 1614000, "interestExpense": 6744000, "depreciationAndAmortization": 23571000, "ebitda": -69382000, "ebitdaratio": -0.2772906392, "operatingIncome": -186837000, "operatingIncomeRatio": -0.7467088173, "totalOtherIncomeExpensesNet": -99773000, "incomeBeforeTax": -195803000, "incomeBeforeTaxRatio": -0.7825421439, "incomeTaxExpense": 861000, "netIncome": -196664000, "netIncomeRatio": -0.7859831984, "eps": -7.66, "epsdiluted": -7.66, "weightedAverageShsOut": 25684750, "weightedAverageShsOutDil": 25684750, "link": "https://www.sec.gov/Archives/edgar/data/1113232/000104746909003537/0001047469-09-003537-index.htm", "finalLink": "https://www.sec.gov/Archives/edgar/data/1113232/000104746909003537/a2191974z10-k.htm", "calculatedOtherExpenses": 98561000, "calculatedOperatingExpenses": 249452000, "calculatedNetInterest": -5130000, "calculatedOtherIncome": -3836000, "calculatedIncomeNonControlling": 0, "calculatedEbitda": -163266000}, {"date": "2007-12-31", "symbol": "ACLS", "reportedCurrency": "USD", "cik": "0001113232", "fillingDate": "2008-03-17", "acceptedDate": "2008-03-17 14:32:31", "calendarYear": "2007", "period": "FY", "revenue": 404800000, "costOfRevenue": 251939000, "grossProfit": 152861000, "grossProfitRatio": 0.3776210474, "researchAndDevelopmentExpenses": 72044000, "generalAndAdministrativeExpenses": 41718000, "sellingAndMarketingExpenses": 49974000, "sellingGeneralAndAdministrativeExpenses": 91692000, "otherExpenses": 7282000, "operatingExpenses": 171018000, "costAndExpenses": 422957000, "interestIncome": 5019000, "interestExpense": -6427000, "depreciationAndAmortization": 21911000, "ebitda": 11071000, "ebitdaratio": 0.0273493083, "operatingIncome": -20663000, "operatingIncomeRatio": -0.0510449605, "totalOtherIncomeExpensesNet": 3099000, "incomeBeforeTax": -11808000, "incomeBeforeTaxRatio": -0.0291699605, "incomeTaxExpense": -410000, "netIncome": -11398000, "netIncomeRatio": -0.0281571146, "eps": -0.45, "epsdiluted": -0.45, "weightedAverageShsOut": 25472750, "weightedAverageShsOutDil": 25472750, "link": "https://www.sec.gov/Archives/edgar/data/1113232/000104746908002914/0001047469-08-002914-index.htm", "finalLink": "https://www.sec.gov/Archives/edgar/data/1113232/000104746908002914/a2183706z10-k.htm", "calculatedOtherExpenses": 9788000, "calculatedOperatingExpenses": 173524000, "calculatedNetInterest": 11446000, "calculatedOtherIncome": -2591000, "calculatedIncomeNonControlling": 0, "calculatedEbitda": 1248000}, {"date": "2006-12-31", "symbol": "ACLS", "reportedCurrency": "USD", "cik": "0001113232", "fillingDate": "2007-03-15", "acceptedDate": "2007-03-15 17:10:02", "calendarYear": "2006", "period": "FY", "revenue": 461717000, "costOfRevenue": 270203000, "grossProfit": 191514000, "grossProfitRatio": 0.4147865467, "researchAndDevelopmentExpenses": 72384000, "generalAndAdministrativeExpenses": 46620000, "sellingAndMarketingExpenses": 45536000, "sellingGeneralAndAdministrativeExpenses": 92156000, "otherExpenses": 2551000, "operatingExpenses": 167091000, "costAndExpenses": 437294000, "interestIncome": 8383000, "interestExpense": -9085000, "depreciationAndAmortization": 20137000, "ebitda": 44764000, "ebitdaratio": 0.0969511627, "operatingIncome": 23741000, "operatingIncomeRatio": 0.0514189428, "totalOtherIncomeExpensesNet": 19062000, "incomeBeforeTax": 42783000, "incomeBeforeTaxRatio": 0.0926606558, "incomeTaxExpense": 2013000, "netIncome": 40770000, "netIncomeRatio": 0.0883008423, "eps": 1.6, "epsdiluted": 1.6, "weightedAverageShsOut": 25264500, "weightedAverageShsOutDil": 25340250, "link": "https://www.sec.gov/Archives/edgar/data/1113232/000110465907019614/0001104659-07-019614-index.htm", "finalLink": "https://www.sec.gov/Archives/edgar/data/1113232/000110465907019614/a07-5787_110k.htm", "calculatedOtherExpenses": 3233000, "calculatedOperatingExpenses": 167773000, "calculatedNetInterest": 17468000, "calculatedOtherIncome": 1574000, "calculatedIncomeNonControlling": 0, "calculatedEbitda": 43878000}, {"date": "2005-12-31", "symbol": "ACLS", "reportedCurrency": "USD", "cik": "0001113232", "fillingDate": "2006-03-14", "acceptedDate": "2006-03-14 13:17:05", "calendarYear": "2005", "period": "FY", "revenue": 372540000, "costOfRevenue": 218109000, "grossProfit": 154431000, "grossProfitRatio": 0.4145353519, "researchAndDevelopmentExpenses": 70908000, "generalAndAdministrativeExpenses": 45631000, "sellingAndMarketingExpenses": 44826000, "sellingGeneralAndAdministrativeExpenses": 90457000, "otherExpenses": 2448000, "operatingExpenses": 163813000, "costAndExpenses": 381922000, "interestIncome": 5459000, "interestExpense": -6634000, "depreciationAndAmortization": 23732000, "ebitda": 21526000, "ebitdaratio": 0.0577817147, "operatingIncome": -15879000, "operatingIncomeRatio": -0.0426236109, "totalOtherIncomeExpensesNet": 8575000, "incomeBeforeTax": -1982000, "incomeBeforeTaxRatio": -0.0053202341, "incomeTaxExpense": 1873000, "netIncome": -3855000, "netIncomeRatio": -0.0103478821, "eps": -0.15, "epsdiluted": -0.15, "weightedAverageShsOut": 25075250, "weightedAverageShsOutDil": 25075250, "link": "https://www.sec.gov/Archives/edgar/data/1113232/000110465906016419/0001104659-06-016419-index.htm", "finalLink": "https://www.sec.gov/Archives/edgar/data/1113232/000110465906016419/a06-2557_110k.htm", "calculatedOtherExpenses": 8945000, "calculatedOperatingExpenses": 170310000, "calculatedNetInterest": 12093000, "calculatedOtherIncome": 1804000, "calculatedIncomeNonControlling": 0, "calculatedEbitda": 7853000}, {"date": "2004-12-31", "symbol": "ACLS", "reportedCurrency": "USD", "cik": "0001113232", "fillingDate": "2005-03-15", "acceptedDate": "2005-03-15 15:54:48", "calendarYear": "2004", "period": "FY", "revenue": 507976000, "costOfRevenue": 296448000, "grossProfit": 211528000, "grossProfitRatio": 0.4164133739, "researchAndDevelopmentExpenses": 63209000, "generalAndAdministrativeExpenses": 46149000, "sellingAndMarketingExpenses": 47593000, "sellingGeneralAndAdministrativeExpenses": 93742000, "otherExpenses": -487552000, "operatingExpenses": -330601000, "costAndExpenses": -34153000, "interestIncome": 2032000, "interestExpense": -6673000, "depreciationAndAmortization": 22981000, "ebitda": 553562000, "ebitdaratio": 1.0897404602, "operatingIncome": 541135000, "operatingIncomeRatio": 1.065276706, "totalOtherIncomeExpensesNet": 42079000, "incomeBeforeTax": 75139000, "incomeBeforeTaxRatio": 0.1479184056, "incomeTaxExpense": 964000, "netIncome": 74175000, "netIncomeRatio": 0.1460206781, "eps": 3, "epsdiluted": 2.92, "weightedAverageShsOut": 24882000, "weightedAverageShsOutDil": 25301250, "link": "https://www.sec.gov/Archives/edgar/data/1113232/000104746905006525/0001047469-05-006525-index.htm", "finalLink": "https://www.sec.gov/Archives/edgar/data/1113232/000104746905006525/a2152493z10-k.htm", "calculatedOtherExpenses": -486558000, "calculatedOperatingExpenses": -329607000, "calculatedNetInterest": 8705000, "calculatedOtherIncome": -474701000, "calculatedIncomeNonControlling": 0, "calculatedEbitda": 564116000}, {"date": "2003-12-31", "symbol": "ACLS", "reportedCurrency": "USD", "cik": "0001113232", "fillingDate": "2004-03-08", "acceptedDate": "2004-03-08 15:18:31", "calendarYear": "2003", "period": "FY", "revenue": 321973000, "costOfRevenue": 217622000, "grossProfit": 104351000, "grossProfitRatio": 0.3240986045, "researchAndDevelopmentExpenses": 63284000, "generalAndAdministrativeExpenses": 41057000, "sellingAndMarketingExpenses": 46202000, "sellingGeneralAndAdministrativeExpenses": 87259000, "otherExpenses": 1955000, "operatingExpenses": 152498000, "costAndExpenses": 370120000, "interestIncome": 1807000, "interestExpense": -6229000, "depreciationAndAmortization": 13563000, "ebitda": -33858000, "ebitdaratio": -0.1051578859, "operatingIncome": -53054000, "operatingIncomeRatio": -0.1647777919, "totalOtherIncomeExpensesNet": 8228000, "incomeBeforeTax": -44341000, "incomeBeforeTaxRatio": -0.1377165166, "incomeTaxExpense": 69535000, "netIncome": -113876000, "netIncomeRatio": -0.3536818305, "eps": -4.62, "epsdiluted": -4.62, "weightedAverageShsOut": 24628500, "weightedAverageShsOutDil": 24628500, "link": "https://www.sec.gov/Archives/edgar/data/1113232/000111323204000002/0001113232-04-000002-index.htm", "finalLink": "https://www.sec.gov/Archives/edgar/data/1113232/000111323204000002/form10k.htm", "calculatedOtherExpenses": 6862000, "calculatedOperatingExpenses": 157405000, "calculatedNetInterest": 8036000, "calculatedOtherIncome": 677000, "calculatedIncomeNonControlling": 0, "calculatedEbitda": -39491000}, {"date": "2002-12-31", "symbol": "ACLS", "reportedCurrency": "USD", "cik": "0001113232", "fillingDate": "2003-03-28", "acceptedDate": "2003-03-28 14:12:54", "calendarYear": "2002", "period": "FY", "revenue": 309705000, "costOfRevenue": 205740000, "grossProfit": 103965000, "grossProfitRatio": 0.3356904151, "researchAndDevelopmentExpenses": 72069000, "generalAndAdministrativeExpenses": 44716000, "sellingAndMarketingExpenses": 44038000, "sellingGeneralAndAdministrativeExpenses": 88754000, "otherExpenses": 1460000, "operatingExpenses": 162283000, "costAndExpenses": 368023000, "interestIncome": 3691000, "interestExpense": -5803000, "depreciationAndAmortization": 11758000, "ebitda": -52441000, "ebitdaratio": -0.1693256486, "operatingIncome": -58318000, "operatingIncomeRatio": -0.188301771, "totalOtherIncomeExpensesNet": 10687000, "incomeBeforeTax": -49743000, "incomeBeforeTaxRatio": -0.1606141328, "incomeTaxExpense": -23593000, "netIncome": -26150000, "netIncomeRatio": -0.0844351883, "eps": -1.07, "epsdiluted": -1.07, "weightedAverageShsOut": 24480000, "weightedAverageShsOutDil": 24480000, "link": "https://www.sec.gov/Archives/edgar/data/1113232/000111323203000002/0001113232-03-000002-index.htm", "finalLink": "https://www.sec.gov/Archives/edgar/data/1113232/000111323203000002/form10k.htm", "calculatedOtherExpenses": 1460000, "calculatedOperatingExpenses": 162283000, "calculatedNetInterest": 9494000, "calculatedOtherIncome": -919000, "calculatedIncomeNonControlling": 0, "calculatedEbitda": -46560000}, {"date": "2001-12-31", "symbol": "ACLS", "reportedCurrency": "USD", "cik": "0001113232", "fillingDate": "2002-03-12", "acceptedDate": "2002-03-12 00:00:00", "calendarYear": "2001", "period": "FY", "revenue": 365264000, "costOfRevenue": 234239000, "grossProfit": 131025000, "grossProfitRatio": 0.3587131499, "researchAndDevelopmentExpenses": 76538000, "generalAndAdministrativeExpenses": 58014000, "sellingAndMarketingExpenses": 49439000, "sellingGeneralAndAdministrativeExpenses": 107453000, "otherExpenses": 9279000, "operatingExpenses": 193270000, "costAndExpenses": 427509000, "interestIncome": 5400000, "interestExpense": 0, "depreciationAndAmortization": 21215000, "ebitda": -45269000, "ebitdaratio": -0.1239350169, "operatingIncome": -62245000, "operatingIncomeRatio": -0.1704109904, "totalOtherIncomeExpensesNet": 16444000, "incomeBeforeTax": -40401000, "incomeBeforeTaxRatio": -0.1106076701, "incomeTaxExpense": -20238000, "netIncome": -20163000, "netIncomeRatio": -0.0552011696, "eps": -0.83, "epsdiluted": -0.83, "weightedAverageShsOut": 24303750, "weightedAverageShsOutDil": 24303750, "link": "https://www.sec.gov/Archives/edgar/data/1113232/000111323202000002/0001113232-02-000002-index.htm", "finalLink": "https://www.sec.gov/Archives/edgar/data/1113232/000111323202000002/form10k.htm", "calculatedOtherExpenses": 9279000, "calculatedOperatingExpenses": 193270000, "calculatedNetInterest": 5400000, "calculatedOtherIncome": 16444000, "calculatedIncomeNonControlling": 0, "calculatedEbitda": -41030000}, {"date": "2000-12-31", "symbol": "ACLS", "reportedCurrency": "USD", "cik": "0001113232", "fillingDate": "2001-03-30", "acceptedDate": "2001-03-30 00:00:00", "calendarYear": "2000", "period": "FY", "revenue": 680401000, "costOfRevenue": 372557000, "grossProfit": 307844000, "grossProfitRatio": 0.4524449553, "researchAndDevelopmentExpenses": 68768000, "generalAndAdministrativeExpenses": 0, "sellingAndMarketingExpenses": 0, "sellingGeneralAndAdministrativeExpenses": 116625000, "otherExpenses": 17814000, "operatingExpenses": 203207000, "costAndExpenses": 575764000, "interestIncome": 0, "interestExpense": 0, "depreciationAndAmortization": 17814000, "ebitda": 88617000, "ebitdaratio": 0.130242313, "operatingIncome": 104637000, "operatingIncomeRatio": 0.1537872519, "totalOtherIncomeExpensesNet": 33834000, "incomeBeforeTax": 144272000, "incomeBeforeTaxRatio": 0.2120396648, "incomeTaxExpense": 45157000, "netIncome": 99115000, "netIncomeRatio": 0.1456714496, "eps": 4.52, "epsdiluted": 4.52, "weightedAverageShsOut": 22015750, "weightedAverageShsOutDil": 22016000, "link": "https://www.sec.gov/Archives/edgar/data/1113232/000111323201500003/0001113232-01-500003-index.htm", "finalLink": "https://www.sec.gov/Archives/edgar/data/1113232/000111323201500003/form10k.htm", "calculatedOtherExpenses": 17814000, "calculatedOperatingExpenses": 203207000, "calculatedNetInterest": 0, "calculatedOtherIncome": 39635000, "calculatedIncomeNonControlling": 0, "calculatedEbitda": 122451000}, {"date": "1999-12-31", "symbol": "ACLS", "reportedCurrency": "USD", "cik": "0001113232", "fillingDate": "1999-12-31", "acceptedDate": "1999-12-30 19:00:00", "calendarYear": "1999", "period": "FY", "revenue": 397267000, "costOfRevenue": 230382000, "grossProfit": 166885000, "grossProfitRatio": 0.4200827152, "researchAndDevelopmentExpenses": 51599000, "generalAndAdministrativeExpenses": 0, "sellingAndMarketingExpenses": 0, "sellingGeneralAndAdministrativeExpenses": 83871000, "otherExpenses": 19082000, "operatingExpenses": 154552000, "costAndExpenses": 384934000, "interestIncome": 0, "interestExpense": 0, "depreciationAndAmortization": 19082000, "ebitda": 24195000, "ebitdaratio": 0.060903624, "operatingIncome": 12333000, "operatingIncomeRatio": 0.0310446123, "totalOtherIncomeExpensesNet": 7220000, "incomeBeforeTax": 19553000, "incomeBeforeTaxRatio": 0.0492187874, "incomeTaxExpense": 5125000, "netIncome": 14428000, "netIncomeRatio": 0.0363181437, "eps": 0.6, "epsdiluted": 0.6, "weightedAverageShsOut": 23661000, "weightedAverageShsOutDil": 23661000, "link": "", "finalLink": "", "calculatedOtherExpenses": 19082000, "calculatedOperatingExpenses": 154552000, "calculatedNetInterest": 0, "calculatedOtherIncome": 7220000, "calculatedIncomeNonControlling": 0, "calculatedEbitda": 31415000}]}