{"originalCurrency": "USD", "convertedCurrency": "USD", "report": [{"date": "2023-09-30", "symbol": "ACM", "reportedCurrency": "USD", "cik": "0000868857", "fillingDate": "2023-11-15", "acceptedDate": "2023-11-14 20:55:47", "calendarYear": "2023", "period": "FY", "revenue": 14378461000, "costOfRevenue": 13432996000, "grossProfit": 945465000, "grossProfitRatio": 0.0657556466, "researchAndDevelopmentExpenses": 0, "generalAndAdministrativeExpenses": 153575000, "sellingAndMarketingExpenses": 0, "sellingGeneralAndAdministrativeExpenses": 153575000, "otherExpenses": 8357000, "operatingExpenses": 153575000, "costAndExpenses": 13586571000, "interestIncome": 40251000, "interestExpense": 159342000, "depreciationAndAmortization": 237012000, "ebitda": 561146000, "ebitdaratio": 0.0390268472, "operatingIncome": 324134000, "operatingIncomeRatio": 0.0225430246, "totalOtherIncomeExpensesNet": -459399000, "incomeBeforeTax": 213400000, "incomeBeforeTaxRatio": 0.014841644, "incomeTaxExpense": 56052000, "netIncome": 55332000, "netIncomeRatio": 0.0038482561, "eps": 0.4, "epsdiluted": 0.39, "weightedAverageShsOut": 138614000, "weightedAverageShsOutDil": 140109000, "link": "https://www.sec.gov/Archives/edgar/data/868857/000110465923118329/0001104659-23-118329-index.htm", "finalLink": "https://www.sec.gov/Archives/edgar/data/868857/000110465923118329/acm-20230930x10k.htm", "calculatedOtherExpenses": 467756000, "calculatedOperatingExpenses": 621331000, "calculatedNetInterest": -119091000, "calculatedOtherIncome": 8357000, "calculatedIncomeNonControlling": 102016000, "calculatedEbitda": 561146000}, {"date": "2022-09-30", "symbol": "ACM", "reportedCurrency": "USD", "cik": "0000868857", "fillingDate": "2022-11-17", "acceptedDate": "2022-11-16 18:44:12", "calendarYear": "2022", "period": "FY", "revenue": 13148182000, "costOfRevenue": 12300208000, "grossProfit": 847974000, "grossProfitRatio": 0.0644936311, "researchAndDevelopmentExpenses": 0, "generalAndAdministrativeExpenses": 147309000, "sellingAndMarketingExpenses": 0, "sellingGeneralAndAdministrativeExpenses": 147309000, "otherExpenses": 14152000, "operatingExpenses": 147309000, "costAndExpenses": 12447517000, "interestIncome": 8210000, "interestExpense": 110274000, "depreciationAndAmortization": 121653000, "ebitda": 768457000, "ebitdaratio": 0.0584458749, "operatingIncome": 646804000, "operatingIncomeRatio": 0.049193417, "totalOtherIncomeExpensesNet": -96122000, "incomeBeforeTax": 550682000, "incomeBeforeTaxRatio": 0.0418827485, "incomeTaxExpense": 136051000, "netIncome": 414631000, "netIncomeRatio": 0.0315352343, "eps": 2.95, "epsdiluted": 2.91, "weightedAverageShsOut": 140768000, "weightedAverageShsOutDil": 142696000, "link": "https://www.sec.gov/Archives/edgar/data/868857/000110465922119637/0001104659-22-119637-index.htm", "finalLink": "https://www.sec.gov/Archives/edgar/data/868857/000110465922119637/acm-20220930x10k.htm", "calculatedOtherExpenses": 53861000, "calculatedOperatingExpenses": 201170000, "calculatedNetInterest": -102064000, "calculatedOtherIncome": 5942000, "calculatedIncomeNonControlling": 0, "calculatedEbitda": 768457000}, {"date": "2021-09-30", "symbol": "ACM", "reportedCurrency": "USD", "cik": "0000868857", "fillingDate": "2021-11-17", "acceptedDate": "2021-11-17 16:18:41", "calendarYear": "2021", "period": "FY", "revenue": 13340852000, "costOfRevenue": 12542431000, "grossProfit": 798421000, "grossProfitRatio": 0.0598478268, "researchAndDevelopmentExpenses": 0, "generalAndAdministrativeExpenses": 155072000, "sellingAndMarketingExpenses": 0, "sellingGeneralAndAdministrativeExpenses": 155072000, "otherExpenses": 17603000, "operatingExpenses": 155072000, "costAndExpenses": 12697503000, "interestIncome": 6720000, "interestExpense": 238352000, "depreciationAndAmortization": 66443000, "ebitda": 695996000, "ebitdaratio": 0.0521702812, "operatingIncome": 629553000, "operatingIncomeRatio": 0.0471898646, "totalOtherIncomeExpensesNet": -220749000, "incomeBeforeTax": 408804000, "incomeBeforeTaxRatio": 0.0306430204, "incomeTaxExpense": 89011000, "netIncome": 319793000, "netIncomeRatio": 0.0239709578, "eps": 2.17, "epsdiluted": 2.14, "weightedAverageShsOut": 147279000, "weightedAverageShsOutDil": 149676000, "link": "https://www.sec.gov/Archives/edgar/data/868857/000110465921140569/0001104659-21-140569-index.htm", "finalLink": "https://www.sec.gov/Archives/edgar/data/868857/000110465921140569/acm-20210930x10k.htm", "calculatedOtherExpenses": 13796000, "calculatedOperatingExpenses": 168868000, "calculatedNetInterest": -231632000, "calculatedOtherIncome": 10883000, "calculatedIncomeNonControlling": 0, "calculatedEbitda": 695996000}, {"date": "2020-09-30", "symbol": "ACM", "reportedCurrency": "USD", "cik": "0000868857", "fillingDate": "2020-11-19", "acceptedDate": "2020-11-18 19:42:39", "calendarYear": "2020", "period": "FY", "revenue": 13239976000, "costOfRevenue": 12530416000, "grossProfit": 709560000, "grossProfitRatio": 0.0535922422, "researchAndDevelopmentExpenses": 0, "generalAndAdministrativeExpenses": 188535000, "sellingAndMarketingExpenses": 0, "sellingGeneralAndAdministrativeExpenses": 188535000, "otherExpenses": 11056000, "operatingExpenses": 188535000, "costAndExpenses": 12718951000, "interestIncome": 159914000, "interestExpense": 159914000, "depreciationAndAmortization": 199401000, "ebitda": 580862000, "ebitdaratio": 0.0438718318, "operatingIncome": 381461000, "operatingIncomeRatio": 0.028811306, "totalOtherIncomeExpensesNet": -148858000, "incomeBeforeTax": 232603000, "incomeBeforeTaxRatio": 0.0175682343, "incomeTaxExpense": 45753000, "netIncome": 186850000, "netIncomeRatio": 0.0141125633, "eps": 1.18, "epsdiluted": 1.18, "weightedAverageShsOut": 159005000, "weightedAverageShsOutDil": 159005000, "link": "https://www.sec.gov/Archives/edgar/data/868857/000110465920126988/0001104659-20-126988-index.htm", "finalLink": "https://www.sec.gov/Archives/edgar/data/868857/000110465920126988/acm-20200930x10k.htm", "calculatedOtherExpenses": 139564000, "calculatedOperatingExpenses": 328099000, "calculatedNetInterest": 0, "calculatedOtherIncome": -148858000, "calculatedIncomeNonControlling": 0, "calculatedEbitda": 580862000}, {"date": "2019-09-30", "symbol": "ACM", "reportedCurrency": "USD", "cik": "0000868857", "fillingDate": "2019-11-13", "acceptedDate": "2019-11-13 16:47:16", "calendarYear": "2019", "period": "FY", "revenue": 20173329000, "costOfRevenue": 19359884000, "grossProfit": 813445000, "grossProfitRatio": 0.0403227945, "researchAndDevelopmentExpenses": 0, "generalAndAdministrativeExpenses": 148123000, "sellingAndMarketingExpenses": 0, "sellingGeneralAndAdministrativeExpenses": 148123000, "otherExpenses": 16789000, "operatingExpenses": 148123000, "costAndExpenses": 19508007000, "interestIncome": 161482000, "interestExpense": 225994000, "depreciationAndAmortization": 261185000, "ebitda": 763101000, "ebitdaratio": 0.0378272223, "operatingIncome": 501916000, "operatingIncomeRatio": 0.0248801772, "totalOtherIncomeExpensesNet": -686036000, "incomeBeforeTax": -184120000, "incomeBeforeTaxRatio": -0.0091269022, "incomeTaxExpense": -130000, "netIncome": -183990000, "netIncomeRatio": -0.009120458, "eps": -1.17, "epsdiluted": -1.17, "weightedAverageShsOut": 157044000, "weightedAverageShsOutDil": 157044000, "link": "https://www.sec.gov/Archives/edgar/data/868857/000110465919063367/0001104659-19-063367-index.htm", "finalLink": "https://www.sec.gov/Archives/edgar/data/868857/000110465919063367/acm-20190930x10k94a79f.htm", "calculatedOtherExpenses": 163406000, "calculatedOperatingExpenses": 311529000, "calculatedNetInterest": -64512000, "calculatedOtherIncome": -621524000, "calculatedIncomeNonControlling": 0, "calculatedEbitda": 763101000}, {"date": "2018-09-28", "symbol": "ACM", "reportedCurrency": "USD", "cik": "0000868857", "fillingDate": "2018-11-13", "acceptedDate": "2018-11-13 17:14:22", "calendarYear": "2018", "period": "FY", "revenue": 20155512000, "costOfRevenue": 19504863000, "grossProfit": 650649000, "grossProfitRatio": 0.0322814424, "researchAndDevelopmentExpenses": 0, "generalAndAdministrativeExpenses": 135787000, "sellingAndMarketingExpenses": 0, "sellingGeneralAndAdministrativeExpenses": 135787000, "otherExpenses": 20135000, "operatingExpenses": 135787000, "costAndExpenses": 19640650000, "interestIncome": 0, "interestExpense": 267519000, "depreciationAndAmortization": 267570000, "ebitda": 616130000, "ebitdaratio": 0.0305688092, "operatingIncome": 424868000, "operatingIncomeRatio": 0.0210794943, "totalOtherIncomeExpensesNet": -69859000, "incomeBeforeTax": 177484000, "incomeBeforeTaxRatio": 0.0088057302, "incomeTaxExpense": -19643000, "netIncome": 136468000, "netIncomeRatio": 0.0067707533, "eps": 0.86, "epsdiluted": 0.84, "weightedAverageShsOut": 159101000, "weightedAverageShsOutDil": 162261000, "link": "https://www.sec.gov/Archives/edgar/data/868857/000104746918007225/0001047469-18-007225-index.htm", "finalLink": "https://www.sec.gov/Archives/edgar/data/868857/000104746918007225/a2237110z10-k.htm", "calculatedOtherExpenses": 89994000, "calculatedOperatingExpenses": 225781000, "calculatedNetInterest": -267519000, "calculatedOtherIncome": 20135000, "calculatedIncomeNonControlling": 60659000, "calculatedEbitda": 692438000}, {"date": "2017-09-29", "symbol": "ACM", "reportedCurrency": "USD", "cik": "0000868857", "fillingDate": "2017-11-14", "acceptedDate": "2017-11-14 17:21:28", "calendarYear": "2017", "period": "FY", "revenue": 18203402000, "costOfRevenue": 17519682000, "grossProfit": 683720000, "grossProfitRatio": 0.0375600121, "researchAndDevelopmentExpenses": 0, "generalAndAdministrativeExpenses": 133309000, "sellingAndMarketingExpenses": 0, "sellingGeneralAndAdministrativeExpenses": 133309000, "otherExpenses": 6636000, "operatingExpenses": 133309000, "costAndExpenses": 17652991000, "interestIncome": 0, "interestExpense": 231310000, "depreciationAndAmortization": 278631000, "ebitda": 698629000, "ebitdaratio": 0.0383790349, "operatingIncome": 653856000, "operatingIncomeRatio": 0.0359194397, "totalOtherIncomeExpensesNet": 110081000, "incomeBeforeTax": 429182000, "incomeBeforeTaxRatio": 0.0235770215, "incomeTaxExpense": 7706000, "netIncome": 339390000, "netIncomeRatio": 0.0186443171, "eps": 2.18, "epsdiluted": 2.13, "weightedAverageShsOut": 155728000, "weightedAverageShsOutDil": 159135000, "link": "https://www.sec.gov/Archives/edgar/data/868857/000104746917007051/0001047469-17-007051-index.htm", "finalLink": "https://www.sec.gov/Archives/edgar/data/868857/000104746917007051/a2233808z10-k.htm", "calculatedOtherExpenses": -103445000, "calculatedOperatingExpenses": 29864000, "calculatedNetInterest": -231310000, "calculatedOtherIncome": 6636000, "calculatedIncomeNonControlling": 82086000, "calculatedEbitda": 932487000}, {"date": "2016-09-30", "symbol": "ACM", "reportedCurrency": "USD", "cik": "0000868857", "fillingDate": "2016-11-16", "acceptedDate": "2016-11-15 21:54:56", "calendarYear": "2016", "period": "FY", "revenue": 17410825000, "costOfRevenue": 16768001000, "grossProfit": 642824000, "grossProfitRatio": 0.0369209386, "researchAndDevelopmentExpenses": 0, "generalAndAdministrativeExpenses": 115088000, "sellingAndMarketingExpenses": 0, "sellingGeneralAndAdministrativeExpenses": 115088000, "otherExpenses": 8180000, "operatingExpenses": 115088000, "costAndExpenses": 16883089000, "interestIncome": 0, "interestExpense": 258162000, "depreciationAndAmortization": 398730000, "ebitda": 639948000, "ebitdaratio": 0.036755754, "operatingIncome": 375537000, "operatingIncomeRatio": 0.0215691675, "totalOtherIncomeExpensesNet": -144019000, "incomeBeforeTax": 125555000, "incomeBeforeTaxRatio": 0.0072113182, "incomeTaxExpense": -37917000, "netIncome": 96109000, "netIncomeRatio": 0.0055200716, "eps": 0.62, "epsdiluted": 0.62, "weightedAverageShsOut": 154772000, "weightedAverageShsOutDil": 156073000, "link": "https://www.sec.gov/Archives/edgar/data/868857/000104746916016739/0001047469-16-016739-index.htm", "finalLink": "https://www.sec.gov/Archives/edgar/data/868857/000104746916016739/a2230294z10-k.htm", "calculatedOtherExpenses": 152199000, "calculatedOperatingExpenses": 267287000, "calculatedNetInterest": -258162000, "calculatedOtherIncome": 8180000, "calculatedIncomeNonControlling": 67363000, "calculatedEbitda": 774267000}, {"date": "2015-10-02", "symbol": "ACM", "reportedCurrency": "USD", "cik": "0000868857", "fillingDate": "2015-11-25", "acceptedDate": "2015-11-25 16:23:05", "calendarYear": "2015", "period": "FY", "revenue": 17989880000, "costOfRevenue": 17454692000, "grossProfit": 535188000, "grossProfitRatio": 0.0297493924, "researchAndDevelopmentExpenses": 0, "generalAndAdministrativeExpenses": 113975000, "sellingAndMarketingExpenses": 0, "sellingGeneralAndAdministrativeExpenses": 113975000, "otherExpenses": 19139000, "operatingExpenses": 113975000, "costAndExpenses": 17568667000, "interestIncome": 0, "interestExpense": 299627000, "depreciationAndAmortization": 599265000, "ebitda": 546597000, "ebitdaratio": 0.0303835823, "operatingIncome": 129018000, "operatingIncomeRatio": 0.0071716988, "totalOtherIncomeExpensesNet": -273056000, "incomeBeforeTax": -151470000, "incomeBeforeTaxRatio": -0.0084197338, "incomeTaxExpense": -80237000, "netIncome": -154845000, "netIncomeRatio": -0.0086073392, "eps": -1.04, "epsdiluted": -1.04, "weightedAverageShsOut": 148889423, "weightedAverageShsOutDil": 149605000, "link": "https://www.sec.gov/Archives/edgar/data/868857/000104746915008965/0001047469-15-008965-index.htm", "finalLink": "https://www.sec.gov/Archives/edgar/data/868857/000104746915008965/a2226692z10-k.htm", "calculatedOtherExpenses": 292195000, "calculatedOperatingExpenses": 406170000, "calculatedNetInterest": -299627000, "calculatedOtherIncome": 19139000, "calculatedIncomeNonControlling": 83612000, "calculatedEbitda": 728283000}, {"date": "2014-09-30", "symbol": "ACM", "reportedCurrency": "USD", "cik": "0000868857", "fillingDate": "2014-11-17", "acceptedDate": "2014-11-17 17:21:52", "calendarYear": "2014", "period": "FY", "revenue": 4855627000, "costOfRevenue": 4452451000, "grossProfit": 403176000, "grossProfitRatio": 0.0830327371, "researchAndDevelopmentExpenses": 0, "generalAndAdministrativeExpenses": 80908000, "sellingAndMarketingExpenses": 0, "sellingGeneralAndAdministrativeExpenses": 80908000, "otherExpenses": 2748000, "operatingExpenses": 80908000, "costAndExpenses": 4533359000, "interestIncome": 0, "interestExpense": 40842000, "depreciationAndAmortization": 95394000, "ebitda": 382940000, "ebitdaratio": 0.0788652011, "operatingIncome": 352882000, "operatingIncomeRatio": 0.0726748574, "totalOtherIncomeExpensesNet": 33362000, "incomeBeforeTax": 314788000, "incomeBeforeTaxRatio": 0.0648295267, "incomeTaxExpense": 82024000, "netIncome": 229854000, "netIncomeRatio": 0.0473376559, "eps": 2.36, "epsdiluted": 2.33, "weightedAverageShsOut": 97226000, "weightedAverageShsOutDil": 98657000, "link": "https://www.sec.gov/Archives/edgar/data/868857/000104746914009283/0001047469-14-009283-index.htm", "finalLink": "https://www.sec.gov/Archives/edgar/data/868857/000104746914009283/a2222183z10-k.htm", "calculatedOtherExpenses": -30614000, "calculatedOperatingExpenses": 50294000, "calculatedNetInterest": -40842000, "calculatedOtherIncome": 2748000, "calculatedIncomeNonControlling": 2910000, "calculatedEbitda": 448276000}, {"date": "2013-09-30", "symbol": "ACM", "reportedCurrency": "USD", "cik": "0000868857", "fillingDate": "2013-11-13", "acceptedDate": "2013-11-12 21:31:50", "calendarYear": "2013", "period": "FY", "revenue": 4976975000, "costOfRevenue": 4526987000, "grossProfit": 449988000, "grossProfitRatio": 0.0904139563, "researchAndDevelopmentExpenses": 0, "generalAndAdministrativeExpenses": 97318000, "sellingAndMarketingExpenses": 0, "sellingGeneralAndAdministrativeExpenses": 97318000, "otherExpenses": 3522000, "operatingExpenses": 97318000, "costAndExpenses": 4624305000, "interestIncome": 0, "interestExpense": 44737000, "depreciationAndAmortization": 94406000, "ebitda": 380511000, "ebitdaratio": 0.0764542719, "operatingIncome": 376989000, "operatingIncomeRatio": 0.0757466132, "totalOtherIncomeExpensesNet": 27841000, "incomeBeforeTax": 335774000, "incomeBeforeTaxRatio": 0.0674654785, "incomeTaxExpense": 92578000, "netIncome": 239243000, "netIncomeRatio": 0.0480699622, "eps": 2.38, "epsdiluted": 2.35, "weightedAverageShsOut": 100618000, "weightedAverageShsOutDil": 101942000, "link": "https://www.sec.gov/Archives/edgar/data/868857/000104746913010484/0001047469-13-010484-index.htm", "finalLink": "https://www.sec.gov/Archives/edgar/data/868857/000104746913010484/a2217354z10-k.htm", "calculatedOtherExpenses": -24319000, "calculatedOperatingExpenses": 72999000, "calculatedNetInterest": -44737000, "calculatedOtherIncome": 3522000, "calculatedIncomeNonControlling": 3953000, "calculatedEbitda": 471395000}, {"date": "2012-09-30", "symbol": "ACM", "reportedCurrency": "USD", "cik": "0000868857", "fillingDate": "2012-11-19", "acceptedDate": "2012-11-16 20:20:23", "calendarYear": "2012", "period": "FY", "revenue": 8218180000, "costOfRevenue": 7796321000, "grossProfit": 421859000, "grossProfitRatio": 0.0513324118, "researchAndDevelopmentExpenses": 0, "generalAndAdministrativeExpenses": 80903000000, "sellingAndMarketingExpenses": -80822097000, "sellingGeneralAndAdministrativeExpenses": 80903000, "otherExpenses": -48650000, "operatingExpenses": 80903000, "costAndExpenses": 7877224000, "interestIncome": 0, "interestExpense": 45096000, "depreciationAndAmortization": 102974000, "ebitda": 389606000, "ebitdaratio": 0.0474078202, "operatingIncome": 53606000, "operatingIncomeRatio": 0.0065228554, "totalOtherIncomeExpensesNet": -278377000, "incomeBeforeTax": 17483000, "incomeBeforeTaxRatio": 0.0021273567, "incomeTaxExpense": 74416000, "netIncome": -58567000, "netIncomeRatio": -0.0071265171, "eps": -0.52, "epsdiluted": -0.52, "weightedAverageShsOut": 111875000, "weightedAverageShsOutDil": 111875000, "link": "https://www.sec.gov/Archives/edgar/data/868857/000104746912010679/0001047469-12-010679-index.htm", "finalLink": "https://www.sec.gov/Archives/edgar/data/868857/000104746912010679/a2211878z10-k.htm", "calculatedOtherExpenses": 287350000, "calculatedOperatingExpenses": 368253000, "calculatedNetInterest": -45096000, "calculatedOtherIncome": 8973000, "calculatedIncomeNonControlling": 1634000, "calculatedEbitda": 156580000}, {"date": "2011-09-30", "symbol": "ACM", "reportedCurrency": "USD", "cik": "0000868857", "fillingDate": "2011-11-21", "acceptedDate": "2011-11-18 21:23:48", "calendarYear": "2011", "period": "FY", "revenue": 8037374000, "costOfRevenue": 7559225000, "grossProfit": 478149000, "grossProfitRatio": 0.0594906993, "researchAndDevelopmentExpenses": 0, "generalAndAdministrativeExpenses": 90298000000, "sellingAndMarketingExpenses": -90196255000, "sellingGeneralAndAdministrativeExpenses": 101745000, "otherExpenses": -44819000, "operatingExpenses": 56926000, "costAndExpenses": 7616151000, "interestIncome": 0, "interestExpense": 40411000, "depreciationAndAmortization": 110306000, "ebitda": 417855000, "ebitdaratio": 0.0519889954, "operatingIncome": 421223000, "operatingIncomeRatio": 0.0524080377, "totalOtherIncomeExpensesNet": 3368000, "incomeBeforeTax": 384180000, "incomeBeforeTaxRatio": 0.0477991941, "incomeTaxExpense": 100090000, "netIncome": 275800000, "netIncomeRatio": 0.0343146903, "eps": 2.35, "epsdiluted": 2.33, "weightedAverageShsOut": 117396000, "weightedAverageShsOutDil": 118345000, "link": "https://www.sec.gov/Archives/edgar/data/868857/000104746911009697/0001047469-11-009697-index.htm", "finalLink": "https://www.sec.gov/Archives/edgar/data/868857/000104746911009697/a2206428z10-k.htm", "calculatedOtherExpenses": -44819000, "calculatedOperatingExpenses": 56926000, "calculatedNetInterest": -40411000, "calculatedOtherIncome": 3368000, "calculatedIncomeNonControlling": 8290000, "calculatedEbitda": 531529000}, {"date": "2010-09-30", "symbol": "ACM", "reportedCurrency": "USD", "cik": "0000868857", "fillingDate": "2010-11-22", "acceptedDate": "2010-11-19 18:22:42", "calendarYear": "2010", "period": "FY", "revenue": 6545791000, "costOfRevenue": 6115520000, "grossProfit": 430271000, "grossProfitRatio": 0.0657324684, "researchAndDevelopmentExpenses": 0, "generalAndAdministrativeExpenses": 110000, "sellingAndMarketingExpenses": 110353000, "sellingGeneralAndAdministrativeExpenses": 110463000, "otherExpenses": -20987000, "operatingExpenses": 110463000, "costAndExpenses": 6225983000, "interestIncome": 0, "interestExpense": -10000, "depreciationAndAmortization": 78899000, "ebitda": 309558000, "ebitdaratio": 0.0472911524, "operatingIncome": 319808000, "operatingIncomeRatio": 0.0488570442, "totalOtherIncomeExpensesNet": 10250000, "incomeBeforeTax": 341117000, "incomeBeforeTaxRatio": 0.0521124185, "incomeTaxExpense": 91696000, "netIncome": 236887000, "netIncomeRatio": 0.0361892092, "eps": 2.07, "epsdiluted": 2.05, "weightedAverageShsOut": 114344000, "weightedAverageShsOutDil": 115463000, "link": "https://www.sec.gov/Archives/edgar/data/868857/000104746910009946/0001047469-10-009946-index.htm", "finalLink": "https://www.sec.gov/Archives/edgar/data/868857/000104746910009946/a2201092z10-k.htm", "calculatedOtherExpenses": 0, "calculatedOperatingExpenses": 110463000, "calculatedNetInterest": 10000, "calculatedOtherIncome": 21299000, "calculatedIncomeNonControlling": 12534000, "calculatedEbitda": 398707000}, {"date": "2009-09-30", "symbol": "ACM", "reportedCurrency": "USD", "cik": "0000868857", "fillingDate": "2009-11-27", "acceptedDate": "2009-11-27 09:01:00", "calendarYear": "2009", "period": "FY", "revenue": 6117465000, "costOfRevenue": 5766262000, "grossProfit": 351203000, "grossProfitRatio": 0.0574098912, "researchAndDevelopmentExpenses": 0, "generalAndAdministrativeExpenses": 87000, "sellingAndMarketingExpenses": 86807000, "sellingGeneralAndAdministrativeExpenses": 86894000, "otherExpenses": 22557000, "operatingExpenses": 109451000, "costAndExpenses": 5875713000, "interestIncome": 0, "interestExpense": -11000, "depreciationAndAmortization": 84117000, "ebitda": 240039000, "ebitdaratio": 0.0392383119, "operatingIncome": 286866000, "operatingIncomeRatio": 0.0468929532, "totalOtherIncomeExpensesNet": 1713000, "incomeBeforeTax": 263706000, "incomeBeforeTaxRatio": 0.0431070713, "incomeTaxExpense": 77002000, "netIncome": 189696000, "netIncomeRatio": 0.0310089228, "eps": 1.76, "epsdiluted": 1.73, "weightedAverageShsOut": 108003000, "weightedAverageShsOutDil": 109706000, "link": "https://www.sec.gov/Archives/edgar/data/868857/000104746909010452/0001047469-09-010452-index.htm", "finalLink": "https://www.sec.gov/Archives/edgar/data/868857/000104746909010452/a2195670z10-k.htm", "calculatedOtherExpenses": -22557000, "calculatedOperatingExpenses": 64337000, "calculatedNetInterest": 11000, "calculatedOtherIncome": -23171000, "calculatedIncomeNonControlling": -2992000, "calculatedEbitda": 370983000}, {"date": "2008-09-30", "symbol": "ACM", "reportedCurrency": "USD", "cik": "0000868857", "fillingDate": "2008-12-01", "acceptedDate": "2008-12-01 17:20:47", "calendarYear": "2008", "period": "FY", "revenue": 5194482000, "costOfRevenue": 4907286000, "grossProfit": 287196000, "grossProfitRatio": 0.0552886698, "researchAndDevelopmentExpenses": 0, "generalAndAdministrativeExpenses": 70000, "sellingAndMarketingExpenses": 70511000, "sellingGeneralAndAdministrativeExpenses": 70581000, "otherExpenses": -22192000, "operatingExpenses": 48389000, "costAndExpenses": 4955675000, "interestIncome": 0, "interestExpense": 1000, "depreciationAndAmortization": 62752000, "ebitda": 304997000, "ebitdaratio": 0.0587155755, "operatingIncome": 238807000, "operatingIncomeRatio": 0.0459732077, "totalOtherIncomeExpensesNet": 18754000, "incomeBeforeTax": 222515000, "incomeBeforeTaxRatio": 0.0428368026, "incomeTaxExpense": 76321000, "netIncome": 147226000, "netIncomeRatio": 0.0283427683, "eps": 1.45, "epsdiluted": 1.41, "weightedAverageShsOut": 101456000, "weightedAverageShsOutDil": 104215000, "link": "https://www.sec.gov/Archives/edgar/data/868857/000104746908012648/0001047469-08-012648-index.htm", "finalLink": "https://www.sec.gov/Archives/edgar/data/868857/000104746908012648/a2189322z10-k.htm", "calculatedOtherExpenses": -22192000, "calculatedOperatingExpenses": 48389000, "calculatedNetInterest": -1000, "calculatedOtherIncome": -16291000, "calculatedIncomeNonControlling": -1032000, "calculatedEbitda": 301559000}, {"date": "2007-09-30", "symbol": "ACM", "reportedCurrency": "USD", "cik": "0000868857", "fillingDate": "2007-12-13", "acceptedDate": "2007-12-13 15:50:18", "calendarYear": "2007", "period": "FY", "revenue": 4237270000, "costOfRevenue": 3076092000, "grossProfit": 1161178000, "grossProfitRatio": 0.2740391809, "researchAndDevelopmentExpenses": 0, "generalAndAdministrativeExpenses": 1017067000, "sellingAndMarketingExpenses": 0, "sellingGeneralAndAdministrativeExpenses": 1017067000, "otherExpenses": -11828000, "operatingExpenses": 1005239000, "costAndExpenses": 4081331000, "interestIncome": 0, "interestExpense": 3321000, "depreciationAndAmortization": 45126000, "ebitda": 189779000, "ebitdaratio": 0.0447880357, "operatingIncome": 155939000, "operatingIncomeRatio": 0.0368017615, "totalOtherIncomeExpensesNet": 23114000, "incomeBeforeTax": 147500000, "incomeBeforeTaxRatio": 0.034810149, "incomeTaxExpense": 47203000, "netIncome": 100297000, "netIncomeRatio": 0.0236701933, "eps": 1.37, "epsdiluted": 1.15, "weightedAverageShsOut": 73091000, "weightedAverageShsOutDil": 87537000, "link": "https://www.sec.gov/Archives/edgar/data/868857/000104746907010009/0001047469-07-010009-index.htm", "finalLink": "https://www.sec.gov/Archives/edgar/data/868857/000104746907010009/a2181621z10-k.htm", "calculatedOtherExpenses": -11828000, "calculatedOperatingExpenses": 1005239000, "calculatedNetInterest": -3321000, "calculatedOtherIncome": -5118000, "calculatedIncomeNonControlling": 0, "calculatedEbitda": 201065000}, {"date": "2006-09-30", "symbol": "ACM", "reportedCurrency": "USD", "cik": "0000868857", "fillingDate": "2006-09-30", "acceptedDate": "2006-09-29 20:00:00", "calendarYear": "2006", "period": "FY", "revenue": 3421492000, "costOfRevenue": 2515684000, "grossProfit": 905808000, "grossProfitRatio": 0.2647406453, "researchAndDevelopmentExpenses": 0, "generalAndAdministrativeExpenses": 0, "sellingAndMarketingExpenses": 0, "sellingGeneralAndAdministrativeExpenses": 808953000, "otherExpenses": -6554000, "operatingExpenses": 802399000, "costAndExpenses": 3318083000, "interestIncome": 0, "interestExpense": 0, "depreciationAndAmortization": 39830000, "ebitda": 143239000, "ebitdaratio": 0.0418644849, "operatingIncome": 103409000, "operatingIncomeRatio": 0.0302233645, "totalOtherIncomeExpensesNet": 6554000, "incomeBeforeTax": 78909000, "incomeBeforeTaxRatio": 0.0230627457, "incomeTaxExpense": 25223000, "netIncome": 53686000, "netIncomeRatio": 0.0156908156, "eps": 0.94, "epsdiluted": 0.74, "weightedAverageShsOut": 54856000, "weightedAverageShsOutDil": 72658000, "link": "", "finalLink": "", "calculatedOtherExpenses": -6554000, "calculatedOperatingExpenses": 802399000, "calculatedNetInterest": 0, "calculatedOtherIncome": -24500000, "calculatedIncomeNonControlling": 0, "calculatedEbitda": 143239000}, {"date": "2005-09-30", "symbol": "ACM", "reportedCurrency": "USD", "cik": "0000868857", "fillingDate": "2005-09-30", "acceptedDate": "2005-09-29 20:00:00", "calendarYear": "2005", "period": "FY", "revenue": 2395340000, "costOfRevenue": 1717863000, "grossProfit": 677477000, "grossProfitRatio": 0.2828312473, "researchAndDevelopmentExpenses": 0, "generalAndAdministrativeExpenses": 0, "sellingAndMarketingExpenses": 0, "sellingGeneralAndAdministrativeExpenses": 581529000, "otherExpenses": -2352000, "operatingExpenses": 579177000, "costAndExpenses": 2297040000, "interestIncome": 0, "interestExpense": 0, "depreciationAndAmortization": 19928000, "ebitda": 118228000, "ebitdaratio": 0.0493575025, "operatingIncome": 98300000, "operatingIncomeRatio": 0.0410380155, "totalOtherIncomeExpensesNet": 2352000, "incomeBeforeTax": 82793000, "incomeBeforeTaxRatio": 0.0345641955, "incomeTaxExpense": 28979000, "netIncome": 53814000, "netIncomeRatio": 0.0224661217, "eps": 1.86, "epsdiluted": 1.68, "weightedAverageShsOut": 25940000, "weightedAverageShsOutDil": 31989000, "link": "", "finalLink": "", "calculatedOtherExpenses": -2352000, "calculatedOperatingExpenses": 579177000, "calculatedNetInterest": 0, "calculatedOtherIncome": -15507000, "calculatedIncomeNonControlling": 0, "calculatedEbitda": 118228000}, {"date": "2004-09-30", "symbol": "ACM", "reportedCurrency": "USD", "cik": "0000868857", "fillingDate": "2004-09-30", "acceptedDate": "2004-09-29 20:00:00", "calendarYear": "2004", "period": "FY", "revenue": 2011975000, "costOfRevenue": 0, "grossProfit": 2011975000, "grossProfitRatio": 1, "researchAndDevelopmentExpenses": 0, "generalAndAdministrativeExpenses": 0, "sellingAndMarketingExpenses": 0, "sellingGeneralAndAdministrativeExpenses": 0, "otherExpenses": 0, "operatingExpenses": 0, "costAndExpenses": 0, "interestIncome": 0, "interestExpense": 0, "depreciationAndAmortization": 0, "ebitda": 2011975000, "ebitdaratio": 1, "operatingIncome": 2011975000, "operatingIncomeRatio": 1, "totalOtherIncomeExpensesNet": 0, "incomeBeforeTax": 0, "incomeBeforeTaxRatio": 0, "incomeTaxExpense": -50436000, "netIncome": 50436000, "netIncomeRatio": 0.0250679059, "eps": 1.71, "epsdiluted": 1.57, "weightedAverageShsOut": 26300000, "weightedAverageShsOutDil": 32127000, "link": "", "finalLink": "", "calculatedOtherExpenses": 0, "calculatedOperatingExpenses": 0, "calculatedNetInterest": 0, "calculatedOtherIncome": -2011975000, "calculatedIncomeNonControlling": 0, "calculatedEbitda": 2011975000}, {"date": "2003-09-30", "symbol": "ACM", "reportedCurrency": "USD", "cik": "0000868857", "fillingDate": "2003-09-30", "acceptedDate": "2003-09-29 20:00:00", "calendarYear": "2003", "period": "FY", "revenue": 1915000000, "costOfRevenue": 1381000000, "grossProfit": 534000000, "grossProfitRatio": 0.2788511749, "researchAndDevelopmentExpenses": 0, "generalAndAdministrativeExpenses": 0, "sellingAndMarketingExpenses": 0, "sellingGeneralAndAdministrativeExpenses": 467000000, "otherExpenses": -2000000, "operatingExpenses": 465000000, "costAndExpenses": 1846000000, "interestIncome": 0, "interestExpense": 0, "depreciationAndAmortization": 0, "ebitda": 69000000, "ebitdaratio": 0.0360313316, "operatingIncome": 69000000, "operatingIncomeRatio": 0.0360313316, "totalOtherIncomeExpensesNet": -13000000, "incomeBeforeTax": 56000000, "incomeBeforeTaxRatio": 0.0292428198, "incomeTaxExpense": 19000000, "netIncome": 37000000, "netIncomeRatio": 0.0193211488, "eps": 0.67, "epsdiluted": 0.65, "weightedAverageShsOut": 52858000, "weightedAverageShsOutDil": 57178000, "link": "", "finalLink": "", "calculatedOtherExpenses": -2000000, "calculatedOperatingExpenses": 465000000, "calculatedNetInterest": 0, "calculatedOtherIncome": -13000000, "calculatedIncomeNonControlling": 0, "calculatedEbitda": 69000000}, {"date": "2002-09-30", "symbol": "ACM", "reportedCurrency": "USD", "cik": "0000868857", "fillingDate": "2002-09-30", "acceptedDate": "2002-09-29 20:00:00", "calendarYear": "2002", "period": "FY", "revenue": 1747000000, "costOfRevenue": 1269000000, "grossProfit": 478000000, "grossProfitRatio": 0.2736119061, "researchAndDevelopmentExpenses": 0, "generalAndAdministrativeExpenses": 0, "sellingAndMarketingExpenses": 0, "sellingGeneralAndAdministrativeExpenses": 430000000, "otherExpenses": -1000000, "operatingExpenses": 429000000, "costAndExpenses": 1698000000, "interestIncome": 0, "interestExpense": 0, "depreciationAndAmortization": -1000000, "ebitda": 48000000, "ebitdaratio": 0.0274756726, "operatingIncome": 49000000, "operatingIncomeRatio": 0.0280480824, "totalOtherIncomeExpensesNet": 1000000, "incomeBeforeTax": 34000000, "incomeBeforeTaxRatio": 0.0194619347, "incomeTaxExpense": -11000000, "netIncome": 23000000, "netIncomeRatio": 0.0131654264, "eps": 0.4, "epsdiluted": 0.29, "weightedAverageShsOut": 56965000, "weightedAverageShsOutDil": 78500000, "link": "", "finalLink": "", "calculatedOtherExpenses": -1000000, "calculatedOperatingExpenses": 429000000, "calculatedNetInterest": 0, "calculatedOtherIncome": -15000000, "calculatedIncomeNonControlling": 22000000, "calculatedEbitda": 48000000}]}