{"originalCurrency": "USD", "convertedCurrency": "USD", "report": [{"date": "2023-12-01", "symbol": "ADBE", "reportedCurrency": "USD", "cik": "0000796343", "fillingDate": "2024-01-17", "acceptedDate": "2024-01-16 20:01:55", "calendarYear": "2023", "period": "FY", "revenue": 19409000000, "costOfRevenue": 2354000000, "grossProfit": 17055000000, "grossProfitRatio": 0.8787160596, "researchAndDevelopmentExpenses": 3473000000, "generalAndAdministrativeExpenses": 1413000000, "sellingAndMarketingExpenses": 5351000000, "sellingGeneralAndAdministrativeExpenses": 6764000000, "otherExpenses": 246000000, "operatingExpenses": 10405000000, "costAndExpenses": 12759000000, "interestIncome": 269000000, "interestExpense": 113000000, "depreciationAndAmortization": 872000000, "ebitda": 7768000000, "ebitdaratio": 0.400226699, "operatingIncome": 6650000000, "operatingIncomeRatio": 0.3426245556, "totalOtherIncomeExpensesNet": 262000000, "incomeBeforeTax": 6799000000, "incomeBeforeTaxRatio": 0.3503014066, "incomeTaxExpense": 1371000000, "netIncome": 5428000000, "netIncomeRatio": 0.2796640734, "eps": 11.93, "epsdiluted": 11.83, "weightedAverageShsOut": 457000000, "weightedAverageShsOutDil": 459000000, "link": "https://www.sec.gov/Archives/edgar/data/796343/000079634324000006/0000796343-24-000006-index.htm", "finalLink": "https://www.sec.gov/Archives/edgar/data/796343/000079634324000006/adbe-20231201.htm", "calculatedOtherExpenses": 168000000, "calculatedOperatingExpenses": 10405000000, "calculatedNetInterest": 156000000, "calculatedOtherIncome": -7000000, "calculatedIncomeNonControlling": 0, "calculatedEbitda": 7522000000}, {"date": "2022-12-02", "symbol": "ADBE", "reportedCurrency": "USD", "cik": "0000796343", "fillingDate": "2023-01-17", "acceptedDate": "2023-01-17 16:34:00", "calendarYear": "2022", "period": "FY", "revenue": 17606000000, "costOfRevenue": 2165000000, "grossProfit": 15441000000, "grossProfitRatio": 0.8770305578, "researchAndDevelopmentExpenses": 2987000000, "generalAndAdministrativeExpenses": 1219000000, "sellingAndMarketingExpenses": 4968000000, "sellingGeneralAndAdministrativeExpenses": 6187000000, "otherExpenses": 169000000, "operatingExpenses": 9343000000, "costAndExpenses": 11508000000, "interestIncome": 61000000, "interestExpense": 112000000, "depreciationAndAmortization": 897000000, "ebitda": 6995000000, "ebitdaratio": 0.397307736, "operatingIncome": 6098000000, "operatingIncomeRatio": 0.3463591957, "totalOtherIncomeExpensesNet": -90000000, "incomeBeforeTax": 6008000000, "incomeBeforeTaxRatio": 0.3412473021, "incomeTaxExpense": 1252000000, "netIncome": 4756000000, "netIncomeRatio": 0.2701351812, "eps": 10.13, "epsdiluted": 10.1, "weightedAverageShsOut": 470000000, "weightedAverageShsOutDil": 471000000, "link": "https://www.sec.gov/Archives/edgar/data/796343/000079634323000007/0000796343-23-000007-index.htm", "finalLink": "https://www.sec.gov/Archives/edgar/data/796343/000079634323000007/adbe-20221202.htm", "calculatedOtherExpenses": 169000000, "calculatedOperatingExpenses": 9343000000, "calculatedNetInterest": -51000000, "calculatedOtherIncome": -39000000, "calculatedIncomeNonControlling": 0, "calculatedEbitda": 6995000000}, {"date": "2021-12-03", "symbol": "ADBE", "reportedCurrency": "USD", "cik": "0000796343", "fillingDate": "2022-01-21", "acceptedDate": "2022-01-21 16:03:34", "calendarYear": "2021", "period": "FY", "revenue": 15785000000, "costOfRevenue": 1865000000, "grossProfit": 13920000000, "grossProfitRatio": 0.8818498575, "researchAndDevelopmentExpenses": 2540000000, "generalAndAdministrativeExpenses": 1085000000, "sellingAndMarketingExpenses": 4321000000, "sellingGeneralAndAdministrativeExpenses": 5406000000, "otherExpenses": 172000000, "operatingExpenses": 8118000000, "costAndExpenses": 9983000000, "interestIncome": 17000000, "interestExpense": 113000000, "depreciationAndAmortization": 788000000, "ebitda": 6590000000, "ebitdaratio": 0.4174849541, "operatingIncome": 5802000000, "operatingIncomeRatio": 0.3675641432, "totalOtherIncomeExpensesNet": -97000000, "incomeBeforeTax": 5705000000, "incomeBeforeTaxRatio": 0.3614190687, "incomeTaxExpense": 883000000, "netIncome": 4822000000, "netIncomeRatio": 0.305479886, "eps": 10.1, "epsdiluted": 10.02, "weightedAverageShsOut": 477000000, "weightedAverageShsOutDil": 481000000, "link": "https://www.sec.gov/Archives/edgar/data/796343/000079634322000032/0000796343-22-000032-index.htm", "finalLink": "https://www.sec.gov/Archives/edgar/data/796343/000079634322000032/adbe-20211203.htm", "calculatedOtherExpenses": 172000000, "calculatedOperatingExpenses": 8118000000, "calculatedNetInterest": -96000000, "calculatedOtherIncome": -1000000, "calculatedIncomeNonControlling": 0, "calculatedEbitda": 6590000000}, {"date": "2020-11-27", "symbol": "ADBE", "reportedCurrency": "USD", "cik": "0000796343", "fillingDate": "2021-01-15", "acceptedDate": "2021-01-15 16:03:42", "calendarYear": "2020", "period": "FY", "revenue": 12868000000, "costOfRevenue": 1722000000, "grossProfit": 11146000000, "grossProfitRatio": 0.8661796705, "researchAndDevelopmentExpenses": 2188000000, "generalAndAdministrativeExpenses": 968000000, "sellingAndMarketingExpenses": 3591000000, "sellingGeneralAndAdministrativeExpenses": 4559000000, "otherExpenses": 162000000, "operatingExpenses": 6909000000, "costAndExpenses": 8631000000, "interestIncome": 43000000, "interestExpense": 116000000, "depreciationAndAmortization": 799000000, "ebitda": 5036000000, "ebitdaratio": 0.3913584085, "operatingIncome": 4237000000, "operatingIncomeRatio": 0.3292663973, "totalOtherIncomeExpensesNet": -61000000, "incomeBeforeTax": 4176000000, "incomeBeforeTaxRatio": 0.3245259559, "incomeTaxExpense": -1084000000, "netIncome": 5260000000, "netIncomeRatio": 0.408765931, "eps": 10.94, "epsdiluted": 10.83, "weightedAverageShsOut": 481000000, "weightedAverageShsOutDil": 485000000, "link": "https://www.sec.gov/Archives/edgar/data/796343/000079634321000004/0000796343-21-000004-index.htm", "finalLink": "https://www.sec.gov/Archives/edgar/data/796343/000079634321000004/adbe-20201127.htm", "calculatedOtherExpenses": 162000000, "calculatedOperatingExpenses": 6909000000, "calculatedNetInterest": -73000000, "calculatedOtherIncome": 12000000, "calculatedIncomeNonControlling": 0, "calculatedEbitda": 5036000000}, {"date": "2019-11-29", "symbol": "ADBE", "reportedCurrency": "USD", "cik": "0000796343", "fillingDate": "2020-01-21", "acceptedDate": "2020-01-21 06:06:41", "calendarYear": "2019", "period": "FY", "revenue": 11171297000, "costOfRevenue": 1672720000, "grossProfit": 9498577000, "grossProfitRatio": 0.8502662672, "researchAndDevelopmentExpenses": 1930228000, "generalAndAdministrativeExpenses": 880637000, "sellingAndMarketingExpenses": 3244347000, "sellingGeneralAndAdministrativeExpenses": 4124984000, "otherExpenses": 175244000, "operatingExpenses": 6230456000, "costAndExpenses": 7903176000, "interestIncome": 42255000, "interestExpense": 157214000, "depreciationAndAmortization": 667003000, "ebitda": 3935124000, "ebitdaratio": 0.3522531001, "operatingIncome": 3268121000, "operatingIncomeRatio": 0.292546246, "totalOtherIncomeExpensesNet": -63380000, "incomeBeforeTax": 3204741000, "incomeBeforeTaxRatio": 0.2868727776, "incomeTaxExpense": 253283000, "netIncome": 2951458000, "netIncomeRatio": 0.2642001193, "eps": 6.07, "epsdiluted": 6, "weightedAverageShsOut": 486291000, "weightedAverageShsOutDil": 491572000, "link": "https://www.sec.gov/Archives/edgar/data/796343/000079634320000013/0000796343-20-000013-index.htm", "finalLink": "https://www.sec.gov/Archives/edgar/data/796343/000079634320000013/adbe10kfy19.htm", "calculatedOtherExpenses": 175244000, "calculatedOperatingExpenses": 6230456000, "calculatedNetInterest": -114959000, "calculatedOtherIncome": 51579000, "calculatedIncomeNonControlling": 0, "calculatedEbitda": 3935124000}, {"date": "2018-11-30", "symbol": "ADBE", "reportedCurrency": "USD", "cik": "0000796343", "fillingDate": "2019-01-25", "acceptedDate": "2019-01-25 06:24:29", "calendarYear": "2018", "period": "FY", "revenue": 9030008000, "costOfRevenue": 1194999000, "grossProfit": 7835009000, "grossProfitRatio": 0.8676635724, "researchAndDevelopmentExpenses": 1537812000, "generalAndAdministrativeExpenses": 744898000, "sellingAndMarketingExpenses": 2620829000, "sellingGeneralAndAdministrativeExpenses": 3365727000, "otherExpenses": 258000, "operatingExpenses": 4994640000, "costAndExpenses": 6189639000, "interestIncome": 92540000, "interestExpense": 89242000, "depreciationAndAmortization": 346492000, "ebitda": 3229610000, "ebitdaratio": 0.3576530608, "operatingIncome": 2840369000, "operatingIncomeRatio": 0.3145477833, "totalOtherIncomeExpensesNet": -46493000, "incomeBeforeTax": 2793876000, "incomeBeforeTaxRatio": 0.3093990614, "incomeTaxExpense": 203102000, "netIncome": 2590774000, "netIncomeRatio": 0.2869071655, "eps": 5.28, "epsdiluted": 5.2, "weightedAverageShsOut": 490564000, "weightedAverageShsOutDil": 497843000, "link": "https://www.sec.gov/Archives/edgar/data/796343/000079634319000019/0000796343-19-000019-index.htm", "finalLink": "https://www.sec.gov/Archives/edgar/data/796343/000079634319000019/adbe10kfy18.htm", "calculatedOtherExpenses": 91101000, "calculatedOperatingExpenses": 4994640000, "calculatedNetInterest": 3298000, "calculatedOtherIncome": -49791000, "calculatedIncomeNonControlling": 0, "calculatedEbitda": 3186861000}, {"date": "2017-12-01", "symbol": "ADBE", "reportedCurrency": "USD", "cik": "0000796343", "fillingDate": "2018-01-22", "acceptedDate": "2018-01-22 16:07:26", "calendarYear": "2017", "period": "FY", "revenue": 7301505000, "costOfRevenue": 1010491000, "grossProfit": 6291014000, "grossProfitRatio": 0.8616051074, "researchAndDevelopmentExpenses": 1224059000, "generalAndAdministrativeExpenses": 624706000, "sellingAndMarketingExpenses": 2197592000, "sellingGeneralAndAdministrativeExpenses": 2822298000, "otherExpenses": 83000, "operatingExpenses": 4122919000, "costAndExpenses": 5133410000, "interestIncome": 66069000, "interestExpense": 74402000, "depreciationAndAmortization": 325997000, "ebitda": 2538040000, "ebitdaratio": 0.3476050485, "operatingIncome": 2168095000, "operatingIncomeRatio": 0.296938097, "totalOtherIncomeExpensesNet": -30454000, "incomeBeforeTax": 2137641000, "incomeBeforeTaxRatio": 0.2927671761, "incomeTaxExpense": 443687000, "netIncome": 1693954000, "netIncomeRatio": 0.2320006629, "eps": 3.43, "epsdiluted": 3.38, "weightedAverageShsOut": 493632000, "weightedAverageShsOutDil": 501123000, "link": "https://www.sec.gov/Archives/edgar/data/796343/000079634318000015/0000796343-18-000015-index.htm", "finalLink": "https://www.sec.gov/Archives/edgar/data/796343/000079634318000015/adbe10kfy17.htm", "calculatedOtherExpenses": 76562000, "calculatedOperatingExpenses": 4122919000, "calculatedNetInterest": -8333000, "calculatedOtherIncome": -22121000, "calculatedIncomeNonControlling": 0, "calculatedEbitda": 2494092000}, {"date": "2016-12-02", "symbol": "ADBE", "reportedCurrency": "USD", "cik": "0000796343", "fillingDate": "2017-01-20", "acceptedDate": "2017-01-20 16:14:43", "calendarYear": "2016", "period": "FY", "revenue": 5854430000, "costOfRevenue": 819908000, "grossProfit": 5034522000, "grossProfitRatio": 0.8599508406, "researchAndDevelopmentExpenses": 975987000, "generalAndAdministrativeExpenses": 577710000, "sellingAndMarketingExpenses": 1910197000, "sellingGeneralAndAdministrativeExpenses": 2487907000, "otherExpenses": 29000, "operatingExpenses": 3542428000, "costAndExpenses": 4362336000, "interestIncome": 47340000, "interestExpense": 70442000, "depreciationAndAmortization": 331535000, "ebitda": 1837115000, "ebitdaratio": 0.3137991231, "operatingIncome": 1493602000, "operatingIncomeRatio": 0.2551233852, "totalOtherIncomeExpensesNet": -58464000, "incomeBeforeTax": 1435138000, "incomeBeforeTaxRatio": 0.2451371013, "incomeTaxExpense": 266356000, "netIncome": 1168782000, "netIncomeRatio": 0.199640614, "eps": 2.35, "epsdiluted": 2.32, "weightedAverageShsOut": 498345000, "weightedAverageShsOutDil": 504299000, "link": "https://www.sec.gov/Archives/edgar/data/796343/000079634317000031/0000796343-17-000031-index.htm", "finalLink": "https://www.sec.gov/Archives/edgar/data/796343/000079634317000031/adbe10kfy16.htm", "calculatedOtherExpenses": 77026000, "calculatedOperatingExpenses": 3540920000, "calculatedNetInterest": -23102000, "calculatedOtherIncome": -35362000, "calculatedIncomeNonControlling": 0, "calculatedEbitda": 1825137000}, {"date": "2015-11-27", "symbol": "ADBE", "reportedCurrency": "USD", "cik": "0000796343", "fillingDate": "2016-01-19", "acceptedDate": "2016-01-19 08:05:29", "calendarYear": "2015", "period": "FY", "revenue": 4795511000, "costOfRevenue": 744317000, "grossProfit": 4051194000, "grossProfitRatio": 0.8447888035, "researchAndDevelopmentExpenses": 862730000, "generalAndAdministrativeExpenses": 531919000, "sellingAndMarketingExpenses": 1683242000, "sellingGeneralAndAdministrativeExpenses": 2215161000, "otherExpenses": 22325000, "operatingExpenses": 3146540000, "costAndExpenses": 3890857000, "interestIncome": 28759000, "interestExpense": 64184000, "depreciationAndAmortization": 339473000, "ebitda": 1277438000, "ebitdaratio": 0.2663820394, "operatingIncome": 903095000, "operatingIncomeRatio": 0.188320911, "totalOtherIncomeExpensesNet": -29314000, "incomeBeforeTax": 873781000, "incomeBeforeTaxRatio": 0.1822081109, "incomeTaxExpense": 244230000, "netIncome": 629551000, "netIncomeRatio": 0.1312792318, "eps": 1.26, "epsdiluted": 1.24, "weightedAverageShsOut": 498764000, "weightedAverageShsOutDil": 507164000, "link": "https://www.sec.gov/Archives/edgar/data/796343/000079634316000224/0000796343-16-000224-index.htm", "finalLink": "https://www.sec.gov/Archives/edgar/data/796343/000079634316000224/adbe10kfy15.htm", "calculatedOtherExpenses": 70208000, "calculatedOperatingExpenses": 3148099000, "calculatedNetInterest": -35425000, "calculatedOtherIncome": 6111000, "calculatedIncomeNonControlling": 0, "calculatedEbitda": 1242568000}, {"date": "2014-11-28", "symbol": "ADBE", "reportedCurrency": "USD", "cik": "0000796343", "fillingDate": "2015-01-20", "acceptedDate": "2015-01-20 06:42:30", "calendarYear": "2014", "period": "FY", "revenue": 4147065000, "costOfRevenue": 622080000, "grossProfit": 3524985000, "grossProfitRatio": 0.849995117, "researchAndDevelopmentExpenses": 844353000, "generalAndAdministrativeExpenses": 543332000, "sellingAndMarketingExpenses": 1671808000, "sellingGeneralAndAdministrativeExpenses": 2215140000, "otherExpenses": 825000, "operatingExpenses": 3092417000, "costAndExpenses": 3714497000, "interestIncome": 21355000, "interestExpense": 59732000, "depreciationAndAmortization": 313590000, "ebitda": 734698000, "ebitdaratio": 0.177160956, "operatingIncome": 412685000, "operatingIncomeRatio": 0.0995125468, "totalOtherIncomeExpensesNet": -51309000, "incomeBeforeTax": 361376000, "incomeBeforeTaxRatio": 0.0871401823, "incomeTaxExpense": 92981000, "netIncome": 253551000, "netIncomeRatio": 0.0611398664, "eps": 0.51, "epsdiluted": 0.5, "weightedAverageShsOut": 497867000, "weightedAverageShsOutDil": 508480000, "link": "https://www.sec.gov/Archives/edgar/data/796343/000079634315000022/0000796343-15-000022-index.htm", "finalLink": "https://www.sec.gov/Archives/edgar/data/796343/000079634315000022/adbe10kfy14.htm", "calculatedOtherExpenses": 52807000, "calculatedOperatingExpenses": 3112300000, "calculatedNetInterest": -38377000, "calculatedOtherIncome": -12932000, "calculatedIncomeNonControlling": 14844000, "calculatedEbitda": 726275000}, {"date": "2013-11-29", "symbol": "ADBE", "reportedCurrency": "USD", "cik": "0000796343", "fillingDate": "2014-01-21", "acceptedDate": "2014-01-21 16:15:24", "calendarYear": "2013", "period": "FY", "revenue": 4055240000, "costOfRevenue": 586557000, "grossProfit": 3468683000, "grossProfitRatio": 0.8553582525, "researchAndDevelopmentExpenses": 826631000, "generalAndAdministrativeExpenses": 520124000, "sellingAndMarketingExpenses": 1620454000, "sellingGeneralAndAdministrativeExpenses": 2140578000, "otherExpenses": 1042000, "operatingExpenses": 3019463000, "costAndExpenses": 3606020000, "interestIncome": 21887000, "interestExpense": 67508000, "depreciationAndAmortization": 321227000, "ebitda": 744876000, "ebitdaratio": 0.1836823468, "operatingIncome": 422723000, "operatingIncomeRatio": 0.1042411793, "totalOtherIncomeExpensesNet": -66582000, "incomeBeforeTax": 356141000, "incomeBeforeTaxRatio": 0.0878224223, "incomeTaxExpense": 66156000, "netIncome": 289985000, "netIncomeRatio": 0.0715087147, "eps": 0.58, "epsdiluted": 0.56, "weightedAverageShsOut": 501372000, "weightedAverageShsOutDil": 513476000, "link": "https://www.sec.gov/Archives/edgar/data/796343/000079634314000004/0000796343-14-000004-index.htm", "finalLink": "https://www.sec.gov/Archives/edgar/data/796343/000079634314000004/adbe10kfy13.htm", "calculatedOtherExpenses": 78751000, "calculatedOperatingExpenses": 3045960000, "calculatedNetInterest": -45621000, "calculatedOtherIncome": -20961000, "calculatedIncomeNonControlling": 0, "calculatedEbitda": 743950000}, {"date": "2012-11-30", "symbol": "ADBE", "reportedCurrency": "USD", "cik": "0000796343", "fillingDate": "2013-01-22", "acceptedDate": "2013-01-22 17:31:15", "calendarYear": "2012", "period": "FY", "revenue": 4403677000, "costOfRevenue": 483782000, "grossProfit": 3919895000, "grossProfitRatio": 0.8901413523, "researchAndDevelopmentExpenses": 742823000, "generalAndAdministrativeExpenses": 434982000, "sellingAndMarketingExpenses": 1516159000, "sellingGeneralAndAdministrativeExpenses": 1951141000, "otherExpenses": 594000, "operatingExpenses": 2742621000, "costAndExpenses": 3226403000, "interestIncome": 24549000, "interestExpense": 67487000, "depreciationAndAmortization": 299766000, "ebitda": 1486047000, "ebitdaratio": 0.3374559487, "operatingIncome": 1180191000, "operatingIncomeRatio": 0.2680012635, "totalOtherIncomeExpensesNet": -61397000, "incomeBeforeTax": 1118794000, "incomeBeforeTaxRatio": 0.2540590511, "incomeTaxExpense": 286019000, "netIncome": 832775000, "netIncomeRatio": 0.1891090105, "eps": 1.68, "epsdiluted": 1.66, "weightedAverageShsOut": 494731000, "weightedAverageShsOutDil": 502721000, "link": "https://www.sec.gov/Archives/edgar/data/796343/000079634313000008/0000796343-13-000008-index.htm", "finalLink": "https://www.sec.gov/Archives/edgar/data/796343/000079634313000008/adbe10kfy12.htm", "calculatedOtherExpenses": 45740000, "calculatedOperatingExpenses": 2739704000, "calculatedNetInterest": -42938000, "calculatedOtherIncome": -18459000, "calculatedIncomeNonControlling": 0, "calculatedEbitda": 1479957000}, {"date": "2011-12-02", "symbol": "ADBE", "reportedCurrency": "USD", "cik": "0000796343", "fillingDate": "2012-01-26", "acceptedDate": "2012-01-26 16:10:33", "calendarYear": "2011", "period": "FY", "revenue": 4216258000, "costOfRevenue": 437873000, "grossProfit": 3778385000, "grossProfitRatio": 0.8961465356, "researchAndDevelopmentExpenses": 738053000, "generalAndAdministrativeExpenses": 414605000, "sellingAndMarketingExpenses": 1385822000, "sellingGeneralAndAdministrativeExpenses": 1800427000, "otherExpenses": 0, "operatingExpenses": 2581313000, "costAndExpenses": 3019186000, "interestIncome": 24506000, "interestExpense": 66952000, "depreciationAndAmortization": 270205000, "ebitda": 1372387000, "ebitdaratio": 0.3254988191, "operatingIncome": 1099299000, "operatingIncomeRatio": 0.2607285892, "totalOtherIncomeExpensesNet": -64069000, "incomeBeforeTax": 1035230000, "incomeBeforeTaxRatio": 0.2455328872, "incomeTaxExpense": 202383000, "netIncome": 832847000, "netIncomeRatio": 0.1975322668, "eps": 1.67, "epsdiluted": 1.65, "weightedAverageShsOut": 497469000, "weightedAverageShsOutDil": 503921000, "link": "https://www.sec.gov/Archives/edgar/data/796343/000079634312000003/0000796343-12-000003-index.htm", "finalLink": "https://www.sec.gov/Archives/edgar/data/796343/000079634312000003/adbe10kfy11.htm", "calculatedOtherExpenses": 140606000, "calculatedOperatingExpenses": 2679086000, "calculatedNetInterest": -42446000, "calculatedOtherIncome": -21623000, "calculatedIncomeNonControlling": 0, "calculatedEbitda": 1369504000}, {"date": "2010-12-03", "symbol": "ADBE", "reportedCurrency": "USD", "cik": "0000796343", "fillingDate": "2011-01-27", "acceptedDate": "2011-01-27 13:14:29", "calendarYear": "2010", "period": "FY", "revenue": 3800000000, "costOfRevenue": 403502000, "grossProfit": 3396498000, "grossProfitRatio": 0.8938152632, "researchAndDevelopmentExpenses": 680332000, "generalAndAdministrativeExpenses": 383499000, "sellingAndMarketingExpenses": 1244197000, "sellingGeneralAndAdministrativeExpenses": 1627696000, "otherExpenses": 0, "operatingExpenses": 2380158000, "costAndExpenses": 2783660000, "interestIncome": 21923000, "interestExpense": 56952000, "depreciationAndAmortization": 292738000, "ebitda": 1292841000, "ebitdaratio": 0.3402213158, "operatingIncome": 993074000, "operatingIncomeRatio": 0.2613352632, "totalOtherIncomeExpensesNet": -49923000, "incomeBeforeTax": 943151000, "incomeBeforeTaxRatio": 0.2481976316, "incomeTaxExpense": 168471000, "netIncome": 774680000, "netIncomeRatio": 0.2038631579, "eps": 1.49, "epsdiluted": 1.47, "weightedAverageShsOut": 519045000, "weightedAverageShsOutDil": 525824000, "link": "https://www.sec.gov/Archives/edgar/data/796343/000079634311000003/0000796343-11-000003-index.htm", "finalLink": "https://www.sec.gov/Archives/edgar/data/796343/000079634311000003/form_10k.htm", "calculatedOtherExpenses": 95396000, "calculatedOperatingExpenses": 2403424000, "calculatedNetInterest": -35029000, "calculatedOtherIncome": -14894000, "calculatedIncomeNonControlling": 0, "calculatedEbitda": 1285812000}, {"date": "2009-11-27", "symbol": "ADBE", "reportedCurrency": "USD", "cik": "0000796343", "fillingDate": "2010-01-22", "acceptedDate": "2010-01-22 12:14:18", "calendarYear": "2009", "period": "FY", "revenue": 2945853000, "costOfRevenue": 296732000, "grossProfit": 2649121000, "grossProfitRatio": 0.8992712807, "researchAndDevelopmentExpenses": 565141000, "generalAndAdministrativeExpenses": 298749000, "sellingAndMarketingExpenses": 981903000, "sellingGeneralAndAdministrativeExpenses": 1280652000, "otherExpenses": 0, "operatingExpenses": 1917348000, "costAndExpenses": 2214080000, "interestIncome": 31380000, "interestExpense": 3407000, "depreciationAndAmortization": 282423000, "ebitda": 987350000, "ebitdaratio": 0.3351660792, "operatingIncome": 690513000, "operatingIncomeRatio": 0.2344017166, "totalOtherIncomeExpensesNet": 11007000, "incomeBeforeTax": 701520000, "incomeBeforeTaxRatio": 0.2381381556, "incomeTaxExpense": 315012000, "netIncome": 386508000, "netIncomeRatio": 0.1312041029, "eps": 0.74, "epsdiluted": 0.73, "weightedAverageShsOut": 524470000, "weightedAverageShsOutDil": 530610000, "link": "https://www.sec.gov/Archives/edgar/data/796343/000079634310000003/0000796343-10-000003-index.htm", "finalLink": "https://www.sec.gov/Archives/edgar/data/796343/000079634310000003/form_10k.htm", "calculatedOtherExpenses": 112815000, "calculatedOperatingExpenses": 1958608000, "calculatedNetInterest": 27973000, "calculatedOtherIncome": -16966000, "calculatedIncomeNonControlling": 0, "calculatedEbitda": 972936000}, {"date": "2008-11-28", "symbol": "ADBE", "reportedCurrency": "USD", "cik": "0000796343", "fillingDate": "2009-01-23", "acceptedDate": "2009-01-23 15:10:49", "calendarYear": "2008", "period": "FY", "revenue": 3579889000, "costOfRevenue": 362630000, "grossProfit": 3217259000, "grossProfitRatio": 0.8987035632, "researchAndDevelopmentExpenses": 662057000, "generalAndAdministrativeExpenses": 337291000, "sellingAndMarketingExpenses": 1089341000, "sellingGeneralAndAdministrativeExpenses": 1426632000, "otherExpenses": 0, "operatingExpenses": 2156935000, "costAndExpenses": 2519565000, "interestIncome": 0, "interestExpense": -10019000, "depreciationAndAmortization": 270269000, "ebitda": 1348777000, "ebitdaratio": 0.3767650338, "operatingIncome": 1028271000, "operatingIncomeRatio": 0.2872354422, "totalOtherIncomeExpensesNet": 50237000, "incomeBeforeTax": 1078508000, "incomeBeforeTaxRatio": 0.3012685589, "incomeTaxExpense": 206694000, "netIncome": 871814000, "netIncomeRatio": 0.2435310145, "eps": 1.62, "epsdiluted": 1.59, "weightedAverageShsOut": 539373000, "weightedAverageShsOutDil": 548553000, "link": "https://www.sec.gov/Archives/edgar/data/796343/000079634309000007/0000796343-09-000007-index.htm", "finalLink": "https://www.sec.gov/Archives/edgar/data/796343/000079634309000007/form_10k.htm", "calculatedOtherExpenses": 100299000, "calculatedOperatingExpenses": 2188988000, "calculatedNetInterest": 10019000, "calculatedOtherIncome": 40218000, "calculatedIncomeNonControlling": 0, "calculatedEbitda": 1298540000}, {"date": "2007-11-30", "symbol": "ADBE", "reportedCurrency": "USD", "cik": "0000796343", "fillingDate": "2008-01-24", "acceptedDate": "2008-01-24 11:15:53", "calendarYear": "2007", "period": "FY", "revenue": 3157881000, "costOfRevenue": 354694000, "grossProfit": 2803187000, "grossProfitRatio": 0.8876797447, "researchAndDevelopmentExpenses": 613242000, "generalAndAdministrativeExpenses": 274982000, "sellingAndMarketingExpenses": 984388000, "sellingGeneralAndAdministrativeExpenses": 1259370000, "otherExpenses": 0, "operatingExpenses": 1945047000, "costAndExpenses": 2299741000, "interestIncome": 0, "interestExpense": 0, "depreciationAndAmortization": 315464000, "ebitda": 1262654000, "ebitdaratio": 0.3998421726, "operatingIncome": 857585000, "operatingIncomeRatio": 0.2715697647, "totalOtherIncomeExpensesNet": 89605000, "incomeBeforeTax": 947190000, "incomeBeforeTaxRatio": 0.2999448048, "incomeTaxExpense": 223383000, "netIncome": 723807000, "netIncomeRatio": 0.229206547, "eps": 1.24, "epsdiluted": 1.21, "weightedAverageShsOut": 584203000, "weightedAverageShsOutDil": 598775000, "link": "https://www.sec.gov/Archives/edgar/data/796343/000104746908000497/0001047469-08-000497-index.htm", "finalLink": "https://www.sec.gov/Archives/edgar/data/796343/000104746908000497/a2181848z10-k.htm", "calculatedOtherExpenses": 72990000, "calculatedOperatingExpenses": 1945602000, "calculatedNetInterest": 0, "calculatedOtherIncome": 89605000, "calculatedIncomeNonControlling": 0, "calculatedEbitda": 1173049000}, {"date": "2006-12-01", "symbol": "ADBE", "reportedCurrency": "USD", "cik": "0000796343", "fillingDate": "2007-02-05", "acceptedDate": "2007-02-05 17:21:51", "calendarYear": "2006", "period": "FY", "revenue": 2575300000, "costOfRevenue": 292457000, "grossProfit": 2282843000, "grossProfitRatio": 0.8864376966, "researchAndDevelopmentExpenses": 539684000, "generalAndAdministrativeExpenses": 235115000, "sellingAndMarketingExpenses": 867145000, "sellingGeneralAndAdministrativeExpenses": 1102260000, "otherExpenses": 0, "operatingExpenses": 1711817000, "costAndExpenses": 2004274000, "interestIncome": 0, "interestExpense": 0, "depreciationAndAmortization": 307822000, "ebitda": 987549000, "ebitdaratio": 0.3834694987, "operatingIncome": 551293000, "operatingIncomeRatio": 0.2140694288, "totalOtherIncomeExpensesNet": 128434000, "incomeBeforeTax": 679727000, "incomeBeforeTaxRatio": 0.2639409001, "incomeTaxExpense": 173918000, "netIncome": 505809000, "netIncomeRatio": 0.1964077971, "eps": 0.85, "epsdiluted": 0.83, "weightedAverageShsOut": 593750000, "weightedAverageShsOutDil": 612222000, "link": "https://www.sec.gov/Archives/edgar/data/796343/000110465907007286/0001104659-07-007286-index.htm", "finalLink": "https://www.sec.gov/Archives/edgar/data/796343/000110465907007286/a07-3000_110k.htm", "calculatedOtherExpenses": 89606000, "calculatedOperatingExpenses": 1731550000, "calculatedNetInterest": 0, "calculatedOtherIncome": 128434000, "calculatedIncomeNonControlling": 0, "calculatedEbitda": 859115000}, {"date": "2005-12-02", "symbol": "ADBE", "reportedCurrency": "USD", "cik": "0000796343", "fillingDate": "2006-02-08", "acceptedDate": "2006-02-08 16:29:05", "calendarYear": "2005", "period": "FY", "revenue": 1966321000, "costOfRevenue": 112578000, "grossProfit": 1853743000, "grossProfitRatio": 0.9427468862, "researchAndDevelopmentExpenses": 365328000, "generalAndAdministrativeExpenses": 166658000, "sellingAndMarketingExpenses": 593323000, "sellingGeneralAndAdministrativeExpenses": 759981000, "otherExpenses": 0, "operatingExpenses": 1125309000, "costAndExpenses": 1237887000, "interestIncome": 0, "interestExpense": 0, "depreciationAndAmortization": 64335000, "ebitda": 830111000, "ebitdaratio": 0.4221645398, "operatingIncome": 728434000, "operatingIncomeRatio": 0.3704552817, "totalOtherIncomeExpensesNet": 37342000, "incomeBeforeTax": 765776000, "incomeBeforeTaxRatio": 0.3894460772, "incomeTaxExpense": 162937000, "netIncome": 602839000, "netIncomeRatio": 0.3065821908, "eps": 1.23, "epsdiluted": 1.19, "weightedAverageShsOut": 489921000, "weightedAverageShsOutDil": 508070000, "link": "https://www.sec.gov/Archives/edgar/data/796343/000104746906001601/0001047469-06-001601-index.htm", "finalLink": "https://www.sec.gov/Archives/edgar/data/796343/000104746906001601/a2167302z10-k.htm", "calculatedOtherExpenses": 0, "calculatedOperatingExpenses": 1125309000, "calculatedNetInterest": 0, "calculatedOtherIncome": 37342000, "calculatedIncomeNonControlling": 0, "calculatedEbitda": 792769000}, {"date": "2004-12-03", "symbol": "ADBE", "reportedCurrency": "USD", "cik": "0000796343", "fillingDate": "2005-02-02", "acceptedDate": "2005-02-02 13:35:09", "calendarYear": "2004", "period": "FY", "revenue": 1666581000, "costOfRevenue": 104378000, "grossProfit": 1562203000, "grossProfitRatio": 0.9373699808, "researchAndDevelopmentExpenses": 311296000, "generalAndAdministrativeExpenses": 137970000, "sellingAndMarketingExpenses": 521143000, "sellingGeneralAndAdministrativeExpenses": 659113000, "otherExpenses": 0, "operatingExpenses": 970409000, "costAndExpenses": 1074787000, "interestIncome": 0, "interestExpense": 0, "depreciationAndAmortization": 60808000, "ebitda": 669453000, "ebitdaratio": 0.401692447, "operatingIncome": 591794000, "operatingIncomeRatio": 0.3550946519, "totalOtherIncomeExpensesNet": 16851000, "incomeBeforeTax": 608645000, "incomeBeforeTaxRatio": 0.3652057716, "incomeTaxExpense": 158247000, "netIncome": 450398000, "netIncomeRatio": 0.270252691, "eps": 0.95, "epsdiluted": 0.91, "weightedAverageShsOut": 477658000, "weightedAverageShsOutDil": 495626000, "link": "https://www.sec.gov/Archives/edgar/data/796343/000104746905002143/0001047469-05-002143-index.htm", "finalLink": "https://www.sec.gov/Archives/edgar/data/796343/000104746905002143/a2150461z10-k.htm", "calculatedOtherExpenses": 0, "calculatedOperatingExpenses": 970409000, "calculatedNetInterest": 0, "calculatedOtherIncome": 16851000, "calculatedIncomeNonControlling": 0, "calculatedEbitda": 652602000}, {"date": "2003-11-28", "symbol": "ADBE", "reportedCurrency": "USD", "cik": "0000796343", "fillingDate": "2004-02-05", "acceptedDate": "2004-02-05 16:55:58", "calendarYear": "2003", "period": "FY", "revenue": 1294749000, "costOfRevenue": 93022000, "grossProfit": 1201727000, "grossProfitRatio": 0.9281544145, "researchAndDevelopmentExpenses": 276980000, "generalAndAdministrativeExpenses": 122427000, "sellingAndMarketingExpenses": 423417000, "sellingGeneralAndAdministrativeExpenses": 545844000, "otherExpenses": 0, "operatingExpenses": 822824000, "costAndExpenses": 915846000, "interestIncome": 0, "interestExpense": 0, "depreciationAndAmortization": 49014000, "ebitda": 429506000, "ebitdaratio": 0.3317291614, "operatingIncome": 379447000, "operatingIncomeRatio": 0.2930660692, "totalOtherIncomeExpensesNet": 1045000, "incomeBeforeTax": 380492000, "incomeBeforeTaxRatio": 0.2938731754, "incomeTaxExpense": 114148000, "netIncome": 266344000, "netIncomeRatio": 0.2057109139, "eps": 0.57, "epsdiluted": 0.55, "weightedAverageShsOut": 468492000, "weightedAverageShsOutDil": 482900000, "link": "https://www.sec.gov/Archives/edgar/data/796343/000104746904003345/0001047469-04-003345-index.htm", "finalLink": "https://www.sec.gov/Archives/edgar/data/796343/000104746904003345/a2127850z10-k.htm", "calculatedOtherExpenses": -544000, "calculatedOperatingExpenses": 822280000, "calculatedNetInterest": 0, "calculatedOtherIncome": 1045000, "calculatedIncomeNonControlling": 0, "calculatedEbitda": 428461000}, {"date": "2002-11-29", "symbol": "ADBE", "reportedCurrency": "USD", "cik": "0000796343", "fillingDate": "2003-02-26", "acceptedDate": "2003-02-26 17:18:40", "calendarYear": "2002", "period": "FY", "revenue": 1164788000, "costOfRevenue": 104288000, "grossProfit": 1060500000, "grossProfitRatio": 0.9104661106, "researchAndDevelopmentExpenses": 246082000, "generalAndAdministrativeExpenses": 108134000, "sellingAndMarketingExpenses": 380367000, "sellingGeneralAndAdministrativeExpenses": 488501000, "otherExpenses": 0, "operatingExpenses": 755556000, "costAndExpenses": 859844000, "interestIncome": 0, "interestExpense": 0, "depreciationAndAmortization": 63481000, "ebitda": 348170000, "ebitdaratio": 0.2989127635, "operatingIncome": 287027000, "operatingIncomeRatio": 0.2464199494, "totalOtherIncomeExpensesNet": -2338000, "incomeBeforeTax": 284689000, "incomeBeforeTaxRatio": 0.2444127172, "incomeTaxExpense": 93290000, "netIncome": 191399000, "netIncomeRatio": 0.1643208893, "eps": 0.41, "epsdiluted": 0.4, "weightedAverageShsOut": 473668000, "weightedAverageShsOutDil": 486238000, "link": "https://www.sec.gov/Archives/edgar/data/796343/000117494703000004/0001174947-03-000004-index.htm", "finalLink": "https://www.sec.gov/Archives/edgar/data/796343/000117494703000004/adobe_10kfy02.htm", "calculatedOtherExpenses": 38890000, "calculatedOperatingExpenses": 773473000, "calculatedNetInterest": 0, "calculatedOtherIncome": -2338000, "calculatedIncomeNonControlling": 0, "calculatedEbitda": 350508000}, {"date": "2001-11-30", "symbol": "ADBE", "reportedCurrency": "USD", "cik": "0000796343", "fillingDate": "2002-02-21", "acceptedDate": "2002-02-21 00:00:00", "calendarYear": "2001", "period": "FY", "revenue": 1229720000, "costOfRevenue": 81451000, "grossProfit": 1148269000, "grossProfitRatio": 0.9337645968, "researchAndDevelopmentExpenses": 224122000, "generalAndAdministrativeExpenses": 115626000, "sellingAndMarketingExpenses": 403720000, "sellingGeneralAndAdministrativeExpenses": 519346000, "otherExpenses": 0, "operatingExpenses": 757749000, "costAndExpenses": 839200000, "interestIncome": 0, "interestExpense": 0, "depreciationAndAmortization": 56645000, "ebitda": 363576000, "ebitdaratio": 0.2956575481, "operatingIncome": 378457000, "operatingIncomeRatio": 0.3077586768, "totalOtherIncomeExpensesNet": -71526000, "incomeBeforeTax": 306931000, "incomeBeforeTaxRatio": 0.2495942166, "incomeTaxExpense": 101287000, "netIncome": 205644000, "netIncomeRatio": 0.1672283121, "eps": 0.43, "epsdiluted": 0.42, "weightedAverageShsOut": 476922000, "weightedAverageShsOutDil": 498290000, "link": "https://www.sec.gov/Archives/edgar/data/796343/000091205702007164/0000912057-02-007164-index.htm", "finalLink": "https://www.sec.gov/Archives/edgar/data/796343/000091205702007164/a2069604z10-k.htm", "calculatedOtherExpenses": 26344000, "calculatedOperatingExpenses": 769812000, "calculatedNetInterest": 0, "calculatedOtherIncome": -71526000, "calculatedIncomeNonControlling": 0, "calculatedEbitda": 435102000}, {"date": "2000-12-01", "symbol": "ADBE", "reportedCurrency": "USD", "cik": "0000796343", "fillingDate": "2001-02-26", "acceptedDate": "2001-02-26 00:00:00", "calendarYear": "2000", "period": "FY", "revenue": 1266378000, "costOfRevenue": 87255000, "grossProfit": 1179123000, "grossProfitRatio": 0.9310987715, "researchAndDevelopmentExpenses": 240212000, "generalAndAdministrativeExpenses": 116528000, "sellingAndMarketingExpenses": 401188000, "sellingGeneralAndAdministrativeExpenses": 517716000, "otherExpenses": 0, "operatingExpenses": 764941000, "costAndExpenses": 852196000, "interestIncome": 0, "interestExpense": 0, "depreciationAndAmortization": 43275000, "ebitda": 487014000, "ebitdaratio": 0.3845723789, "operatingIncome": 408083000, "operatingIncomeRatio": 0.3222442272, "totalOtherIncomeExpensesNet": 35656000, "incomeBeforeTax": 443739000, "incomeBeforeTaxRatio": 0.3504001175, "incomeTaxExpense": 155931000, "netIncome": 287808000, "netIncomeRatio": 0.2272686354, "eps": 0.61, "epsdiluted": 0.56, "weightedAverageShsOut": 476584000, "weightedAverageShsOutDil": 511548000, "link": "https://www.sec.gov/Archives/edgar/data/796343/000091205701006700/0000912057-01-006700-index.htm", "finalLink": "https://www.sec.gov/Archives/edgar/data/796343/000091205701006700/a2039309z10-k.htm", "calculatedOtherExpenses": 13112000, "calculatedOperatingExpenses": 771040000, "calculatedNetInterest": 0, "calculatedOtherIncome": 35656000, "calculatedIncomeNonControlling": 0, "calculatedEbitda": 451358000}, {"date": "1999-12-03", "symbol": "ADBE", "reportedCurrency": "USD", "cik": "0000796343", "fillingDate": "2000-02-16", "acceptedDate": "2000-02-16 00:00:00", "calendarYear": "1999", "period": "FY", "revenue": 1015434000, "costOfRevenue": 94540000, "grossProfit": 920894000, "grossProfitRatio": 0.9068969524, "researchAndDevelopmentExpenses": 197476000, "generalAndAdministrativeExpenses": 103622000, "sellingAndMarketingExpenses": 328505000, "sellingGeneralAndAdministrativeExpenses": 432127000, "otherExpenses": 0, "operatingExpenses": 634433000, "costAndExpenses": 728973000, "interestIncome": 0, "interestExpense": 0, "depreciationAndAmortization": 50770000, "ebitda": 425197000, "ebitdaratio": 0.4187342555, "operatingIncome": 259853000, "operatingIncomeRatio": 0.2559033871, "totalOtherIncomeExpensesNet": 114574000, "incomeBeforeTax": 374427000, "incomeBeforeTaxRatio": 0.3687359297, "incomeTaxExpense": 136676000, "netIncome": 237751000, "netIncomeRatio": 0.2341373245, "eps": 0.49, "epsdiluted": 0.46, "weightedAverageShsOut": 483144000, "weightedAverageShsOutDil": 516820000, "link": "https://www.sec.gov/Archives/edgar/data/796343/000091205700007295/0000912057-00-007295-index.html", "finalLink": "https://www.sec.gov/Archives/edgar/data/796343/000091205700007295/0000912057-00-007295-d1.html", "calculatedOtherExpenses": 31438000, "calculatedOperatingExpenses": 661041000, "calculatedNetInterest": 0, "calculatedOtherIncome": 114574000, "calculatedIncomeNonControlling": 0, "calculatedEbitda": 310623000}, {"date": "1998-11-27", "symbol": "ADBE", "reportedCurrency": "USD", "cik": "0000796343", "fillingDate": "1999-02-17", "acceptedDate": "1999-02-17 00:00:00", "calendarYear": "1998", "period": "FY", "revenue": 894791000, "costOfRevenue": 111437000, "grossProfit": 783354000, "grossProfitRatio": 0.875460303, "researchAndDevelopmentExpenses": 207339000, "generalAndAdministrativeExpenses": 0, "sellingAndMarketingExpenses": 0, "sellingGeneralAndAdministrativeExpenses": 412423000, "otherExpenses": 0, "operatingExpenses": 619762000, "costAndExpenses": 731199000, "interestIncome": 0, "interestExpense": 0, "depreciationAndAmortization": 56264000, "ebitda": 243107000, "ebitdaratio": 0.2716913782, "operatingIncome": 125347000, "operatingIncomeRatio": 0.1400852266, "totalOtherIncomeExpensesNet": -23251000, "incomeBeforeTax": 167694000, "incomeBeforeTaxRatio": 0.187411362, "incomeTaxExpense": 62550000, "netIncome": 105144000, "netIncomeRatio": 0.1175067697, "eps": 0.2, "epsdiluted": 0.19, "weightedAverageShsOut": 531464000, "weightedAverageShsOutDil": 543792000, "link": "https://www.sec.gov/Archives/edgar/data/796343/000104746999006452/0001047469-99-006452-index.html", "finalLink": "https://www.sec.gov/Archives/edgar/data/796343/", "calculatedOtherExpenses": 38245000, "calculatedOperatingExpenses": 658007000, "calculatedNetInterest": 0, "calculatedOtherIncome": 42347000, "calculatedIncomeNonControlling": 0, "calculatedEbitda": 181611000}, {"date": "1997-11-28", "symbol": "ADBE", "reportedCurrency": "USD", "cik": "0000796343", "fillingDate": "1998-02-17", "acceptedDate": "1998-02-17 00:00:00", "calendarYear": "1997", "period": "FY", "revenue": 911894000, "costOfRevenue": 126271000, "grossProfit": 785623000, "grossProfitRatio": 0.8615288619, "researchAndDevelopmentExpenses": 170862000, "generalAndAdministrativeExpenses": 0, "sellingAndMarketingExpenses": 0, "sellingGeneralAndAdministrativeExpenses": 378626000, "otherExpenses": -590000, "operatingExpenses": 548898000, "costAndExpenses": 675169000, "interestIncome": 0, "interestExpense": 0, "depreciationAndAmortization": 59384000, "ebitda": 267198000, "ebitdaratio": 0.2930143196, "operatingIncome": 230756000, "operatingIncomeRatio": 0.2530513415, "totalOtherIncomeExpensesNet": 28911000, "incomeBeforeTax": 296090000, "incomeBeforeTaxRatio": 0.3246978267, "incomeTaxExpense": 109253000, "netIncome": 186837000, "netIncomeRatio": 0.2048889454, "eps": 0.33, "epsdiluted": 0.32, "weightedAverageShsOut": 575696000, "weightedAverageShsOutDil": 593280000, "link": "https://www.sec.gov/Archives/edgar/data/796343/000104746998006671/0001047469-98-006671-index.html", "finalLink": "https://www.sec.gov/Archives/edgar/data/796343/", "calculatedOtherExpenses": 5379000, "calculatedOperatingExpenses": 554867000, "calculatedNetInterest": 0, "calculatedOtherIncome": 65334000, "calculatedIncomeNonControlling": 0, "calculatedEbitda": 290140000}, {"date": "1996-11-29", "symbol": "ADBE", "reportedCurrency": "USD", "cik": "0000796343", "fillingDate": "1997-02-21", "acceptedDate": "1997-02-21 00:00:00", "calendarYear": "1996", "period": "FY", "revenue": 786563000, "costOfRevenue": 141147000, "grossProfit": 645416000, "grossProfitRatio": 0.8205521999, "researchAndDevelopmentExpenses": 152914000, "generalAndAdministrativeExpenses": 0, "sellingAndMarketingExpenses": 0, "sellingGeneralAndAdministrativeExpenses": 317006000, "otherExpenses": 2504000, "operatingExpenses": 472424000, "costAndExpenses": 613571000, "interestIncome": 0, "interestExpense": 0, "depreciationAndAmortization": 55621000, "ebitda": 185944000, "ebitdaratio": 0.2364006443, "operatingIncome": 146786000, "operatingIncomeRatio": 0.1866169652, "totalOtherIncomeExpensesNet": 42669000, "incomeBeforeTax": 244824000, "incomeBeforeTaxRatio": 0.3112579666, "incomeTaxExpense": 91547000, "netIncome": 153277000, "netIncomeRatio": 0.1948693239, "eps": 0.25, "epsdiluted": 0.25, "weightedAverageShsOut": 608518626, "weightedAverageShsOutDil": 608518626, "link": "https://www.sec.gov/Archives/edgar/data/796343/000091205797006476/0000912057-97-006476-index.html", "finalLink": "https://www.sec.gov/Archives/edgar/data/796343/", "calculatedOtherExpenses": 28710000, "calculatedOperatingExpenses": 498630000, "calculatedNetInterest": 0, "calculatedOtherIncome": 98038000, "calculatedIncomeNonControlling": 0, "calculatedEbitda": 202407000}, {"date": "1995-12-01", "symbol": "ADBE", "reportedCurrency": "USD", "cik": "0000796343", "fillingDate": "1996-02-22", "acceptedDate": "1996-02-22 00:00:00", "calendarYear": "1995", "period": "FY", "revenue": 762339000, "costOfRevenue": 130301000, "grossProfit": 632038000, "grossProfitRatio": 0.8290773527, "researchAndDevelopmentExpenses": 138616000, "generalAndAdministrativeExpenses": 0, "sellingAndMarketingExpenses": 0, "sellingGeneralAndAdministrativeExpenses": 301239000, "otherExpenses": 11095000, "operatingExpenses": 450950000, "costAndExpenses": 581251000, "interestIncome": 0, "interestExpense": 0, "depreciationAndAmortization": 60435000, "ebitda": 288040000, "ebitdaratio": 0.3778371564, "operatingIncome": 134571000, "operatingIncomeRatio": 0.1765238299, "totalOtherIncomeExpensesNet": -46517000, "incomeBeforeTax": 163853000, "incomeBeforeTaxRatio": 0.2149345632, "incomeTaxExpense": 70368000, "netIncome": 93485000, "netIncomeRatio": 0.1226291715, "eps": 0.16, "epsdiluted": 0.16, "weightedAverageShsOut": 601944121, "weightedAverageShsOutDil": 601944121, "link": "https://www.sec.gov/Archives/edgar/data/796343/000091205796002896/0000912057-96-002896-index.html", "finalLink": "https://www.sec.gov/Archives/edgar/data/796343/", "calculatedOtherExpenses": 57612000, "calculatedOperatingExpenses": 497467000, "calculatedNetInterest": 0, "calculatedOtherIncome": 29282000, "calculatedIncomeNonControlling": 0, "calculatedEbitda": 195006000}, {"date": "1994-11-25", "symbol": "ADBE", "reportedCurrency": "USD", "cik": "0000796343", "fillingDate": "1995-02-17", "acceptedDate": "1995-02-17 00:00:00", "calendarYear": "1994", "period": "FY", "revenue": 597800000, "costOfRevenue": 71900000, "grossProfit": 525900000, "grossProfitRatio": 0.8797256608, "researchAndDevelopmentExpenses": 99000000, "generalAndAdministrativeExpenses": 0, "sellingAndMarketingExpenses": 0, "sellingGeneralAndAdministrativeExpenses": 255000000, "otherExpenses": 53200000, "operatingExpenses": 407200000, "costAndExpenses": 479100000, "interestIncome": 0, "interestExpense": 0, "depreciationAndAmortization": 53200000, "ebitda": 250600000, "ebitdaratio": 0.4192037471, "operatingIncome": 118700000, "operatingIncomeRatio": 0.1985613918, "totalOtherIncomeExpensesNet": -78700000, "incomeBeforeTax": 40000000, "incomeBeforeTaxRatio": 0.0669120107, "incomeTaxExpense": 33700000, "netIncome": 6300000, "netIncomeRatio": 0.0105386417, "eps": 0.0271, "epsdiluted": 0.0271, "weightedAverageShsOut": 568836506, "weightedAverageShsOutDil": 568836506, "link": "https://www.sec.gov/Archives/edgar/data/796343/000091205795000843/0000912057-95-000843-index.html", "finalLink": "https://www.sec.gov/Archives/edgar/data/796343/", "calculatedOtherExpenses": 53200000, "calculatedOperatingExpenses": 407200000, "calculatedNetInterest": 0, "calculatedOtherIncome": -78700000, "calculatedIncomeNonControlling": 0, "calculatedEbitda": 171900000}, {"date": "1993-11-30", "symbol": "ADBE", "reportedCurrency": "USD", "cik": "0000796343", "fillingDate": "1993-11-30", "acceptedDate": "1993-11-29 19:00:00", "calendarYear": "1993", "period": "FY", "revenue": 313500000, "costOfRevenue": 29200000, "grossProfit": 284300000, "grossProfitRatio": 0.9068580542, "researchAndDevelopmentExpenses": 0, "generalAndAdministrativeExpenses": 0, "sellingAndMarketingExpenses": 0, "sellingGeneralAndAdministrativeExpenses": 177300000, "otherExpenses": 26000000, "operatingExpenses": 203300000, "costAndExpenses": 232500000, "interestIncome": 0, "interestExpense": 0, "depreciationAndAmortization": 26000000, "ebitda": 96900000, "ebitdaratio": 0.3090909091, "operatingIncome": 81000000, "operatingIncomeRatio": 0.2583732057, "totalOtherIncomeExpensesNet": 10100000, "incomeBeforeTax": 91000000, "incomeBeforeTaxRatio": 0.2902711324, "incomeTaxExpense": 34000000, "netIncome": 57000000, "netIncomeRatio": 0.1818181818, "eps": 0.14, "epsdiluted": 0.14, "weightedAverageShsOut": 487567199, "weightedAverageShsOutDil": 487567199, "link": "", "finalLink": "", "calculatedOtherExpenses": 26000000, "calculatedOperatingExpenses": 203300000, "calculatedNetInterest": 0, "calculatedOtherIncome": 10000000, "calculatedIncomeNonControlling": 0, "calculatedEbitda": 107000000}, {"date": "1992-11-30", "symbol": "ADBE", "reportedCurrency": "USD", "cik": "0000796343", "fillingDate": "1992-11-30", "acceptedDate": "1992-11-29 19:00:00", "calendarYear": "1992", "period": "FY", "revenue": 265900000, "costOfRevenue": 29400000, "grossProfit": 236500000, "grossProfitRatio": 0.8894321173, "researchAndDevelopmentExpenses": 0, "generalAndAdministrativeExpenses": 0, "sellingAndMarketingExpenses": 0, "sellingGeneralAndAdministrativeExpenses": 142700000, "otherExpenses": 19000000, "operatingExpenses": 161700000, "costAndExpenses": 191100000, "interestIncome": 0, "interestExpense": 0, "depreciationAndAmortization": 19000000, "ebitda": 99000000, "ebitdaratio": 0.3723204212, "operatingIncome": 74800000, "operatingIncomeRatio": 0.2813087627, "totalOtherIncomeExpensesNet": -5200000, "incomeBeforeTax": 69500000, "incomeBeforeTaxRatio": 0.2613764573, "incomeTaxExpense": 25900000, "netIncome": 43600000, "netIncomeRatio": 0.1639714178, "eps": 0.12, "epsdiluted": 0.12, "weightedAverageShsOut": 363333333, "weightedAverageShsOutDil": 363333333, "link": "", "finalLink": "", "calculatedOtherExpenses": 19000000, "calculatedOperatingExpenses": 161700000, "calculatedNetInterest": 0, "calculatedOtherIncome": -5300000, "calculatedIncomeNonControlling": 0, "calculatedEbitda": 93800000}, {"date": "1991-11-30", "symbol": "ADBE", "reportedCurrency": "USD", "cik": "0000796343", "fillingDate": "1991-11-30", "acceptedDate": "1991-11-29 19:00:00", "calendarYear": "1991", "period": "FY", "revenue": 229700000, "costOfRevenue": 61700000, "grossProfit": 168000000, "grossProfitRatio": 0.731388768, "researchAndDevelopmentExpenses": 0, "generalAndAdministrativeExpenses": 0, "sellingAndMarketingExpenses": 0, "sellingGeneralAndAdministrativeExpenses": 74800000, "otherExpenses": 15200000, "operatingExpenses": 90000000, "costAndExpenses": 151700000, "interestIncome": 0, "interestExpense": 0, "depreciationAndAmortization": 15200000, "ebitda": 87500000, "ebitdaratio": 0.38093165, "operatingIncome": 78000000, "operatingIncomeRatio": 0.3395733566, "totalOtherIncomeExpensesNet": 5700000, "incomeBeforeTax": 83600000, "incomeBeforeTaxRatio": 0.3639529822, "incomeTaxExpense": 32000000, "netIncome": 51600000, "netIncomeRatio": 0.2246408359, "eps": 0.14, "epsdiluted": 0.14, "weightedAverageShsOut": 355862069, "weightedAverageShsOutDil": 355862069, "link": "", "finalLink": "", "calculatedOtherExpenses": 15200000, "calculatedOperatingExpenses": 90000000, "calculatedNetInterest": 0, "calculatedOtherIncome": 5600000, "calculatedIncomeNonControlling": 0, "calculatedEbitda": 93200000}, {"date": "1990-11-30", "symbol": "ADBE", "reportedCurrency": "USD", "cik": "0000796343", "fillingDate": "1990-11-30", "acceptedDate": "1990-11-29 19:00:00", "calendarYear": "1990", "period": "FY", "revenue": 168700000, "costOfRevenue": 39400000, "grossProfit": 129300000, "grossProfitRatio": 0.7664493183, "researchAndDevelopmentExpenses": 0, "generalAndAdministrativeExpenses": 0, "sellingAndMarketingExpenses": 0, "sellingGeneralAndAdministrativeExpenses": 56100000, "otherExpenses": 11100000, "operatingExpenses": 67200000, "costAndExpenses": 106600000, "interestIncome": 0, "interestExpense": 0, "depreciationAndAmortization": 11100000, "ebitda": 69100000, "ebitdaratio": 0.4096028453, "operatingIncome": 62100000, "operatingIncomeRatio": 0.3681090694, "totalOtherIncomeExpensesNet": 4100000, "incomeBeforeTax": 66300000, "incomeBeforeTaxRatio": 0.3930053349, "incomeTaxExpense": 26200000, "netIncome": 40100000, "netIncomeRatio": 0.2377000593, "eps": 0.12, "epsdiluted": 0.12, "weightedAverageShsOut": 348695652, "weightedAverageShsOutDil": 348695652, "link": "", "finalLink": "", "calculatedOtherExpenses": 11100000, "calculatedOperatingExpenses": 67200000, "calculatedNetInterest": 0, "calculatedOtherIncome": 4200000, "calculatedIncomeNonControlling": 0, "calculatedEbitda": 73200000}, {"date": "1989-11-30", "symbol": "ADBE", "reportedCurrency": "USD", "cik": "0000796343", "fillingDate": "1989-11-30", "acceptedDate": "1989-11-29 19:00:00", "calendarYear": "1989", "period": "FY", "revenue": 121400000, "costOfRevenue": 13800000, "grossProfit": 107600000, "grossProfitRatio": 0.8863261944, "researchAndDevelopmentExpenses": 0, "generalAndAdministrativeExpenses": 0, "sellingAndMarketingExpenses": 0, "sellingGeneralAndAdministrativeExpenses": 50300000, "otherExpenses": 5600000, "operatingExpenses": 55900000, "costAndExpenses": 69700000, "interestIncome": 0, "interestExpense": 0, "depreciationAndAmortization": 5600000, "ebitda": 54100000, "ebitdaratio": 0.4456342669, "operatingIncome": 51700000, "operatingIncomeRatio": 0.4258649094, "totalOtherIncomeExpensesNet": 3200000, "incomeBeforeTax": 54800000, "incomeBeforeTaxRatio": 0.4514003295, "incomeTaxExpense": 21100000, "netIncome": 33700000, "netIncomeRatio": 0.2775947282, "eps": 0.1, "epsdiluted": 0.1, "weightedAverageShsOut": 337000000, "weightedAverageShsOutDil": 337000000, "link": "", "finalLink": "", "calculatedOtherExpenses": 5600000, "calculatedOperatingExpenses": 55900000, "calculatedNetInterest": 0, "calculatedOtherIncome": 3100000, "calculatedIncomeNonControlling": 0, "calculatedEbitda": 57300000}, {"date": "1988-11-30", "symbol": "ADBE", "reportedCurrency": "USD", "cik": "0000796343", "fillingDate": "1988-11-30", "acceptedDate": "1988-11-29 19:00:00", "calendarYear": "1988", "period": "FY", "revenue": 83500000, "costOfRevenue": 11400000, "grossProfit": 72100000, "grossProfitRatio": 0.8634730539, "researchAndDevelopmentExpenses": 0, "generalAndAdministrativeExpenses": 0, "sellingAndMarketingExpenses": 0, "sellingGeneralAndAdministrativeExpenses": 34600000, "otherExpenses": 3300000, "operatingExpenses": 37900000, "costAndExpenses": 49300000, "interestIncome": 0, "interestExpense": 0, "depreciationAndAmortization": 3300000, "ebitda": 35900000, "ebitdaratio": 0.4299401198, "operatingIncome": 34200000, "operatingIncomeRatio": 0.4095808383, "totalOtherIncomeExpensesNet": 1600000, "incomeBeforeTax": 35800000, "incomeBeforeTaxRatio": 0.428742515, "incomeTaxExpense": 14700000, "netIncome": 21100000, "netIncomeRatio": 0.2526946108, "eps": 0.065, "epsdiluted": 0.065, "weightedAverageShsOut": 324615385, "weightedAverageShsOutDil": 324615385, "link": "", "finalLink": "", "calculatedOtherExpenses": 3300000, "calculatedOperatingExpenses": 37900000, "calculatedNetInterest": 0, "calculatedOtherIncome": 1600000, "calculatedIncomeNonControlling": 0, "calculatedEbitda": 37500000}, {"date": "1987-11-30", "symbol": "ADBE", "reportedCurrency": "USD", "cik": "0000796343", "fillingDate": "1987-11-30", "acceptedDate": "1987-11-29 19:00:00", "calendarYear": "1987", "period": "FY", "revenue": 39300000, "costOfRevenue": 8100000, "grossProfit": 31200000, "grossProfitRatio": 0.7938931298, "researchAndDevelopmentExpenses": 0, "generalAndAdministrativeExpenses": 0, "sellingAndMarketingExpenses": 0, "sellingGeneralAndAdministrativeExpenses": 13500000, "otherExpenses": 1600000, "operatingExpenses": 15100000, "costAndExpenses": 23200000, "interestIncome": 0, "interestExpense": 0, "depreciationAndAmortization": 1600000, "ebitda": 16900000, "ebitdaratio": 0.4300254453, "operatingIncome": 16100000, "operatingIncomeRatio": 0.4096692112, "totalOtherIncomeExpensesNet": 800000, "incomeBeforeTax": 16900000, "incomeBeforeTaxRatio": 0.4300254453, "incomeTaxExpense": 7900000, "netIncome": 9000000, "netIncomeRatio": 0.2290076336, "eps": 0.03, "epsdiluted": 0.03, "weightedAverageShsOut": 300000000, "weightedAverageShsOutDil": 300000000, "link": "", "finalLink": "", "calculatedOtherExpenses": 1600000, "calculatedOperatingExpenses": 15100000, "calculatedNetInterest": 0, "calculatedOtherIncome": 800000, "calculatedIncomeNonControlling": 0, "calculatedEbitda": 17700000}, {"date": "1986-11-30", "symbol": "ADBE", "reportedCurrency": "USD", "cik": "0000796343", "fillingDate": "1986-11-30", "acceptedDate": "1986-11-29 19:00:00", "calendarYear": "1986", "period": "FY", "revenue": 16100000, "costOfRevenue": 900000, "grossProfit": 15200000, "grossProfitRatio": 0.9440993789, "researchAndDevelopmentExpenses": 0, "generalAndAdministrativeExpenses": 0, "sellingAndMarketingExpenses": 0, "sellingGeneralAndAdministrativeExpenses": 7600000, "otherExpenses": 700000, "operatingExpenses": 8300000, "costAndExpenses": 9200000, "interestIncome": 0, "interestExpense": 0, "depreciationAndAmortization": 700000, "ebitda": 7200000, "ebitdaratio": 0.4472049689, "operatingIncome": 6900000, "operatingIncomeRatio": 0.4285714286, "totalOtherIncomeExpensesNet": 400000, "incomeBeforeTax": 7200000, "incomeBeforeTaxRatio": 0.4472049689, "incomeTaxExpense": 3600000, "netIncome": 3600000, "netIncomeRatio": 0.2236024845, "eps": 0.015, "epsdiluted": 0.015, "weightedAverageShsOut": 240000000, "weightedAverageShsOutDil": 240000000, "link": "", "finalLink": "", "calculatedOtherExpenses": 700000, "calculatedOperatingExpenses": 8300000, "calculatedNetInterest": 0, "calculatedOtherIncome": 300000, "calculatedIncomeNonControlling": 0, "calculatedEbitda": 7600000}]}