{"originalCurrency": "USD", "convertedCurrency": "USD", "report": [{"date": "2023-12-31", "symbol": "ADC", "reportedCurrency": "USD", "cik": "0000917251", "fillingDate": "2024-02-13", "acceptedDate": "2024-02-13 16:08:48", "calendarYear": "2023", "period": "FY", "revenue": 537495000, "costOfRevenue": 239666000, "grossProfit": 297829000, "grossProfitRatio": 0.5541056196, "researchAndDevelopmentExpenses": 0, "generalAndAdministrativeExpenses": 34788000, "sellingAndMarketingExpenses": 0, "sellingGeneralAndAdministrativeExpenses": 34788000, "otherExpenses": -34788000, "operatingExpenses": 34788000, "costAndExpenses": 274454000, "interestIncome": 0, "interestExpense": 76010000, "depreciationAndAmortization": 174613000, "ebitda": 437654000, "ebitdaratio": 0.8142475744, "operatingIncome": 263041000, "operatingIncomeRatio": 0.4893831571, "totalOtherIncomeExpensesNet": -86256000, "incomeBeforeTax": 176785000, "incomeBeforeTaxRatio": 0.3289053852, "incomeTaxExpense": 2910000, "netIncome": 169959000, "netIncomeRatio": 0.3162057321, "eps": 1.7, "epsdiluted": 1.7, "weightedAverageShsOut": 95191409, "weightedAverageShsOutDil": 95437412, "link": "https://www.sec.gov/Archives/edgar/data/917251/000155837024001056/0001558370-24-001056-index.htm", "finalLink": "https://www.sec.gov/Archives/edgar/data/917251/000155837024001056/adc-20231231x10k.htm", "calculatedOtherExpenses": 0, "calculatedOperatingExpenses": 34788000, "calculatedNetInterest": -76010000, "calculatedOtherIncome": -10246000, "calculatedIncomeNonControlling": 3916000, "calculatedEbitda": 437654000}, {"date": "2022-12-31", "symbol": "ADC", "reportedCurrency": "USD", "cik": "0000917251", "fillingDate": "2023-02-14", "acceptedDate": "2023-02-14 16:10:43", "calendarYear": "2022", "period": "FY", "revenue": 463151000, "costOfRevenue": 85618000, "grossProfit": 377533000, "grossProfitRatio": 0.8151402027, "researchAndDevelopmentExpenses": 0, "generalAndAdministrativeExpenses": 30121000, "sellingAndMarketingExpenses": 0, "sellingGeneralAndAdministrativeExpenses": 30121000, "otherExpenses": 133570000, "operatingExpenses": 163691000, "costAndExpenses": 249309000, "interestIncome": 63435000, "interestExpense": 63435000, "depreciationAndAmortization": 125001000, "ebitda": 343086000, "ebitdaratio": 0.7407648909, "operatingIncome": 218085000, "operatingIncomeRatio": 0.4708723505, "totalOtherIncomeExpensesNet": -62190000, "incomeBeforeTax": 155895000, "incomeBeforeTaxRatio": 0.336596488, "incomeTaxExpense": 2860000, "netIncome": 152437000, "netIncomeRatio": 0.3291302405, "eps": 1.84, "epsdiluted": 1.83, "weightedAverageShsOut": 78659333, "weightedAverageShsOutDil": 79164386, "link": "https://www.sec.gov/Archives/edgar/data/917251/000155837023001274/0001558370-23-001274-index.htm", "finalLink": "https://www.sec.gov/Archives/edgar/data/917251/000155837023001274/adc-20221231x10k.htm", "calculatedOtherExpenses": 129327000, "calculatedOperatingExpenses": 159448000, "calculatedNetInterest": 0, "calculatedOtherIncome": -62190000, "calculatedIncomeNonControlling": 598000, "calculatedEbitda": 343086000}, {"date": "2021-12-31", "symbol": "ADC", "reportedCurrency": "USD", "cik": "0000917251", "fillingDate": "2022-02-22", "acceptedDate": "2022-02-22 16:30:39", "calendarYear": "2021", "period": "FY", "revenue": 363606000, "costOfRevenue": 65344000, "grossProfit": 298262000, "grossProfitRatio": 0.8202889941, "researchAndDevelopmentExpenses": 0, "generalAndAdministrativeExpenses": 25456000, "sellingAndMarketingExpenses": 0, "sellingGeneralAndAdministrativeExpenses": 25456000, "otherExpenses": 95729000, "operatingExpenses": 121185000, "costAndExpenses": 186529000, "interestIncome": 50378000, "interestExpense": 66351000, "depreciationAndAmortization": 84129000, "ebitda": 274398000, "ebitdaratio": 0.7546575139, "operatingIncome": 190269000, "operatingIncomeRatio": 0.5232834442, "totalOtherIncomeExpensesNet": -64992000, "incomeBeforeTax": 125277000, "incomeBeforeTaxRatio": 0.3445405191, "incomeTaxExpense": 2401000, "netIncome": 122273000, "netIncomeRatio": 0.3362788293, "eps": 1.79, "epsdiluted": 1.78, "weightedAverageShsOut": 66802242, "weightedAverageShsOutDil": 67139079, "link": "https://www.sec.gov/Archives/edgar/data/917251/000155837022001606/0001558370-22-001606-index.htm", "finalLink": "https://www.sec.gov/Archives/edgar/data/917251/000155837022001606/adc-20211231x10k.htm", "calculatedOtherExpenses": 82537000, "calculatedOperatingExpenses": 107993000, "calculatedNetInterest": -15973000, "calculatedOtherIncome": -49019000, "calculatedIncomeNonControlling": 603000, "calculatedEbitda": 274398000}, {"date": "2020-12-31", "symbol": "ADC", "reportedCurrency": "USD", "cik": "0000917251", "fillingDate": "2021-02-18", "acceptedDate": "2021-02-18 16:12:40", "calendarYear": "2020", "period": "FY", "revenue": 248568000, "costOfRevenue": 31752000, "grossProfit": 216816000, "grossProfitRatio": 0.872260307, "researchAndDevelopmentExpenses": 0, "generalAndAdministrativeExpenses": 20793000, "sellingAndMarketingExpenses": 0, "sellingGeneralAndAdministrativeExpenses": 20793000, "otherExpenses": 66758000, "operatingExpenses": 87551000, "costAndExpenses": 119303000, "interestIncome": 40097000, "interestExpense": 44659000, "depreciationAndAmortization": 67028000, "ebitda": 192156000, "ebitdaratio": 0.7730520421, "operatingIncome": 125128000, "operatingIncomeRatio": 0.5033954491, "totalOtherIncomeExpensesNet": -32070000, "incomeBeforeTax": 93058000, "incomeBeforeTaxRatio": 0.3743764282, "incomeTaxExpense": 1086000, "netIncome": 91381000, "netIncomeRatio": 0.3676297834, "eps": 1.76, "epsdiluted": 1.74, "weightedAverageShsOut": 51838219, "weightedAverageShsOutDil": 52396734, "link": "https://www.sec.gov/Archives/edgar/data/917251/000155837021001212/0001558370-21-001212-index.htm", "finalLink": "https://www.sec.gov/Archives/edgar/data/917251/000155837021001212/adc-20201231x10k.htm", "calculatedOtherExpenses": 70895000, "calculatedOperatingExpenses": 91688000, "calculatedNetInterest": -4562000, "calculatedOtherIncome": -27508000, "calculatedIncomeNonControlling": 591000, "calculatedEbitda": 192156000}, {"date": "2019-12-31", "symbol": "ADC", "reportedCurrency": "USD", "cik": "0000917251", "fillingDate": "2020-02-20", "acceptedDate": "2020-02-20 16:14:49", "calendarYear": "2019", "period": "FY", "revenue": 187478000, "costOfRevenue": 23511000, "grossProfit": 163967000, "grossProfitRatio": 0.8745932856, "researchAndDevelopmentExpenses": 0, "generalAndAdministrativeExpenses": 15566000, "sellingAndMarketingExpenses": 0, "sellingGeneralAndAdministrativeExpenses": 15566000, "otherExpenses": 45703000, "operatingExpenses": 61269000, "costAndExpenses": 84780000, "interestIncome": 33094000, "interestExpense": 32976000, "depreciationAndAmortization": 35615000, "ebitda": 136704000, "ebitdaratio": 0.7291735564, "operatingIncome": 101089000, "operatingIncomeRatio": 0.5392046, "totalOtherIncomeExpensesNet": -19788000, "incomeBeforeTax": 81301000, "incomeBeforeTaxRatio": 0.4336562157, "incomeTaxExpense": 538000, "netIncome": 80081000, "netIncomeRatio": 0.4271487855, "eps": 1.96, "epsdiluted": 1.93, "weightedAverageShsOut": 40577346, "weightedAverageShsOutDil": 41223614, "link": "https://www.sec.gov/Archives/edgar/data/917251/000155837020001080/0001558370-20-001080-index.htm", "finalLink": "https://www.sec.gov/Archives/edgar/data/917251/000155837020001080/adc-20191231x10k4f0b3a.htm", "calculatedOtherExpenses": 47312000, "calculatedOperatingExpenses": 62878000, "calculatedNetInterest": 118000, "calculatedOtherIncome": -19906000, "calculatedIncomeNonControlling": 682000, "calculatedEbitda": 136704000}, {"date": "2018-12-31", "symbol": "ADC", "reportedCurrency": "USD", "cik": "0000917251", "fillingDate": "2019-02-21", "acceptedDate": "2019-02-21 16:10:00", "calendarYear": "2018", "period": "FY", "revenue": 148195000, "costOfRevenue": 17011000, "grossProfit": 131184000, "grossProfitRatio": 0.8852120517, "researchAndDevelopmentExpenses": 0, "generalAndAdministrativeExpenses": 12165000, "sellingAndMarketingExpenses": 0, "sellingGeneralAndAdministrativeExpenses": 12165000, "otherExpenses": 4000, "operatingExpenses": 55863000, "costAndExpenses": 72874000, "interestIncome": 0, "interestExpense": -24872000, "depreciationAndAmortization": 43698000, "ebitda": 110158000, "ebitdaratio": 0.7433314214, "operatingIncome": 73002000, "operatingIncomeRatio": 0.4926077128, "totalOtherIncomeExpensesNet": 8865000, "incomeBeforeTax": 59314000, "incomeBeforeTaxRatio": 0.4002429232, "incomeTaxExpense": 516000, "netIncome": 58172000, "netIncomeRatio": 0.3925368602, "eps": 1.81, "epsdiluted": 1.8, "weightedAverageShsOut": 32070255, "weightedAverageShsOutDil": 32401122, "link": "https://www.sec.gov/Archives/edgar/data/917251/000155837019000849/0001558370-19-000849-index.htm", "finalLink": "https://www.sec.gov/Archives/edgar/data/917251/000155837019000849/adc-20181231x10k.htm", "calculatedOtherExpenses": 46017000, "calculatedOperatingExpenses": 58182000, "calculatedNetInterest": 24872000, "calculatedOtherIncome": -38560000, "calculatedIncomeNonControlling": 626000, "calculatedEbitda": 116700000}, {"date": "2017-12-31", "symbol": "ADC", "reportedCurrency": "USD", "cik": "0000917251", "fillingDate": "2018-02-22", "acceptedDate": "2018-02-22 16:04:04", "calendarYear": "2017", "period": "FY", "revenue": 116555000, "costOfRevenue": 12467000, "grossProfit": 104088000, "grossProfitRatio": 0.8930376217, "researchAndDevelopmentExpenses": 0, "generalAndAdministrativeExpenses": 9949000, "sellingAndMarketingExpenses": 0, "sellingGeneralAndAdministrativeExpenses": 9949000, "otherExpenses": 347000, "operatingExpenses": 41701000, "costAndExpenses": 54168000, "interestIncome": 0, "interestExpense": -18137000, "depreciationAndAmortization": 31752000, "ebitda": 79946000, "ebitdaratio": 0.6859079405, "operatingIncome": 62387000, "operatingIncomeRatio": 0.5352580327, "totalOtherIncomeExpensesNet": 14540000, "incomeBeforeTax": 58790000, "incomeBeforeTaxRatio": 0.5043970658, "incomeTaxExpense": 4622000, "netIncome": 58112000, "netIncomeRatio": 0.4985800695, "eps": 2.09, "epsdiluted": 2.08, "weightedAverageShsOut": 27625102, "weightedAverageShsOutDil": 27700347, "link": "https://www.sec.gov/Archives/edgar/data/917251/000114420418010250/0001144204-18-010250-index.htm", "finalLink": "https://www.sec.gov/Archives/edgar/data/917251/000114420418010250/tv485617_10k.htm", "calculatedOtherExpenses": 31752000, "calculatedOperatingExpenses": 41701000, "calculatedNetInterest": 18137000, "calculatedOtherIncome": -21734000, "calculatedIncomeNonControlling": -3944000, "calculatedEbitda": 94139000}, {"date": "2016-12-31", "symbol": "ADC", "reportedCurrency": "USD", "cik": "0000917251", "fillingDate": "2017-02-23", "acceptedDate": "2017-02-23 16:24:57", "calendarYear": "2016", "period": "FY", "revenue": 91527000, "costOfRevenue": 8596000, "grossProfit": 82931000, "grossProfitRatio": 0.9060823582, "researchAndDevelopmentExpenses": 0, "generalAndAdministrativeExpenses": 8015000, "sellingAndMarketingExpenses": 0, "sellingGeneralAndAdministrativeExpenses": 8015000, "otherExpenses": 23407000, "operatingExpenses": 31422000, "costAndExpenses": 40018000, "interestIncome": 0, "interestExpense": -15343000, "depreciationAndAmortization": 23407000, "ebitda": 65285000, "ebitdaratio": 0.7132867897, "operatingIncome": 51509000, "operatingIncomeRatio": 0.5627738263, "totalOtherIncomeExpensesNet": 9631000, "incomeBeforeTax": 45797000, "incomeBeforeTaxRatio": 0.5003660122, "incomeTaxExpense": 6391000, "netIncome": 45118000, "netIncomeRatio": 0.4929474363, "eps": 1.97, "epsdiluted": 1.97, "weightedAverageShsOut": 22868736, "weightedAverageShsOutDil": 22959799, "link": "https://www.sec.gov/Archives/edgar/data/917251/000114420417010652/0001144204-17-010652-index.htm", "finalLink": "https://www.sec.gov/Archives/edgar/data/917251/000114420417010652/v459492_10k.htm", "calculatedOtherExpenses": 23407000, "calculatedOperatingExpenses": 31422000, "calculatedNetInterest": 15343000, "calculatedOtherIncome": -21055000, "calculatedIncomeNonControlling": -5712000, "calculatedEbitda": 74916000}, {"date": "2015-12-31", "symbol": "ADC", "reportedCurrency": "USD", "cik": "0000917251", "fillingDate": "2016-03-11", "acceptedDate": "2016-03-11 16:03:25", "calendarYear": "2015", "period": "FY", "revenue": 69966000, "costOfRevenue": 6379000, "grossProfit": 63587000, "grossProfitRatio": 0.9088271446, "researchAndDevelopmentExpenses": 0, "generalAndAdministrativeExpenses": 6988000, "sellingAndMarketingExpenses": 0, "sellingGeneralAndAdministrativeExpenses": 6988000, "otherExpenses": 16485874, "operatingExpenses": 23474000, "costAndExpenses": 29853000, "interestIncome": 0, "interestExpense": 0, "depreciationAndAmortization": 16486000, "ebitda": 44644000, "ebitdaratio": 0.6380813538, "operatingIncome": 40113000, "operatingIncomeRatio": 0.5733213275, "totalOtherIncomeExpensesNet": 11955000, "incomeBeforeTax": 39762000, "incomeBeforeTaxRatio": 0.5683046051, "incomeTaxExpense": 1095000, "netIncome": 39018000, "netIncomeRatio": 0.5576708687, "eps": 2.17, "epsdiluted": 2.16, "weightedAverageShsOut": 18003000, "weightedAverageShsOutDil": 18065000, "link": "https://www.sec.gov/Archives/edgar/data/917251/000114420416087541/0001144204-16-087541-index.htm", "finalLink": "https://www.sec.gov/Archives/edgar/data/917251/000114420416087541/v432929_10k.htm", "calculatedOtherExpenses": 16486000, "calculatedOperatingExpenses": 23474000, "calculatedNetInterest": 0, "calculatedOtherIncome": -351000, "calculatedIncomeNonControlling": -351000, "calculatedEbitda": 56599000}, {"date": "2014-12-31", "symbol": "ADC", "reportedCurrency": "USD", "cik": "0000917251", "fillingDate": "2015-03-06", "acceptedDate": "2015-03-06 17:03:01", "calendarYear": "2014", "period": "FY", "revenue": 53559000, "costOfRevenue": 4917000, "grossProfit": 48642000, "grossProfitRatio": 0.9081947012, "researchAndDevelopmentExpenses": 0, "generalAndAdministrativeExpenses": 6629000, "sellingAndMarketingExpenses": 0, "sellingGeneralAndAdministrativeExpenses": 6629000, "otherExpenses": 11102702, "operatingExpenses": 17732000, "costAndExpenses": 22649000, "interestIncome": 0, "interestExpense": 8587000, "depreciationAndAmortization": 11103000, "ebitda": 42013000, "ebitdaratio": 0.7844246532, "operatingIncome": 27890000, "operatingIncomeRatio": 0.5207341437, "totalOtherIncomeExpensesNet": -3548000, "incomeBeforeTax": 18775000, "incomeBeforeTaxRatio": 0.3505479938, "incomeTaxExpense": 8874000, "netIncome": 18488000, "netIncomeRatio": 0.3451894173, "eps": 1.24, "epsdiluted": 1.24, "weightedAverageShsOut": 14883000, "weightedAverageShsOutDil": 14967000, "link": "https://www.sec.gov/Archives/edgar/data/917251/000114420415014605/0001144204-15-014605-index.htm", "finalLink": "https://www.sec.gov/Archives/edgar/data/917251/000114420415014605/v402623_10k.htm", "calculatedOtherExpenses": 14123000, "calculatedOperatingExpenses": 20752000, "calculatedNetInterest": -8587000, "calculatedOtherIncome": -528000, "calculatedIncomeNonControlling": -8587000, "calculatedEbitda": 38993000}, {"date": "2013-12-31", "symbol": "ADC", "reportedCurrency": "USD", "cik": "0000917251", "fillingDate": "2014-03-07", "acceptedDate": "2014-03-07 16:03:27", "calendarYear": "2013", "period": "FY", "revenue": 43518000, "costOfRevenue": 3656000, "grossProfit": 39862000, "grossProfitRatio": 0.9159887862, "researchAndDevelopmentExpenses": 0, "generalAndAdministrativeExpenses": 5952000, "sellingAndMarketingExpenses": 0, "sellingGeneralAndAdministrativeExpenses": 5952000, "otherExpenses": 8489207, "operatingExpenses": 14441000, "costAndExpenses": 18097000, "interestIncome": 0, "interestExpense": 6475000, "depreciationAndAmortization": 8489000, "ebitda": 33910000, "ebitdaratio": 0.7792177949, "operatingIncome": 25421000, "operatingIncomeRatio": 0.5841490877, "totalOtherIncomeExpensesNet": -6474727, "incomeBeforeTax": 18946000, "incomeBeforeTaxRatio": 0.4353600809, "incomeTaxExpense": -728727, "netIncome": 19675000, "netIncomeRatio": 0.4521117698, "eps": 1.51, "epsdiluted": 1.5, "weightedAverageShsOut": 13066000, "weightedAverageShsOutDil": 13158000, "link": "https://www.sec.gov/Archives/edgar/data/917251/000114420414014127/0001144204-14-014127-index.htm", "finalLink": "https://www.sec.gov/Archives/edgar/data/917251/000114420414014127/v369635_10k.htm", "calculatedOtherExpenses": 8489000, "calculatedOperatingExpenses": 14441000, "calculatedNetInterest": -6475000, "calculatedOtherIncome": 0, "calculatedIncomeNonControlling": -273, "calculatedEbitda": 33910000}, {"date": "2012-12-31", "symbol": "ADC", "reportedCurrency": "USD", "cik": "0000917251", "fillingDate": "2013-03-11", "acceptedDate": "2013-03-08 19:26:49", "calendarYear": "2012", "period": "FY", "revenue": 35789000, "costOfRevenue": 3579000, "grossProfit": 32210000, "grossProfitRatio": 0.8999972058, "researchAndDevelopmentExpenses": 0, "generalAndAdministrativeExpenses": 5682000, "sellingAndMarketingExpenses": 0, "sellingGeneralAndAdministrativeExpenses": 5682000, "otherExpenses": 6470462, "operatingExpenses": 12152000, "costAndExpenses": 15731000, "interestIncome": 0, "interestExpense": 5134000, "depreciationAndAmortization": 6470000, "ebitda": 26528000, "ebitdaratio": 0.7412333399, "operatingIncome": 20058000, "operatingIncomeRatio": 0.5604515354, "totalOtherIncomeExpensesNet": -5134283, "incomeBeforeTax": 14924000, "incomeBeforeTaxRatio": 0.4169996368, "incomeTaxExpense": -3125283, "netIncome": 18049000, "netIncomeRatio": 0.5043169689, "eps": 1.63, "epsdiluted": 1.62, "weightedAverageShsOut": 11071000, "weightedAverageShsOutDil": 11137000, "link": "https://www.sec.gov/Archives/edgar/data/917251/000114420413014094/0001144204-13-014094-index.htm", "finalLink": "https://www.sec.gov/Archives/edgar/data/917251/000114420413014094/v335434_10k.htm", "calculatedOtherExpenses": 6470000, "calculatedOperatingExpenses": 12152000, "calculatedNetInterest": -5134000, "calculatedOtherIncome": 0, "calculatedIncomeNonControlling": 283, "calculatedEbitda": 26528000}, {"date": "2011-12-31", "symbol": "ADC", "reportedCurrency": "USD", "cik": "0000917251", "fillingDate": "2012-03-12", "acceptedDate": "2012-03-12 08:56:49", "calendarYear": "2011", "period": "FY", "revenue": 36321000, "costOfRevenue": 4911000, "grossProfit": 31410000, "grossProfitRatio": 0.8647889651, "researchAndDevelopmentExpenses": 0, "generalAndAdministrativeExpenses": 5661912, "sellingAndMarketingExpenses": 88, "sellingGeneralAndAdministrativeExpenses": 5662000, "otherExpenses": 6501122, "operatingExpenses": 12163000, "costAndExpenses": 17074000, "interestIncome": 0, "interestExpense": 4727000, "depreciationAndAmortization": 6501000, "ebitda": 27038000, "ebitdaratio": 0.7444178299, "operatingIncome": 15597144, "operatingIncomeRatio": 0.4294249608, "totalOtherIncomeExpensesNet": -1290000, "incomeBeforeTax": 9551000, "incomeBeforeTaxRatio": 0.2629608216, "incomeTaxExpense": 9696000, "netIncome": 9551000, "netIncomeRatio": 0.2629608216, "eps": 0.99, "epsdiluted": 0.99, "weightedAverageShsOut": 9637000, "weightedAverageShsOutDil": 9681000, "link": "https://www.sec.gov/Archives/edgar/data/917251/000114420412014138/0001144204-12-014138-index.htm", "finalLink": "https://www.sec.gov/Archives/edgar/data/917251/000114420412014138/v303805_10k.htm", "calculatedOtherExpenses": 10150856, "calculatedOperatingExpenses": 15812856, "calculatedNetInterest": -4727000, "calculatedOtherIncome": -1319144, "calculatedIncomeNonControlling": -9696000, "calculatedEbitda": 22098144}, {"date": "2010-12-31", "symbol": "ADC", "reportedCurrency": "USD", "cik": "0000917251", "fillingDate": "2011-03-15", "acceptedDate": "2011-03-15 15:10:23", "calendarYear": "2010", "period": "FY", "revenue": 36112000, "costOfRevenue": 3848000, "grossProfit": 32264000, "grossProfitRatio": 0.893442623, "researchAndDevelopmentExpenses": 0, "generalAndAdministrativeExpenses": 5003384, "sellingAndMarketingExpenses": -384, "sellingGeneralAndAdministrativeExpenses": 5003000, "otherExpenses": 5687413, "operatingExpenses": 10690000, "costAndExpenses": 14538000, "interestIncome": 0, "interestExpense": 4712000, "depreciationAndAmortization": 5687000, "ebitda": 34961000, "ebitdaratio": 0.9681269384, "operatingIncome": 13874088, "operatingIncomeRatio": 0.3841960567, "totalOtherIncomeExpensesNet": -7700000, "incomeBeforeTax": 15067000, "incomeBeforeTaxRatio": 0.4172297297, "incomeTaxExpense": 6507000, "netIncome": 15067000, "netIncomeRatio": 0.4172297297, "eps": 1.54, "epsdiluted": 1.54, "weightedAverageShsOut": 9759014, "weightedAverageShsOutDil": 9759014, "link": "https://www.sec.gov/Archives/edgar/data/917251/000114420411014831/0001144204-11-014831-index.htm", "finalLink": "https://www.sec.gov/Archives/edgar/data/917251/000114420411014831/v214504_10k.htm", "calculatedOtherExpenses": 13386912, "calculatedOperatingExpenses": 18389912, "calculatedNetInterest": -4712000, "calculatedOtherIncome": 5904912, "calculatedIncomeNonControlling": -6507000, "calculatedEbitda": 19561088}, {"date": "2009-12-31", "symbol": "ADC", "reportedCurrency": "USD", "cik": "0000917251", "fillingDate": "2010-03-12", "acceptedDate": "2010-03-12 16:47:15", "calendarYear": "2009", "period": "FY", "revenue": 37260000, "costOfRevenue": 2425602, "grossProfit": 34834398, "grossProfitRatio": 0.9349006441, "researchAndDevelopmentExpenses": 0, "generalAndAdministrativeExpenses": 4559005, "sellingAndMarketingExpenses": 858995, "sellingGeneralAndAdministrativeExpenses": 5418000, "otherExpenses": 7646849, "operatingExpenses": 14631000, "costAndExpenses": 14631000, "interestIncome": 0, "interestExpense": 4635000, "depreciationAndAmortization": 5709000, "ebitda": 28338000, "ebitdaratio": 0.760547504, "operatingIncome": 22629000, "operatingIncomeRatio": 0.6073268921, "totalOtherIncomeExpensesNet": -14460000, "incomeBeforeTax": 15482000, "incomeBeforeTaxRatio": 0.4155126141, "incomeTaxExpense": -9825000, "netIncome": 17994000, "netIncomeRatio": 0.4829307568, "eps": 2.2, "epsdiluted": 2.14, "weightedAverageShsOut": 7897899, "weightedAverageShsOutDil": 8417000, "link": "https://www.sec.gov/Archives/edgar/data/917251/000114420410013162/0001144204-10-013162-index.htm", "finalLink": "https://www.sec.gov/Archives/edgar/data/917251/000114420410013162/v177141_10k.htm", "calculatedOtherExpenses": 6787398, "calculatedOperatingExpenses": 12205398, "calculatedNetInterest": -4635000, "calculatedOtherIncome": -2512000, "calculatedIncomeNonControlling": 7313000, "calculatedEbitda": 28338000}, {"date": "2008-12-31", "symbol": "ADC", "reportedCurrency": "USD", "cik": "0000917251", "fillingDate": "2009-03-13", "acceptedDate": "2009-03-13 12:56:07", "calendarYear": "2008", "period": "FY", "revenue": 35654000, "costOfRevenue": 64000, "grossProfit": 35590000, "grossProfitRatio": 0.99820497, "researchAndDevelopmentExpenses": 0, "generalAndAdministrativeExpenses": 6940789, "sellingAndMarketingExpenses": -2579789, "sellingGeneralAndAdministrativeExpenses": 4361000, "otherExpenses": 7251288, "operatingExpenses": 19372000, "costAndExpenses": 19372000, "interestIncome": 0, "interestExpense": 5179415, "depreciationAndAmortization": 5385000, "ebitda": 21667000, "ebitdaratio": 0.6077018006, "operatingIncome": 16282000, "operatingIncomeRatio": 0.4566668536, "totalOtherIncomeExpensesNet": -14460000, "incomeBeforeTax": 15482000, "incomeBeforeTaxRatio": 0.4342289785, "incomeTaxExpense": -13195000, "netIncome": 15017000, "netIncomeRatio": 0.4211869636, "eps": 1.91, "epsdiluted": 1.91, "weightedAverageShsOut": 7676787, "weightedAverageShsOutDil": 8376000, "link": "https://www.sec.gov/Archives/edgar/data/917251/000114420409013783/0001144204-09-013783-index.htm", "finalLink": "https://www.sec.gov/Archives/edgar/data/917251/000114420409013783/v142567_10k.htm", "calculatedOtherExpenses": 14947000, "calculatedOperatingExpenses": 19308000, "calculatedNetInterest": -5179415, "calculatedOtherIncome": 4379415, "calculatedIncomeNonControlling": 13660000, "calculatedEbitda": 21667000}, {"date": "2007-12-31", "symbol": "ADC", "reportedCurrency": "USD", "cik": "0000917251", "fillingDate": "2008-03-13", "acceptedDate": "2008-03-13 13:16:22", "calendarYear": "2007", "period": "FY", "revenue": 34467952, "costOfRevenue": 0, "grossProfit": 34467952, "grossProfitRatio": 1, "researchAndDevelopmentExpenses": 0, "generalAndAdministrativeExpenses": 4462423, "sellingAndMarketingExpenses": 0, "sellingGeneralAndAdministrativeExpenses": 4462423, "otherExpenses": 9326690, "operatingExpenses": 13789113, "costAndExpenses": 13789113, "interestIncome": 0, "interestExpense": 0, "depreciationAndAmortization": 5199590, "ebitda": 24834754, "ebitdaratio": 0.7205172503, "operatingIncome": 20678839, "operatingIncomeRatio": 0.5999439421, "totalOtherIncomeExpensesNet": 1043675, "incomeBeforeTax": 21722514, "incomeBeforeTaxRatio": 0.6302235189, "incomeTaxExpense": 5196565, "netIncome": 15482274, "netIncomeRatio": 0.4491788198, "eps": 2.02, "epsdiluted": 2.01, "weightedAverageShsOut": 7654871, "weightedAverageShsOutDil": 7716031, "link": "https://www.sec.gov/Archives/edgar/data/917251/000095012408001198/0000950124-08-001198-index.htm", "finalLink": "https://www.sec.gov/Archives/edgar/data/917251/000095012408001198/k24783e10vk.htm", "calculatedOtherExpenses": 9326690, "calculatedOperatingExpenses": 13789113, "calculatedNetInterest": 0, "calculatedOtherIncome": 1043675, "calculatedIncomeNonControlling": 1043675, "calculatedEbitda": 25878429}, {"date": "2006-12-31", "symbol": "ADC", "reportedCurrency": "USD", "cik": "0000917251", "fillingDate": "2007-03-14", "acceptedDate": "2007-03-14 10:37:49", "calendarYear": "2006", "period": "FY", "revenue": 32907626, "costOfRevenue": 0, "grossProfit": 32907626, "grossProfitRatio": 1, "researchAndDevelopmentExpenses": 0, "generalAndAdministrativeExpenses": 4018836, "sellingAndMarketingExpenses": 0, "sellingGeneralAndAdministrativeExpenses": 4018836, "otherExpenses": 9069738, "operatingExpenses": 13088574, "costAndExpenses": 13088574, "interestIncome": 0, "interestExpense": 0, "depreciationAndAmortization": 4989371, "ebitda": 24808423, "ebitdaratio": 0.7538806658, "operatingIncome": 19819052, "operatingIncomeRatio": 0.6022631958, "totalOtherIncomeExpensesNet": 0, "incomeBeforeTax": 0, "incomeBeforeTaxRatio": 0, "incomeTaxExpense": 5844884, "netIncome": 13974168, "netIncomeRatio": 0.4246483171, "eps": 1.84, "epsdiluted": 1.83, "weightedAverageShsOut": 7594657, "weightedAverageShsOutDil": 7636157, "link": "https://www.sec.gov/Archives/edgar/data/917251/000095012407001485/0000950124-07-001485-index.htm", "finalLink": "https://www.sec.gov/Archives/edgar/data/917251/000095012407001485/k13184e10vk.htm", "calculatedOtherExpenses": 9069738, "calculatedOperatingExpenses": 13088574, "calculatedNetInterest": 0, "calculatedOtherIncome": -19819052, "calculatedIncomeNonControlling": -19819052, "calculatedEbitda": 24808423}, {"date": "2005-12-31", "symbol": "ADC", "reportedCurrency": "USD", "cik": "0000917251", "fillingDate": "2006-03-16", "acceptedDate": "2006-03-16 17:05:34", "calendarYear": "2005", "period": "FY", "revenue": 31578897, "costOfRevenue": 0, "grossProfit": 31578897, "grossProfitRatio": 1, "researchAndDevelopmentExpenses": 0, "generalAndAdministrativeExpenses": 4191279, "sellingAndMarketingExpenses": 0, "sellingGeneralAndAdministrativeExpenses": 4191279, "otherExpenses": 9188442, "operatingExpenses": 13379721, "costAndExpenses": 13379721, "interestIncome": 0, "interestExpense": 0, "depreciationAndAmortization": 207040, "ebitda": 22823707, "ebitdaratio": 0.7227518745, "operatingIncome": 18205573, "operatingIncomeRatio": 0.5765107312, "totalOtherIncomeExpensesNet": 12794, "incomeBeforeTax": 18218367, "incomeBeforeTaxRatio": 0.5769158752, "incomeTaxExpense": 6581885, "netIncome": 16047576, "netIncomeRatio": 0.5081740505, "eps": 2.15, "epsdiluted": 2.14, "weightedAverageShsOut": 7463989, "weightedAverageShsOutDil": 7498867, "link": "https://www.sec.gov/Archives/edgar/data/917251/000095012406001281/0000950124-06-001281-index.htm", "finalLink": "https://www.sec.gov/Archives/edgar/data/917251/000095012406001281/k02224e10vk.htm", "calculatedOtherExpenses": 9182045, "calculatedOperatingExpenses": 13373324, "calculatedNetInterest": 0, "calculatedOtherIncome": 12794, "calculatedIncomeNonControlling": -4411094, "calculatedEbitda": 18412613}, {"date": "2004-12-31", "symbol": "ADC", "reportedCurrency": "USD", "cik": "0000917251", "fillingDate": "2005-03-15", "acceptedDate": "2005-03-15 09:55:07", "calendarYear": "2004", "period": "FY", "revenue": 29928790, "costOfRevenue": 0, "grossProfit": 29928790, "grossProfitRatio": 1, "researchAndDevelopmentExpenses": 0, "generalAndAdministrativeExpenses": 2848414, "sellingAndMarketingExpenses": 0, "sellingGeneralAndAdministrativeExpenses": 2848414, "otherExpenses": 8961081, "operatingExpenses": 11809495, "costAndExpenses": 11809495, "interestIncome": 0, "interestExpense": 0, "depreciationAndAmortization": 4623163, "ebitda": 22525621, "ebitdaratio": 0.7526405511, "operatingIncome": 18119295, "operatingIncomeRatio": 0.60541355, "totalOtherIncomeExpensesNet": 216837, "incomeBeforeTax": 18336132, "incomeBeforeTaxRatio": 0.6126586474, "incomeTaxExpense": 4996275, "netIncome": 13123020, "netIncomeRatio": 0.438474793, "eps": 2.03, "epsdiluted": 2.03, "weightedAverageShsOut": 6464542, "weightedAverageShsOutDil": 6464542, "link": "https://www.sec.gov/Archives/edgar/data/917251/000095012405001513/0000950124-05-001513-index.htm", "finalLink": "https://www.sec.gov/Archives/edgar/data/917251/000095012405001513/k91787e10vk.htm", "calculatedOtherExpenses": 8961081, "calculatedOperatingExpenses": 11809495, "calculatedNetInterest": 0, "calculatedOtherIncome": 216837, "calculatedIncomeNonControlling": 216837, "calculatedEbitda": 22742458}, {"date": "2003-12-31", "symbol": "ADC", "reportedCurrency": "USD", "cik": "0000917251", "fillingDate": "2004-03-15", "acceptedDate": "2004-03-15 10:26:08", "calendarYear": "2003", "period": "FY", "revenue": 27472441, "costOfRevenue": 0, "grossProfit": 27472441, "grossProfitRatio": 1, "researchAndDevelopmentExpenses": 0, "generalAndAdministrativeExpenses": 2275177, "sellingAndMarketingExpenses": 0, "sellingGeneralAndAdministrativeExpenses": 2275177, "otherExpenses": 7584672, "operatingExpenses": 9859849, "costAndExpenses": 9859849, "interestIncome": 0, "interestExpense": 0, "depreciationAndAmortization": 4822577, "ebitda": 23919348, "ebitdaratio": 0.8706670077, "operatingIncome": 16651258, "operatingIncomeRatio": 0.606107699, "totalOtherIncomeExpensesNet": -1484179, "incomeBeforeTax": 15167079, "incomeBeforeTaxRatio": 0.5520834133, "incomeTaxExpense": 7140846, "netIncome": 10471746, "netIncomeRatio": 0.3811727542, "eps": 1.63, "epsdiluted": 1.63, "weightedAverageShsOut": 4880993, "weightedAverageShsOutDil": 5262312, "link": "https://www.sec.gov/Archives/edgar/data/917251/000095012404000923/0000950124-04-000923-index.htm", "finalLink": "https://www.sec.gov/Archives/edgar/data/917251/000095012404000923/k82459e10vk.htm", "calculatedOtherExpenses": 8546006, "calculatedOperatingExpenses": 10821183, "calculatedNetInterest": 0, "calculatedOtherIncome": -1484179, "calculatedIncomeNonControlling": -2445513, "calculatedEbitda": 21473835}, {"date": "2002-12-31", "symbol": "ADC", "reportedCurrency": "USD", "cik": "0000917251", "fillingDate": "2003-03-24", "acceptedDate": "2003-03-24 11:52:38", "calendarYear": "2002", "period": "FY", "revenue": 25824434, "costOfRevenue": 0, "grossProfit": 25824434, "grossProfitRatio": 1, "researchAndDevelopmentExpenses": 0, "generalAndAdministrativeExpenses": 2011854, "sellingAndMarketingExpenses": 0, "sellingGeneralAndAdministrativeExpenses": 2011854, "otherExpenses": 8189444, "operatingExpenses": 10201298, "costAndExpenses": 10201298, "interestIncome": 0, "interestExpense": 0, "depreciationAndAmortization": 4219340, "ebitda": 19168896, "ebitdaratio": 0.7422774881, "operatingIncome": 15623136, "operatingIncomeRatio": 0.6049749629, "totalOtherIncomeExpensesNet": 673580, "incomeBeforeTax": 16296716, "incomeBeforeTaxRatio": 0.6310580127, "incomeTaxExpense": 6850806, "netIncome": 8772330, "netIncomeRatio": 0.3396910848, "eps": 1.99, "epsdiluted": 1.97, "weightedAverageShsOut": 4446205, "weightedAverageShsOutDil": 4452959, "link": "https://www.sec.gov/Archives/edgar/data/917251/000095012403000809/0000950124-03-000809-index.htm", "finalLink": "https://www.sec.gov/Archives/edgar/data/917251/000095012403000809/k74282e10vk.txt", "calculatedOtherExpenses": 8189444, "calculatedOperatingExpenses": 10201298, "calculatedNetInterest": 0, "calculatedOtherIncome": 673580, "calculatedIncomeNonControlling": 673580, "calculatedEbitda": 19842476}, {"date": "2001-12-31", "symbol": "ADC", "reportedCurrency": "USD", "cik": "0000917251", "fillingDate": "2002-03-26", "acceptedDate": "2002-03-26 00:00:00", "calendarYear": "2001", "period": "FY", "revenue": 24678968, "costOfRevenue": 0, "grossProfit": 24678968, "grossProfitRatio": 1, "researchAndDevelopmentExpenses": 0, "generalAndAdministrativeExpenses": 1806709, "sellingAndMarketingExpenses": 0, "sellingGeneralAndAdministrativeExpenses": 1806709, "otherExpenses": 7987874, "operatingExpenses": 9794583, "costAndExpenses": 9794583, "interestIncome": 0, "interestExpense": 0, "depreciationAndAmortization": 4221436, "ebitda": 17974416, "ebitdaratio": 0.7283293207, "operatingIncome": 15102928, "operatingIncomeRatio": 0.6119756709, "totalOtherIncomeExpensesNet": 1131405, "incomeBeforeTax": 16234333, "incomeBeforeTaxRatio": 0.6578205782, "incomeTaxExpense": 6818732, "netIncome": 8065653, "netIncomeRatio": 0.3268229449, "eps": 1.81, "epsdiluted": 1.81, "weightedAverageShsOut": 4416869, "weightedAverageShsOutDil": 4416869, "link": "https://www.sec.gov/Archives/edgar/data/917251/000095012402000995/0000950124-02-000995-index.htm", "finalLink": "https://www.sec.gov/Archives/edgar/data/917251/000095012402000995/k68195e10-k405.txt", "calculatedOtherExpenses": 7769331, "calculatedOperatingExpenses": 9576040, "calculatedNetInterest": 0, "calculatedOtherIncome": 1131405, "calculatedIncomeNonControlling": 1349948, "calculatedEbitda": 19324364}, {"date": "2000-12-31", "symbol": "ADC", "reportedCurrency": "USD", "cik": "0000917251", "fillingDate": "2001-03-23", "acceptedDate": "2001-03-23 00:00:00", "calendarYear": "2000", "period": "FY", "revenue": 23730445, "costOfRevenue": 0, "grossProfit": 23730445, "grossProfitRatio": 1, "researchAndDevelopmentExpenses": 0, "generalAndAdministrativeExpenses": 1556817, "sellingAndMarketingExpenses": 0, "sellingGeneralAndAdministrativeExpenses": 1556817, "otherExpenses": 7464983, "operatingExpenses": 9021800, "costAndExpenses": 9021800, "interestIncome": 0, "interestExpense": 0, "depreciationAndAmortization": 4055772, "ebitda": 18242078, "ebitdaratio": 0.7687204349, "operatingIncome": 14708645, "operatingIncomeRatio": 0.61982171, "totalOtherIncomeExpensesNet": 522339, "incomeBeforeTax": 15230984, "incomeBeforeTaxRatio": 0.6418330545, "incomeTaxExpense": 7610758, "netIncome": 7097887, "netIncomeRatio": 0.2991046733, "eps": 1.61, "epsdiluted": 1.61, "weightedAverageShsOut": 4408696, "weightedAverageShsOutDil": 4408696, "link": "https://www.sec.gov/Archives/edgar/data/917251/000095012401001511/0000950124-01-001511-index.htm", "finalLink": "https://www.sec.gov/Archives/edgar/data/917251/000095012401001511/k60887e10-k405.txt", "calculatedOtherExpenses": 7464983, "calculatedOperatingExpenses": 9021800, "calculatedNetInterest": 0, "calculatedOtherIncome": 522339, "calculatedIncomeNonControlling": 522339, "calculatedEbitda": 18764417}, {"date": "1999-12-31", "symbol": "ADC", "reportedCurrency": "USD", "cik": "0000917251", "fillingDate": "2000-03-22", "acceptedDate": "2000-03-22 00:00:00", "calendarYear": "1999", "period": "FY", "revenue": 21930740, "costOfRevenue": 0, "grossProfit": 21930740, "grossProfitRatio": 1, "researchAndDevelopmentExpenses": 0, "generalAndAdministrativeExpenses": 1424602, "sellingAndMarketingExpenses": 0, "sellingGeneralAndAdministrativeExpenses": 1424602, "otherExpenses": 6947113, "operatingExpenses": 8371715, "costAndExpenses": 8371715, "interestIncome": 0, "interestExpense": 0, "depreciationAndAmortization": 3798900, "ebitda": 17289313, "ebitdaratio": 0.7883597635, "operatingIncome": 13559025, "operatingIncomeRatio": 0.6182657311, "totalOtherIncomeExpensesNet": 68612, "incomeBeforeTax": 13627637, "incomeBeforeTaxRatio": 0.6213943077, "incomeTaxExpense": 6752620, "netIncome": 6806405, "netIncomeRatio": 0.3103591124, "eps": 1.56, "epsdiluted": 1.56, "weightedAverageShsOut": 4358974, "weightedAverageShsOutDil": 4358974, "link": "https://www.sec.gov/Archives/edgar/data/917251/000088969700000048/0000889697-00-000048-index.htm", "finalLink": "https://www.sec.gov/Archives/edgar/data/917251/000088969700000048/", "calculatedOtherExpenses": 6947113, "calculatedOperatingExpenses": 8371715, "calculatedNetInterest": 0, "calculatedOtherIncome": 68612, "calculatedIncomeNonControlling": 68612, "calculatedEbitda": 17357925}, {"date": "1998-12-31", "symbol": "ADC", "reportedCurrency": "USD", "cik": "0000917251", "fillingDate": "1999-03-22", "acceptedDate": "1999-03-22 00:00:00", "calendarYear": "1998", "period": "FY", "revenue": 19673552, "costOfRevenue": 0, "grossProfit": 19673552, "grossProfitRatio": 1, "researchAndDevelopmentExpenses": 0, "generalAndAdministrativeExpenses": 1170122, "sellingAndMarketingExpenses": 0, "sellingGeneralAndAdministrativeExpenses": 1170122, "otherExpenses": 6122454, "operatingExpenses": 7292576, "costAndExpenses": 7292576, "interestIncome": 0, "interestExpense": 0, "depreciationAndAmortization": 3505293, "ebitda": 15886269, "ebitdaratio": 0.8074936849, "operatingIncome": 12380976, "operatingIncomeRatio": 0.6293208263, "totalOtherIncomeExpensesNet": 0, "incomeBeforeTax": 0, "incomeBeforeTaxRatio": 0, "incomeTaxExpense": 6294200, "netIncome": 6086776, "netIncomeRatio": 0.3093887672, "eps": 1.4, "epsdiluted": 1.4, "weightedAverageShsOut": 4357143, "weightedAverageShsOutDil": 4357143, "link": "https://www.sec.gov/Archives/edgar/data/917251/000088969799000043/0000889697-99-000043-index.htm", "finalLink": "https://www.sec.gov/Archives/edgar/data/917251/", "calculatedOtherExpenses": 6122454, "calculatedOperatingExpenses": 7292576, "calculatedNetInterest": 0, "calculatedOtherIncome": -12380976, "calculatedIncomeNonControlling": -12380976, "calculatedEbitda": 15886269}, {"date": "1997-12-31", "symbol": "ADC", "reportedCurrency": "USD", "cik": "0000917251", "fillingDate": "1998-03-23", "acceptedDate": "1998-03-23 00:00:00", "calendarYear": "1997", "period": "FY", "revenue": 18234167, "costOfRevenue": 0, "grossProfit": 18234167, "grossProfitRatio": 1, "researchAndDevelopmentExpenses": 0, "generalAndAdministrativeExpenses": 1106816, "sellingAndMarketingExpenses": 0, "sellingGeneralAndAdministrativeExpenses": 1106816, "otherExpenses": 5566893, "operatingExpenses": 6673709, "costAndExpenses": 6673709, "interestIncome": 0, "interestExpense": 0, "depreciationAndAmortization": 3192444, "ebitda": 14752902, "ebitdaratio": 0.8090801187, "operatingIncome": 11560458, "operatingIncomeRatio": 0.6339997873, "totalOtherIncomeExpensesNet": 0, "incomeBeforeTax": 0, "incomeBeforeTaxRatio": 0, "incomeTaxExpense": 6340235, "netIncome": 5220223, "netIncomeRatio": 0.2862879889, "eps": 1.41, "epsdiluted": 1.41, "weightedAverageShsOut": 3687943, "weightedAverageShsOutDil": 3687943, "link": "https://www.sec.gov/Archives/edgar/data/917251/000088969798000126/0000889697-98-000126-index.html", "finalLink": "https://www.sec.gov/Archives/edgar/data/917251/", "calculatedOtherExpenses": 5566893, "calculatedOperatingExpenses": 6673709, "calculatedNetInterest": 0, "calculatedOtherIncome": -11560458, "calculatedIncomeNonControlling": -11560458, "calculatedEbitda": 14752902}, {"date": "1996-12-31", "symbol": "ADC", "reportedCurrency": "USD", "cik": "0000917251", "fillingDate": "1997-03-28", "acceptedDate": "1997-03-28 00:00:00", "calendarYear": "1996", "period": "FY", "revenue": 16291468, "costOfRevenue": 0, "grossProfit": 16291468, "grossProfitRatio": 1, "researchAndDevelopmentExpenses": 0, "generalAndAdministrativeExpenses": 1104861, "sellingAndMarketingExpenses": 0, "sellingGeneralAndAdministrativeExpenses": 1104861, "otherExpenses": 5105271, "operatingExpenses": 6210132, "costAndExpenses": 6210132, "interestIncome": 0, "interestExpense": 0, "depreciationAndAmortization": 3028710, "ebitda": 12456981, "ebitdaratio": 0.7646321989, "operatingIncome": 10081336, "operatingIncomeRatio": 0.6188107787, "totalOtherIncomeExpensesNet": 653065, "incomeBeforeTax": 10734401, "incomeBeforeTaxRatio": 0.6588970988, "incomeTaxExpense": 6347364, "netIncome": 3733972, "netIncomeRatio": 0.2291980072, "eps": 1.41, "epsdiluted": 1.41, "weightedAverageShsOut": 2649475, "weightedAverageShsOutDil": 2649475, "link": "https://www.sec.gov/Archives/edgar/data/917251/000095000997000182/0000950009-97-000182-index.htm", "finalLink": "https://www.sec.gov/Archives/edgar/data/917251/", "calculatedOtherExpenses": 5105271, "calculatedOperatingExpenses": 6210132, "calculatedNetInterest": 0, "calculatedOtherIncome": 653065, "calculatedIncomeNonControlling": 653065, "calculatedEbitda": 13110046}, {"date": "1995-12-31", "symbol": "ADC", "reportedCurrency": "USD", "cik": "0000917251", "fillingDate": "1995-12-31", "acceptedDate": "1995-12-30 19:00:00", "calendarYear": "1995", "period": "FY", "revenue": 13800000, "costOfRevenue": 0, "grossProfit": 13800000, "grossProfitRatio": 1, "researchAndDevelopmentExpenses": 0, "generalAndAdministrativeExpenses": 1000000, "sellingAndMarketingExpenses": 0, "sellingGeneralAndAdministrativeExpenses": 1000000, "otherExpenses": -5600000, "operatingExpenses": -4600000, "costAndExpenses": -4600000, "interestIncome": 0, "interestExpense": 0, "depreciationAndAmortization": 2600000, "ebitda": 21000000, "ebitdaratio": 1.5217391304, "operatingIncome": 18400000, "operatingIncomeRatio": 1.3333333333, "totalOtherIncomeExpensesNet": 0, "incomeBeforeTax": 0, "incomeBeforeTaxRatio": 0, "incomeTaxExpense": 15200000, "netIncome": 3200000, "netIncomeRatio": 0.231884058, "eps": 1.23, "epsdiluted": 1.23, "weightedAverageShsOut": 2601626, "weightedAverageShsOutDil": 2601626, "link": "", "finalLink": "", "calculatedOtherExpenses": -5600000, "calculatedOperatingExpenses": -4600000, "calculatedNetInterest": 0, "calculatedOtherIncome": -18400000, "calculatedIncomeNonControlling": -18400000, "calculatedEbitda": 21000000}, {"date": "1994-12-31", "symbol": "ADC", "reportedCurrency": "USD", "cik": "0000917251", "fillingDate": "1994-12-31", "acceptedDate": "1994-12-30 19:00:00", "calendarYear": "1994", "period": "FY", "revenue": 9500000, "costOfRevenue": 0, "grossProfit": 9500000, "grossProfitRatio": 1, "researchAndDevelopmentExpenses": 0, "generalAndAdministrativeExpenses": 700000, "sellingAndMarketingExpenses": 0, "sellingGeneralAndAdministrativeExpenses": 700000, "otherExpenses": -4200000, "operatingExpenses": -3500000, "costAndExpenses": -3500000, "interestIncome": 0, "interestExpense": 0, "depreciationAndAmortization": 2000000, "ebitda": 15000000, "ebitdaratio": 1.5789473684, "operatingIncome": 13000000, "operatingIncomeRatio": 1.3684210526, "totalOtherIncomeExpensesNet": 0, "incomeBeforeTax": 0, "incomeBeforeTaxRatio": 0, "incomeTaxExpense": 12700000, "netIncome": 300000, "netIncomeRatio": 0.0315789474, "eps": 0.08, "epsdiluted": 0.08, "weightedAverageShsOut": 3214286, "weightedAverageShsOutDil": 3214286, "link": "", "finalLink": "", "calculatedOtherExpenses": -4200000, "calculatedOperatingExpenses": -3500000, "calculatedNetInterest": 0, "calculatedOtherIncome": -13000000, "calculatedIncomeNonControlling": -13000000, "calculatedEbitda": 15000000}]}