{"originalCurrency": "USD", "convertedCurrency": "USD", "report": [{"date": "2023-12-31", "symbol": "ADMA", "reportedCurrency": "USD", "cik": "0001368514", "fillingDate": "2024-02-28", "acceptedDate": "2024-02-28 17:01:32", "calendarYear": "2023", "period": "FY", "revenue": 258214999, "costOfRevenue": 169997000, "grossProfit": 88217999, "grossProfitRatio": 0.3416455254, "researchAndDevelopmentExpenses": 3300000, "generalAndAdministrativeExpenses": 0, "sellingAndMarketingExpenses": 0, "sellingGeneralAndAdministrativeExpenses": 63286000, "otherExpenses": -287000, "operatingExpenses": 66586000, "costAndExpenses": 236583000, "interestIncome": 1617000, "interestExpense": 25027000, "depreciationAndAmortization": 8332000, "ebitda": 29964000, "ebitdaratio": 0.116042833, "operatingIncome": 21632000, "operatingIncomeRatio": 0.0837751489, "totalOtherIncomeExpensesNet": -49871000, "incomeBeforeTax": -28239000, "incomeBeforeTaxRatio": -0.1093623535, "incomeTaxExpense": 0, "netIncome": -28239000, "netIncomeRatio": -0.1093623535, "eps": -0.13, "epsdiluted": -0.13, "weightedAverageShsOut": 223977315, "weightedAverageShsOutDil": 223977315, "link": "https://www.sec.gov/Archives/edgar/data/1368514/000114036124010147/0001140361-24-010147-index.htm", "finalLink": "https://www.sec.gov/Archives/edgar/data/1368514/000114036124010147/ef20015264_10k.htm", "calculatedOtherExpenses": -1, "calculatedOperatingExpenses": 66585999, "calculatedNetInterest": -23410000, "calculatedOtherIncome": -26461000, "calculatedIncomeNonControlling": 0, "calculatedEbitda": 29964000}, {"date": "2022-12-31", "symbol": "ADMA", "reportedCurrency": "USD", "cik": "0001368514", "fillingDate": "2023-03-23", "acceptedDate": "2023-03-23 17:16:08", "calendarYear": "2022", "period": "FY", "revenue": 154079692, "costOfRevenue": 118814535, "grossProfit": 35265157, "grossProfitRatio": 0.2288760871, "researchAndDevelopmentExpenses": 3613764, "generalAndAdministrativeExpenses": 0, "sellingAndMarketingExpenses": 0, "sellingGeneralAndAdministrativeExpenses": 52458024, "otherExpenses": 18558449, "operatingExpenses": 74630237, "costAndExpenses": 193444772, "interestIncome": 44833, "interestExpense": 19279373, "depreciationAndAmortization": 125797, "ebitda": -39239283, "ebitdaratio": -0.2546687528, "operatingIncome": -39365080, "operatingIncomeRatio": -0.255485194, "totalOtherIncomeExpensesNet": -26538870, "incomeBeforeTax": -65903950, "incomeBeforeTaxRatio": -0.4277263872, "incomeTaxExpense": 19279373, "netIncome": -85183323, "netIncomeRatio": -0.5528523707, "eps": -0.43, "epsdiluted": -0.43, "weightedAverageShsOut": 197874895, "weightedAverageShsOutDil": 197874895, "link": "https://www.sec.gov/Archives/edgar/data/1368514/000114036123013467/0001140361-23-013467-index.htm", "finalLink": "https://www.sec.gov/Archives/edgar/data/1368514/000114036123013467/brhc10049985_10k.htm", "calculatedOtherExpenses": 18558449, "calculatedOperatingExpenses": 74630237, "calculatedNetInterest": -19234540, "calculatedOtherIncome": -7304330, "calculatedIncomeNonControlling": 0, "calculatedEbitda": -39239283}, {"date": "2021-12-31", "symbol": "ADMA", "reportedCurrency": "USD", "cik": "0001368514", "fillingDate": "2022-03-24", "acceptedDate": "2022-03-24 17:16:37", "calendarYear": "2021", "period": "FY", "revenue": 80942625, "costOfRevenue": 79769341, "grossProfit": 1173284, "grossProfitRatio": 0.0144952551, "researchAndDevelopmentExpenses": 3646060, "generalAndAdministrativeExpenses": 0, "sellingAndMarketingExpenses": 0, "sellingGeneralAndAdministrativeExpenses": 42896889, "otherExpenses": 13004076, "operatingExpenses": 59547025, "costAndExpenses": 139316366, "interestIncome": 34532, "interestExpense": 13056834, "depreciationAndAmortization": 498310, "ebitda": -57875431, "ebitdaratio": -0.7150179649, "operatingIncome": -58373741, "operatingIncomeRatio": -0.7211743009, "totalOtherIncomeExpensesNet": -13273877, "incomeBeforeTax": -71647618, "incomeBeforeTaxRatio": -0.885165486, "incomeTaxExpense": 12805259, "netIncome": -84452877, "netIncomeRatio": -1.0433671629, "eps": -0.61, "epsdiluted": -0.61, "weightedAverageShsOut": 139578538, "weightedAverageShsOutDil": 139578538, "link": "https://www.sec.gov/Archives/edgar/data/1368514/000114036122011030/0001140361-22-011030-index.htm", "finalLink": "https://www.sec.gov/Archives/edgar/data/1368514/000114036122011030/brhc10035480_10k.htm", "calculatedOtherExpenses": 13004076, "calculatedOperatingExpenses": 59547025, "calculatedNetInterest": -13022302, "calculatedOtherIncome": -251575, "calculatedIncomeNonControlling": 0, "calculatedEbitda": -57875431}, {"date": "2020-12-31", "symbol": "ADMA", "reportedCurrency": "USD", "cik": "0001368514", "fillingDate": "2021-03-25", "acceptedDate": "2021-03-25 17:15:44", "calendarYear": "2020", "period": "FY", "revenue": 42219783, "costOfRevenue": 61291426, "grossProfit": -19071643, "grossProfitRatio": -0.4517229044, "researchAndDevelopmentExpenses": 5907013, "generalAndAdministrativeExpenses": 0, "sellingAndMarketingExpenses": 0, "sellingGeneralAndAdministrativeExpenses": 35050817, "otherExpenses": 4885404, "operatingExpenses": 45843234, "costAndExpenses": 107134660, "interestIncome": 288126, "interestExpense": 11985066, "depreciationAndAmortization": 874951, "ebitda": -64039926, "ebitdaratio": -1.5168227179, "operatingIncome": -64914877, "operatingIncomeRatio": -1.5375464388, "totalOtherIncomeExpensesNet": -10833671, "incomeBeforeTax": -75748548, "incomeBeforeTaxRatio": -1.7941482077, "incomeTaxExpense": 11856538, "netIncome": -87605086, "netIncomeRatio": -2.0749771736, "eps": -1.02, "epsdiluted": -1.02, "weightedAverageShsOut": 86145052, "weightedAverageShsOutDil": 86145052, "link": "https://www.sec.gov/Archives/edgar/data/1368514/000119380521000411/0001193805-21-000411-index.htm", "finalLink": "https://www.sec.gov/Archives/edgar/data/1368514/000119380521000411/adma_10k.htm", "calculatedOtherExpenses": 4885404, "calculatedOperatingExpenses": 45843234, "calculatedNetInterest": -11696940, "calculatedOtherIncome": 863269, "calculatedIncomeNonControlling": 0, "calculatedEbitda": -64039926}, {"date": "2019-12-31", "symbol": "ADMA", "reportedCurrency": "USD", "cik": "0001368514", "fillingDate": "2020-03-13", "acceptedDate": "2020-03-12 18:01:30", "calendarYear": "2019", "period": "FY", "revenue": 29349083, "costOfRevenue": 39504238, "grossProfit": -10155155, "grossProfitRatio": -0.3460126846, "researchAndDevelopmentExpenses": 2343848, "generalAndAdministrativeExpenses": 0, "sellingAndMarketingExpenses": 0, "sellingGeneralAndAdministrativeExpenses": 25910757, "otherExpenses": 3014567, "operatingExpenses": 31269172, "costAndExpenses": 70773410, "interestIncome": 800785, "interestExpense": 8993379, "depreciationAndAmortization": 1418401, "ebitda": -40005926, "ebitdaratio": -1.3631065066, "operatingIncome": -41424327, "operatingIncomeRatio": -1.4114351375, "totalOtherIncomeExpensesNet": -6854990, "incomeBeforeTax": -48279317, "incomeBeforeTaxRatio": -1.6450025713, "incomeTaxExpense": 8766057, "netIncome": -57045374, "netIncomeRatio": -1.9436850548, "eps": -1.05, "epsdiluted": -1.05, "weightedAverageShsOut": 54348136, "weightedAverageShsOutDil": 54348136, "link": "https://www.sec.gov/Archives/edgar/data/1368514/000119380520000348/0001193805-20-000348-index.htm", "finalLink": "https://www.sec.gov/Archives/edgar/data/1368514/000119380520000348/e619435_10k-adma.htm", "calculatedOtherExpenses": 3014567, "calculatedOperatingExpenses": 31269172, "calculatedNetInterest": -8192594, "calculatedOtherIncome": 1337604, "calculatedIncomeNonControlling": 0, "calculatedEbitda": -40005926}, {"date": "2018-12-31", "symbol": "ADMA", "reportedCurrency": "USD", "cik": "0001368514", "fillingDate": "2019-03-13", "acceptedDate": "2019-03-13 17:17:26", "calendarYear": "2018", "period": "FY", "revenue": 16985290, "costOfRevenue": 42194635, "grossProfit": -25209345, "grossProfitRatio": -1.4841869053, "researchAndDevelopmentExpenses": 3926120, "generalAndAdministrativeExpenses": 22502922, "sellingAndMarketingExpenses": 0, "sellingGeneralAndAdministrativeExpenses": 22502922, "otherExpenses": -127121, "operatingExpenses": 35079599, "costAndExpenses": 77274234, "interestIncome": 195403, "interestExpense": 5522783, "depreciationAndAmortization": 3446398, "ebitda": -56774264, "ebitdaratio": -3.3425548813, "operatingIncome": -60288944, "operatingIncomeRatio": -3.5494798146, "totalOtherIncomeExpensesNet": -127121, "incomeBeforeTax": -65743445, "incomeBeforeTaxRatio": -3.8706106872, "incomeTaxExpense": 5454501, "netIncome": -65743445, "netIncomeRatio": -3.8706106872, "eps": -1.45, "epsdiluted": -1.45, "weightedAverageShsOut": 45188899, "weightedAverageShsOutDil": 45188899, "link": "https://www.sec.gov/Archives/edgar/data/1368514/000119380519000281/0001193805-19-000281-index.htm", "finalLink": "https://www.sec.gov/Archives/edgar/data/1368514/000119380519000281/e618283_10k-adma.htm", "calculatedOtherExpenses": 8650557, "calculatedOperatingExpenses": 35079599, "calculatedNetInterest": -5327380, "calculatedOtherIncome": -127121, "calculatedIncomeNonControlling": -5454501, "calculatedEbitda": -56842546}, {"date": "2017-12-31", "symbol": "ADMA", "reportedCurrency": "USD", "cik": "0001368514", "fillingDate": "2018-03-29", "acceptedDate": "2018-03-29 16:47:20", "calendarYear": "2017", "period": "FY", "revenue": 22760560, "costOfRevenue": 29164321, "grossProfit": -6403761, "grossProfitRatio": -0.2813534026, "researchAndDevelopmentExpenses": 6229587, "generalAndAdministrativeExpenses": 18092835, "sellingAndMarketingExpenses": 0, "sellingGeneralAndAdministrativeExpenses": 18092835, "otherExpenses": -10144, "operatingExpenses": 32060846, "costAndExpenses": 61225167, "interestIncome": 57228, "interestExpense": 3285847, "depreciationAndAmortization": 1234674, "ebitda": -37182849, "ebitdaratio": -1.633652643, "operatingIncome": -39309996, "operatingIncomeRatio": -1.7271102293, "totalOtherIncomeExpensesNet": -2065749, "incomeBeforeTax": -43758975, "incomeBeforeTaxRatio": -1.9225790139, "incomeTaxExpense": 4448979, "netIncome": -43758975, "netIncomeRatio": -1.9225790139, "eps": -1.91, "epsdiluted": -1.91, "weightedAverageShsOut": 22896042, "weightedAverageShsOutDil": 22896042, "link": "https://www.sec.gov/Archives/edgar/data/1368514/000119380518000470/0001193805-18-000470-index.htm", "finalLink": "https://www.sec.gov/Archives/edgar/data/1368514/000119380518000470/e617768_10k-adma.htm", "calculatedOtherExpenses": 8583813, "calculatedOperatingExpenses": 32906235, "calculatedNetInterest": -3228619, "calculatedOtherIncome": -1220360, "calculatedIncomeNonControlling": -4448979, "calculatedEbitda": -38075322}, {"date": "2016-12-31", "symbol": "ADMA", "reportedCurrency": "USD", "cik": "0001368514", "fillingDate": "2017-02-24", "acceptedDate": "2017-02-24 17:01:50", "calendarYear": "2016", "period": "FY", "revenue": 10661037, "costOfRevenue": 6360761, "grossProfit": 4300276, "grossProfitRatio": 0.4033637628, "researchAndDevelopmentExpenses": 7688238, "generalAndAdministrativeExpenses": 8494742, "sellingAndMarketingExpenses": 0, "sellingGeneralAndAdministrativeExpenses": 8494742, "otherExpenses": 4496, "operatingExpenses": 21630671, "costAndExpenses": 27991432, "interestIncome": 50317, "interestExpense": 2239569, "depreciationAndAmortization": 469576, "ebitda": -16806006, "ebitdaratio": -1.5763950543, "operatingIncome": -17330395, "operatingIncomeRatio": -1.6255824832, "totalOtherIncomeExpensesNet": 4496, "incomeBeforeTax": -19515151, "incomeBeforeTaxRatio": -1.8305115159, "incomeTaxExpense": 2184756, "netIncome": -19515151, "netIncomeRatio": -1.8305115159, "eps": -1.61, "epsdiluted": -1.61, "weightedAverageShsOut": 12153407, "weightedAverageShsOutDil": 12153407, "link": "https://www.sec.gov/Archives/edgar/data/1368514/000119380517000330/0001193805-17-000330-index.htm", "finalLink": "https://www.sec.gov/Archives/edgar/data/1368514/000119380517000330/e615811_10k-adma.htm", "calculatedOtherExpenses": 5447691, "calculatedOperatingExpenses": 21630671, "calculatedNetInterest": -2189252, "calculatedOtherIncome": 4496, "calculatedIncomeNonControlling": -2184756, "calculatedEbitda": -16860819}, {"date": "2015-12-31", "symbol": "ADMA", "reportedCurrency": "USD", "cik": "0001368514", "fillingDate": "2016-03-23", "acceptedDate": "2016-03-23 16:31:32", "calendarYear": "2015", "period": "FY", "revenue": 7177633, "costOfRevenue": 4311461, "grossProfit": 2866172, "grossProfitRatio": 0.3993199429, "researchAndDevelopmentExpenses": 7015946, "generalAndAdministrativeExpenses": 6745968, "sellingAndMarketingExpenses": 0, "sellingGeneralAndAdministrativeExpenses": 6745968, "otherExpenses": 4618065, "operatingExpenses": 18379979, "costAndExpenses": 22691440, "interestIncome": 37830, "interestExpense": 1842716, "depreciationAndAmortization": 469821, "ebitda": -15006156, "ebitdaratio": -2.0906830985, "operatingIncome": -15513807, "operatingIncomeRatio": -2.1614098965, "totalOtherIncomeExpensesNet": -651237, "incomeBeforeTax": -17969930, "incomeBeforeTaxRatio": -2.5036011175, "incomeTaxExpense": 2456123, "netIncome": -17969930, "netIncomeRatio": -2.5036011175, "eps": -1.73, "epsdiluted": -1.73, "weightedAverageShsOut": 10412305, "weightedAverageShsOutDil": 10412305, "link": "https://www.sec.gov/Archives/edgar/data/1368514/000119380516002889/0001193805-16-002889-index.htm", "finalLink": "https://www.sec.gov/Archives/edgar/data/1368514/000119380516002889/e614766_10k-adma.htm", "calculatedOtherExpenses": 4618065, "calculatedOperatingExpenses": 18379979, "calculatedNetInterest": -1804886, "calculatedOtherIncome": -651237, "calculatedIncomeNonControlling": -2456123, "calculatedEbitda": -15043986}, {"date": "2014-12-31", "symbol": "ADMA", "reportedCurrency": "USD", "cik": "0001368514", "fillingDate": "2015-03-09", "acceptedDate": "2015-03-09 17:03:54", "calendarYear": "2014", "period": "FY", "revenue": 5915545, "costOfRevenue": 3742367, "grossProfit": 2173178, "grossProfitRatio": 0.3673673347, "researchAndDevelopmentExpenses": 9517014, "generalAndAdministrativeExpenses": 4823869, "sellingAndMarketingExpenses": 0, "sellingGeneralAndAdministrativeExpenses": 4823869, "otherExpenses": -74356, "operatingExpenses": 18191711, "costAndExpenses": 21934078, "interestIncome": 14217, "interestExpense": 1286215, "depreciationAndAmortization": 247852, "ebitda": -16078672, "ebitdaratio": -2.7180373068, "operatingIncome": -16018533, "operatingIncomeRatio": -2.7078710415, "totalOtherIncomeExpensesNet": -74356, "incomeBeforeTax": -17364887, "incomeBeforeTaxRatio": -2.9354669773, "incomeTaxExpense": -551724, "netIncome": -16813163, "netIncomeRatio": -2.8422001692, "eps": -1.81, "epsdiluted": -1.81, "weightedAverageShsOut": 9291823, "weightedAverageShsOutDil": 9291823, "link": "https://www.sec.gov/Archives/edgar/data/1368514/000119380515000352/0001193805-15-000352-index.htm", "finalLink": "https://www.sec.gov/Archives/edgar/data/1368514/000119380515000352/e613392_10k-adma.htm", "calculatedOtherExpenses": 3850828, "calculatedOperatingExpenses": 18191711, "calculatedNetInterest": -1271998, "calculatedOtherIncome": -74356, "calculatedIncomeNonControlling": 0, "calculatedEbitda": -15770681}, {"date": "2013-12-31", "symbol": "ADMA", "reportedCurrency": "USD", "cik": "0001368514", "fillingDate": "2014-03-28", "acceptedDate": "2014-03-28 07:01:38", "calendarYear": "2013", "period": "FY", "revenue": 3067577, "costOfRevenue": 2023441, "grossProfit": 1044136, "grossProfitRatio": 0.3403780899, "researchAndDevelopmentExpenses": 9303077, "generalAndAdministrativeExpenses": 4365334, "sellingAndMarketingExpenses": 0, "sellingGeneralAndAdministrativeExpenses": 4365334, "otherExpenses": 82497, "operatingExpenses": 16086567, "costAndExpenses": 18110008, "interestIncome": 7623, "interestExpense": 618225, "depreciationAndAmortization": 210633, "ebitda": -14741678, "ebitdaratio": -4.8056423686, "operatingIncome": -15042431, "operatingIncomeRatio": -4.9036848953, "totalOtherIncomeExpensesNet": 125787, "incomeBeforeTax": -15527246, "incomeBeforeTaxRatio": -5.0617298278, "incomeTaxExpense": 484815, "netIncome": -15527246, "netIncomeRatio": -5.0617298278, "eps": -2.38, "epsdiluted": -2.38, "weightedAverageShsOut": 6531029, "weightedAverageShsOutDil": 6531029, "link": "https://www.sec.gov/Archives/edgar/data/1368514/000119380514000641/0001193805-14-000641-index.htm", "finalLink": "https://www.sec.gov/Archives/edgar/data/1368514/000119380514000641/e611969_10k-adma.htm", "calculatedOtherExpenses": 2418156, "calculatedOperatingExpenses": 16086567, "calculatedNetInterest": -610602, "calculatedOtherIncome": 125787, "calculatedIncomeNonControlling": -484815, "calculatedEbitda": -14831798}, {"date": "2012-12-31", "symbol": "ADMA", "reportedCurrency": "USD", "cik": "0001368514", "fillingDate": "2013-03-06", "acceptedDate": "2013-03-06 16:31:52", "calendarYear": "2012", "period": "FY", "revenue": 1118118, "costOfRevenue": 669056, "grossProfit": 449062, "grossProfitRatio": 0.4016230845, "researchAndDevelopmentExpenses": 3469078, "generalAndAdministrativeExpenses": 3142289, "sellingAndMarketingExpenses": 0, "sellingGeneralAndAdministrativeExpenses": 3142289, "otherExpenses": 1746864, "operatingExpenses": 8358231, "costAndExpenses": 9027287, "interestIncome": 20924, "interestExpense": 30683, "depreciationAndAmortization": 182089, "ebitda": -7706156, "ebitdaratio": -6.8920775804, "operatingIncome": -7909169, "operatingIncomeRatio": -7.0736442844, "totalOtherIncomeExpensesNet": -1746864, "incomeBeforeTax": -7918928, "incomeBeforeTaxRatio": -7.0823723435, "incomeTaxExpense": -617615, "netIncome": -7301313, "netIncomeRatio": -6.5300022001, "eps": -1.39, "epsdiluted": -1.39, "weightedAverageShsOut": 5265771, "weightedAverageShsOutDil": 5265771, "link": "https://www.sec.gov/Archives/edgar/data/1368514/000119380513000585/0001193805-13-000585-index.htm", "finalLink": "https://www.sec.gov/Archives/edgar/data/1368514/000119380513000585/e610622_10k-adma.htm", "calculatedOtherExpenses": 1746864, "calculatedOperatingExpenses": 8358231, "calculatedNetInterest": -9759, "calculatedOtherIncome": 0, "calculatedIncomeNonControlling": 0, "calculatedEbitda": -7727080}, {"date": "2011-06-30", "symbol": "ADMA", "reportedCurrency": "USD", "cik": "0001368514", "fillingDate": "2011-09-27", "acceptedDate": "2011-09-27 10:11:19", "calendarYear": "2011", "period": "FY", "revenue": 0, "costOfRevenue": 0, "grossProfit": 0, "grossProfitRatio": 0, "researchAndDevelopmentExpenses": 0, "generalAndAdministrativeExpenses": 26464, "sellingAndMarketingExpenses": 0, "sellingGeneralAndAdministrativeExpenses": 26464, "otherExpenses": 5214, "operatingExpenses": 26464, "costAndExpenses": 26464, "interestIncome": 4, "interestExpense": 0, "depreciationAndAmortization": 4, "ebitda": -26464, "ebitdaratio": 0, "operatingIncome": -26464, "operatingIncomeRatio": 0, "totalOtherIncomeExpensesNet": 4, "incomeBeforeTax": -26460, "incomeBeforeTaxRatio": 0, "incomeTaxExpense": -4, "netIncome": -26460, "netIncomeRatio": 0, "eps": -0.0106, "epsdiluted": -0.0106, "weightedAverageShsOut": 2500000, "weightedAverageShsOutDil": 2500000, "link": "https://www.sec.gov/Archives/edgar/data/1368514/000114420411054936/0001144204-11-054936-index.htm", "finalLink": "https://www.sec.gov/Archives/edgar/data/1368514/000114420411054936/v235670_10k.htm", "calculatedOtherExpenses": 0, "calculatedOperatingExpenses": 26464, "calculatedNetInterest": 4, "calculatedOtherIncome": 0, "calculatedIncomeNonControlling": 4, "calculatedEbitda": -26460}, {"date": "2010-06-30", "symbol": "ADMA", "reportedCurrency": "USD", "cik": "0001368514", "fillingDate": "2010-09-23", "acceptedDate": "2010-09-23 17:05:08", "calendarYear": "2010", "period": "FY", "revenue": 0, "costOfRevenue": 0, "grossProfit": 0, "grossProfitRatio": 0, "researchAndDevelopmentExpenses": 0, "generalAndAdministrativeExpenses": 20530, "sellingAndMarketingExpenses": 0, "sellingGeneralAndAdministrativeExpenses": 20530, "otherExpenses": 3030, "operatingExpenses": 20530, "costAndExpenses": 20530, "interestIncome": 4, "interestExpense": 0, "depreciationAndAmortization": 4, "ebitda": -20530, "ebitdaratio": 0, "operatingIncome": -20530, "operatingIncomeRatio": 0, "totalOtherIncomeExpensesNet": 4, "incomeBeforeTax": -20526, "incomeBeforeTaxRatio": 0, "incomeTaxExpense": -4, "netIncome": -20526, "netIncomeRatio": 0, "eps": -0.0082, "epsdiluted": -0.0082, "weightedAverageShsOut": 2500000, "weightedAverageShsOutDil": 2500000, "link": "https://www.sec.gov/Archives/edgar/data/1368514/000114420410050666/0001144204-10-050666-index.htm", "finalLink": "https://www.sec.gov/Archives/edgar/data/1368514/000114420410050666/v197338_10k.htm", "calculatedOtherExpenses": 0, "calculatedOperatingExpenses": 20530, "calculatedNetInterest": 4, "calculatedOtherIncome": 0, "calculatedIncomeNonControlling": 4, "calculatedEbitda": -20526}, {"date": "2009-06-30", "symbol": "ADMA", "reportedCurrency": "USD", "cik": "0001368514", "fillingDate": "2009-09-24", "acceptedDate": "2009-09-24 17:28:45", "calendarYear": "2009", "period": "FY", "revenue": 0, "costOfRevenue": 0, "grossProfit": 0, "grossProfitRatio": 0, "researchAndDevelopmentExpenses": 0, "generalAndAdministrativeExpenses": 0, "sellingAndMarketingExpenses": 0, "sellingGeneralAndAdministrativeExpenses": 0, "otherExpenses": -20009000, "operatingExpenses": -20009000, "costAndExpenses": -20009000, "interestIncome": 0, "interestExpense": 0, "depreciationAndAmortization": 0, "ebitda": -20009000, "ebitdaratio": 0, "operatingIncome": -20009000, "operatingIncomeRatio": 0, "totalOtherIncomeExpensesNet": 0, "incomeBeforeTax": -20009000, "incomeBeforeTaxRatio": 0, "incomeTaxExpense": 0, "netIncome": -20009000, "netIncomeRatio": 0, "eps": -8, "epsdiluted": -8, "weightedAverageShsOut": 2500000, "weightedAverageShsOutDil": 2500000, "link": "https://www.sec.gov/Archives/edgar/data/1368514/000093041309004889/0000930413-09-004889-index.htm", "finalLink": "https://www.sec.gov/Archives/edgar/data/1368514/000093041309004889/c58817_10k.htm", "calculatedOtherExpenses": 20009000, "calculatedOperatingExpenses": 20009000, "calculatedNetInterest": 0, "calculatedOtherIncome": 0, "calculatedIncomeNonControlling": 0, "calculatedEbitda": -20009000}, {"date": "2008-06-30", "symbol": "ADMA", "reportedCurrency": "USD", "cik": "0001368514", "fillingDate": "2008-09-12", "acceptedDate": "2008-09-12 17:22:01", "calendarYear": "2008", "period": "FY", "revenue": 0, "costOfRevenue": 0, "grossProfit": 0, "grossProfitRatio": 0, "researchAndDevelopmentExpenses": 0, "generalAndAdministrativeExpenses": 0, "sellingAndMarketingExpenses": 0, "sellingGeneralAndAdministrativeExpenses": 0, "otherExpenses": 24916000, "operatingExpenses": 24916000, "costAndExpenses": 24916000, "interestIncome": 0, "interestExpense": 0, "depreciationAndAmortization": 0, "ebitda": -24891000, "ebitdaratio": 0, "operatingIncome": -24891000, "operatingIncomeRatio": 0, "totalOtherIncomeExpensesNet": 0, "incomeBeforeTax": -24891000, "incomeBeforeTaxRatio": 0, "incomeTaxExpense": 0, "netIncome": -24891000, "netIncomeRatio": 0, "eps": -9.96, "epsdiluted": -9.96, "weightedAverageShsOut": 2500000, "weightedAverageShsOutDil": 2500000, "link": "https://www.sec.gov/Archives/edgar/data/1368514/000093041308005468/0000930413-08-005468-index.htm", "finalLink": "https://www.sec.gov/Archives/edgar/data/1368514/000093041308005468/c54926_10ksb.htm", "calculatedOtherExpenses": 24891000, "calculatedOperatingExpenses": 24891000, "calculatedNetInterest": 0, "calculatedOtherIncome": 0, "calculatedIncomeNonControlling": 0, "calculatedEbitda": -24891000}, {"date": "2007-06-30", "symbol": "ADMA", "reportedCurrency": "USD", "cik": "0001368514", "fillingDate": "2007-08-16", "acceptedDate": "2007-08-16 13:25:26", "calendarYear": "2007", "period": "FY", "revenue": 0, "costOfRevenue": 0, "grossProfit": 0, "grossProfitRatio": 0, "researchAndDevelopmentExpenses": 0, "generalAndAdministrativeExpenses": 24000, "sellingAndMarketingExpenses": 0, "sellingGeneralAndAdministrativeExpenses": 24000, "otherExpenses": 29735000, "operatingExpenses": 29735000, "costAndExpenses": 29735000, "interestIncome": 48, "interestExpense": 0, "depreciationAndAmortization": 0, "ebitda": -29687000, "ebitdaratio": 0, "operatingIncome": -29687000, "operatingIncomeRatio": 0, "totalOtherIncomeExpensesNet": 0, "incomeBeforeTax": -29687000, "incomeBeforeTaxRatio": 0, "incomeTaxExpense": 0, "netIncome": -29687000, "netIncomeRatio": 0, "eps": -11.87, "epsdiluted": -11.87, "weightedAverageShsOut": 2500000, "weightedAverageShsOutDil": 2500000, "link": "https://www.sec.gov/Archives/edgar/data/1368514/000114420407044499/0001144204-07-044499-index.htm", "finalLink": "https://www.sec.gov/Archives/edgar/data/1368514/000114420407044499/v085165_10ksb.htm", "calculatedOtherExpenses": 29663000, "calculatedOperatingExpenses": 29687000, "calculatedNetInterest": 48, "calculatedOtherIncome": -48, "calculatedIncomeNonControlling": 0, "calculatedEbitda": -29687000}]}