{"originalCurrency": "USD", "convertedCurrency": "USD", "report": [{"date": "2023-09-30", "symbol": "ADNT", "reportedCurrency": "USD", "cik": "0001670541", "fillingDate": "2023-11-17", "acceptedDate": "2023-11-17 16:13:48", "calendarYear": "2023", "period": "FY", "revenue": 15395000000, "costOfRevenue": 14362000000, "grossProfit": 1033000000, "grossProfitRatio": 0.0670997077, "researchAndDevelopmentExpenses": 362000000, "generalAndAdministrativeExpenses": 587000000, "sellingAndMarketingExpenses": 0, "sellingGeneralAndAdministrativeExpenses": 587000000, "otherExpenses": 0, "operatingExpenses": 587000000, "costAndExpenses": 14949000000, "interestIncome": 22000000, "interestExpense": 195000000, "depreciationAndAmortization": 340000000, "ebitda": 870000000, "ebitdaratio": 0.0565118545, "operatingIncome": 479000000, "operatingIncomeRatio": 0.0311139981, "totalOtherIncomeExpensesNet": 44000000, "incomeBeforeTax": 295000000, "incomeBeforeTaxRatio": 0.0191620656, "incomeTaxExpense": 90000000, "netIncome": 205000000, "netIncomeRatio": 0.0133160117, "eps": 2.17, "epsdiluted": 2.15, "weightedAverageShsOut": 94500000, "weightedAverageShsOutDil": 95400000, "link": "https://www.sec.gov/Archives/edgar/data/1670541/000167054123000153/0001670541-23-000153-index.htm", "finalLink": "https://www.sec.gov/Archives/edgar/data/1670541/000167054123000153/adnt-20230930.htm", "calculatedOtherExpenses": -395000000, "calculatedOperatingExpenses": 554000000, "calculatedNetInterest": -173000000, "calculatedOtherIncome": -11000000, "calculatedIncomeNonControlling": 0, "calculatedEbitda": 819000000}, {"date": "2022-09-30", "symbol": "ADNT", "reportedCurrency": "USD", "cik": "0001670541", "fillingDate": "2022-11-22", "acceptedDate": "2022-11-22 16:46:55", "calendarYear": "2022", "period": "FY", "revenue": 14121000000, "costOfRevenue": 13314000000, "grossProfit": 807000000, "grossProfitRatio": 0.0571489271, "researchAndDevelopmentExpenses": 322000000, "generalAndAdministrativeExpenses": -10000000, "sellingAndMarketingExpenses": 598000000, "sellingGeneralAndAdministrativeExpenses": 598000000, "otherExpenses": -10000000, "operatingExpenses": 588000000, "costAndExpenses": 13912000000, "interestIncome": 9000000, "interestExpense": 215000000, "depreciationAndAmortization": 350000000, "ebitda": 644000000, "ebitdaratio": 0.0456058353, "operatingIncome": 294000000, "operatingIncomeRatio": 0.0208200552, "totalOtherIncomeExpensesNet": -240000000, "incomeBeforeTax": 54000000, "incomeBeforeTaxRatio": 0.0038240918, "incomeTaxExpense": 94000000, "netIncome": -40000000, "netIncomeRatio": -0.0028326606, "eps": -0.42, "epsdiluted": -0.42, "weightedAverageShsOut": 94800000, "weightedAverageShsOutDil": 94800000, "link": "https://www.sec.gov/Archives/edgar/data/1670541/000167054122000118/0001670541-22-000118-index.htm", "finalLink": "https://www.sec.gov/Archives/edgar/data/1670541/000167054122000118/adnt-20220930.htm", "calculatedOtherExpenses": -407000000, "calculatedOperatingExpenses": 513000000, "calculatedNetInterest": -206000000, "calculatedOtherIncome": -34000000, "calculatedIncomeNonControlling": 0, "calculatedEbitda": 644000000}, {"date": "2021-09-30", "symbol": "ADNT", "reportedCurrency": "USD", "cik": "0001670541", "fillingDate": "2021-11-23", "acceptedDate": "2021-11-23 16:03:40", "calendarYear": "2021", "period": "FY", "revenue": 13680000000, "costOfRevenue": 12854000000, "grossProfit": 826000000, "grossProfitRatio": 0.060380117, "researchAndDevelopmentExpenses": 316000000, "generalAndAdministrativeExpenses": -24000000, "sellingAndMarketingExpenses": 537000000, "sellingGeneralAndAdministrativeExpenses": 513000000, "otherExpenses": 24000000, "operatingExpenses": 513000000, "costAndExpenses": 13367000000, "interestIncome": 7000000, "interestExpense": 311000000, "depreciationAndAmortization": 330000000, "ebitda": 2127000000, "ebitdaratio": 0.1554824561, "operatingIncome": 1797000000, "operatingIncomeRatio": 0.1313596491, "totalOtherIncomeExpensesNet": -358000000, "incomeBeforeTax": 1439000000, "incomeBeforeTaxRatio": 0.1051900585, "incomeTaxExpense": 249000000, "netIncome": 1108000000, "netIncomeRatio": 0.080994152, "eps": 11.76, "epsdiluted": 11.58, "weightedAverageShsOut": 94200000, "weightedAverageShsOutDil": 95700000, "link": "https://www.sec.gov/Archives/edgar/data/1670541/000167054121000133/0001670541-21-000133-index.htm", "finalLink": "https://www.sec.gov/Archives/edgar/data/1670541/000167054121000133/adnt-20210930.htm", "calculatedOtherExpenses": -1800000000, "calculatedOperatingExpenses": -971000000, "calculatedNetInterest": -304000000, "calculatedOtherIncome": -54000000, "calculatedIncomeNonControlling": 82000000, "calculatedEbitda": 2127000000}, {"date": "2020-09-30", "symbol": "ADNT", "reportedCurrency": "USD", "cik": "0001670541", "fillingDate": "2020-11-30", "acceptedDate": "2020-11-30 07:11:25", "calendarYear": "2020", "period": "FY", "revenue": 12670000000, "costOfRevenue": 12078000000, "grossProfit": 592000000, "grossProfitRatio": 0.0467245462, "researchAndDevelopmentExpenses": 370000000, "generalAndAdministrativeExpenses": 14000000, "sellingAndMarketingExpenses": 558000000, "sellingGeneralAndAdministrativeExpenses": 572000000, "otherExpenses": -14000000, "operatingExpenses": 572000000, "costAndExpenses": 12650000000, "interestIncome": 11000000, "interestExpense": 220000000, "depreciationAndAmortization": 332000000, "ebitda": 374000000, "ebitdaratio": 0.0295185478, "operatingIncome": 42000000, "operatingIncomeRatio": 0.0033149171, "totalOtherIncomeExpensesNet": -471000000, "incomeBeforeTax": -429000000, "incomeBeforeTaxRatio": -0.0338595107, "incomeTaxExpense": 57000000, "netIncome": -486000000, "netIncomeRatio": -0.0383583268, "eps": -5.18, "epsdiluted": -5.18, "weightedAverageShsOut": 93800000, "weightedAverageShsOutDil": 93800000, "link": "https://www.sec.gov/Archives/edgar/data/1670541/000167054120000080/0001670541-20-000080-index.htm", "finalLink": "https://www.sec.gov/Archives/edgar/data/1670541/000167054120000080/adnt-20200930.htm", "calculatedOtherExpenses": -392000000, "calculatedOperatingExpenses": 550000000, "calculatedNetInterest": -209000000, "calculatedOtherIncome": -262000000, "calculatedIncomeNonControlling": 0, "calculatedEbitda": 374000000}, {"date": "2019-09-30", "symbol": "ADNT", "reportedCurrency": "USD", "cik": "0001670541", "fillingDate": "2019-11-22", "acceptedDate": "2019-11-22 16:05:12", "calendarYear": "2019", "period": "FY", "revenue": 16526000000, "costOfRevenue": 15725000000, "grossProfit": 801000000, "grossProfitRatio": 0.048469079, "researchAndDevelopmentExpenses": 454000000, "generalAndAdministrativeExpenses": 45000000, "sellingAndMarketingExpenses": 671000000, "sellingGeneralAndAdministrativeExpenses": 671000000, "otherExpenses": -45000000, "operatingExpenses": 671000000, "costAndExpenses": 16396000000, "interestIncome": 11000000, "interestExpense": 167000000, "depreciationAndAmortization": 318000000, "ebitda": 663000000, "ebitdaratio": 0.040118601, "operatingIncome": 345000000, "operatingIncomeRatio": 0.0208761951, "totalOtherIncomeExpensesNet": -343000000, "incomeBeforeTax": 2000000, "incomeBeforeTaxRatio": 0.0001210214, "incomeTaxExpense": 410000000, "netIncome": -408000000, "netIncomeRatio": -0.0246883698, "eps": -4.36, "epsdiluted": -4.36, "weightedAverageShsOut": 93600000, "weightedAverageShsOutDil": 93600000, "link": "https://www.sec.gov/Archives/edgar/data/1670541/000167054119000057/0001670541-19-000057-index.htm", "finalLink": "https://www.sec.gov/Archives/edgar/data/1670541/000167054119000057/adnt-20190930.htm", "calculatedOtherExpenses": -669000000, "calculatedOperatingExpenses": 456000000, "calculatedNetInterest": -156000000, "calculatedOtherIncome": -187000000, "calculatedIncomeNonControlling": 0, "calculatedEbitda": 663000000}, {"date": "2018-09-30", "symbol": "ADNT", "reportedCurrency": "USD", "cik": "0001670541", "fillingDate": "2018-11-29", "acceptedDate": "2018-11-29 17:05:39", "calendarYear": "2018", "period": "FY", "revenue": 17439000000, "costOfRevenue": 16528000000, "grossProfit": 911000000, "grossProfitRatio": 0.0522392339, "researchAndDevelopmentExpenses": 513000000, "generalAndAdministrativeExpenses": 694000000, "sellingAndMarketingExpenses": 694000000, "sellingGeneralAndAdministrativeExpenses": 694000000, "otherExpenses": 0, "operatingExpenses": 694000000, "costAndExpenses": 17222000000, "interestIncome": 5000000, "interestExpense": 142000000, "depreciationAndAmortization": 447000000, "ebitda": 649000000, "ebitdaratio": 0.0372154367, "operatingIncome": -1063000000, "operatingIncomeRatio": -0.06095533, "totalOtherIncomeExpensesNet": -1194000000, "incomeBeforeTax": -1121000000, "incomeBeforeTaxRatio": -0.0642812088, "incomeTaxExpense": 480000000, "netIncome": -1685000000, "netIncomeRatio": -0.0966225128, "eps": -18.06, "epsdiluted": -18.06, "weightedAverageShsOut": 93300000, "weightedAverageShsOutDil": 93300000, "link": "https://www.sec.gov/Archives/edgar/data/1670541/000167054118000065/0001670541-18-000065-index.htm", "finalLink": "https://www.sec.gov/Archives/edgar/data/1670541/000167054118000065/a9302018adientform10k.htm", "calculatedOtherExpenses": 767000000, "calculatedOperatingExpenses": 1974000000, "calculatedNetInterest": -137000000, "calculatedOtherIncome": 79000000, "calculatedIncomeNonControlling": 84000000, "calculatedEbitda": -616000000}, {"date": "2017-09-30", "symbol": "ADNT", "reportedCurrency": "USD", "cik": "0001670541", "fillingDate": "2017-11-22", "acceptedDate": "2017-11-22 17:08:31", "calendarYear": "2017", "period": "FY", "revenue": 16213000000, "costOfRevenue": 14805000000, "grossProfit": 1408000000, "grossProfitRatio": 0.0868438907, "researchAndDevelopmentExpenses": 488000000, "generalAndAdministrativeExpenses": 691000000, "sellingAndMarketingExpenses": 691000000, "sellingGeneralAndAdministrativeExpenses": 691000000, "otherExpenses": 0, "operatingExpenses": 691000000, "costAndExpenses": 15496000000, "interestIncome": 4000000, "interestExpense": 126000000, "depreciationAndAmortization": 358000000, "ebitda": 1591000000, "ebitdaratio": 0.0981311293, "operatingIncome": 1102000000, "operatingIncomeRatio": 0.0679701474, "totalOtherIncomeExpensesNet": 476000000, "incomeBeforeTax": 1061000000, "incomeBeforeTaxRatio": 0.0654413125, "incomeTaxExpense": 99000000, "netIncome": 877000000, "netIncomeRatio": 0.054092395, "eps": 9.38, "epsdiluted": 9.34, "weightedAverageShsOut": 93500000, "weightedAverageShsOutDil": 93900000, "link": "https://www.sec.gov/Archives/edgar/data/1670541/000167054117000071/0001670541-17-000071-index.htm", "finalLink": "https://www.sec.gov/Archives/edgar/data/1670541/000167054117000071/a9302017adientform10k.htm", "calculatedOtherExpenses": -873000000, "calculatedOperatingExpenses": 306000000, "calculatedNetInterest": -122000000, "calculatedOtherIncome": 81000000, "calculatedIncomeNonControlling": 85000000, "calculatedEbitda": 1460000000}, {"date": "2016-09-30", "symbol": "ADNT", "reportedCurrency": "USD", "cik": "0001670541", "fillingDate": "2016-11-29", "acceptedDate": "2016-11-29 16:49:56", "calendarYear": "2016", "period": "FY", "revenue": 16837000000, "costOfRevenue": 15228000000, "grossProfit": 1609000000, "grossProfitRatio": 0.0955633426, "researchAndDevelopmentExpenses": 460000000, "generalAndAdministrativeExpenses": 1222000000, "sellingAndMarketingExpenses": 1222000000, "sellingGeneralAndAdministrativeExpenses": 1222000000, "otherExpenses": 0, "operatingExpenses": 1222000000, "costAndExpenses": 16450000000, "interestIncome": 2000000, "interestExpense": 20000000, "depreciationAndAmortization": 344000000, "ebitda": 1086000000, "ebitdaratio": 0.0645008018, "operatingIncome": 369000000, "operatingIncomeRatio": 0.0219160183, "totalOtherIncomeExpensesNet": 25000000, "incomeBeforeTax": 390000000, "incomeBeforeTaxRatio": 0.0231632714, "incomeTaxExpense": 1839000000, "netIncome": -1533000000, "netIncomeRatio": -0.0910494744, "eps": -16.4, "epsdiluted": -16.4, "weightedAverageShsOut": 93500000, "weightedAverageShsOutDil": 93500000, "link": "https://www.sec.gov/Archives/edgar/data/1670541/000167054116000016/0001670541-16-000016-index.htm", "finalLink": "https://www.sec.gov/Archives/edgar/data/1670541/000167054116000016/a9302016adientform10-k.htm", "calculatedOtherExpenses": -442000000, "calculatedOperatingExpenses": 1240000000, "calculatedNetInterest": -18000000, "calculatedOtherIncome": 39000000, "calculatedIncomeNonControlling": 84000000, "calculatedEbitda": 713000000}, {"date": "2015-09-30", "symbol": "ADNT", "reportedCurrency": "USD", "cik": "0001670541", "fillingDate": "2015-09-30", "acceptedDate": "2015-09-29 20:00:00", "calendarYear": "2015", "period": "FY", "revenue": 20071000000, "costOfRevenue": 18219000000, "grossProfit": 1852000000, "grossProfitRatio": 0.0922724329, "researchAndDevelopmentExpenses": 599000000, "generalAndAdministrativeExpenses": 1131000000, "sellingAndMarketingExpenses": 1131000000, "sellingGeneralAndAdministrativeExpenses": 1131000000, "otherExpenses": 0, "operatingExpenses": 1131000000, "costAndExpenses": 19350000000, "interestIncome": 1000000, "interestExpense": 11000000, "depreciationAndAmortization": 347000000, "ebitda": 1362000000, "ebitdaratio": 0.0678591002, "operatingIncome": 904000000, "operatingIncomeRatio": 0.0450401076, "totalOtherIncomeExpensesNet": 250000000, "incomeBeforeTax": 959000000, "incomeBeforeTaxRatio": 0.0477803797, "incomeTaxExpense": 418000000, "netIncome": 475000000, "netIncomeRatio": 0.0236659858, "eps": 4.92, "epsdiluted": 4.92, "weightedAverageShsOut": 93500000, "weightedAverageShsOutDil": 93500000, "link": "", "finalLink": "", "calculatedOtherExpenses": -782000000, "calculatedOperatingExpenses": 948000000, "calculatedNetInterest": -10000000, "calculatedOtherIncome": 65000000, "calculatedIncomeNonControlling": 66000000, "calculatedEbitda": 1251000000}, {"date": "2014-09-30", "symbol": "ADNT", "reportedCurrency": "USD", "cik": "0001670541", "fillingDate": "2014-09-30", "acceptedDate": "2014-09-29 20:00:00", "calendarYear": "2014", "period": "FY", "revenue": 22041000000, "costOfRevenue": 20088000000, "grossProfit": 1953000000, "grossProfitRatio": 0.0886075949, "researchAndDevelopmentExpenses": 667000000, "generalAndAdministrativeExpenses": 1308000000, "sellingAndMarketingExpenses": 1308000000, "sellingGeneralAndAdministrativeExpenses": 1308000000, "otherExpenses": 0, "operatingExpenses": 1308000000, "costAndExpenses": 21396000000, "interestIncome": 2000000, "interestExpense": 14000000, "depreciationAndAmortization": 437000000, "ebitda": 1365000000, "ebitdaratio": 0.0619300395, "operatingIncome": 617000000, "operatingIncomeRatio": 0.0279932852, "totalOtherIncomeExpensesNet": 40000000, "incomeBeforeTax": 670000000, "incomeBeforeTaxRatio": 0.0303978948, "incomeTaxExpense": 296000000, "netIncome": 307000000, "netIncomeRatio": 0.0139285876, "eps": 3.28, "epsdiluted": 3.28, "weightedAverageShsOut": 93500000, "weightedAverageShsOutDil": 93500000, "link": "", "finalLink": "", "calculatedOtherExpenses": -639000000, "calculatedOperatingExpenses": 1336000000, "calculatedNetInterest": -12000000, "calculatedOtherIncome": 65000000, "calculatedIncomeNonControlling": 67000000, "calculatedEbitda": 1054000000}, {"date": "2013-09-30", "symbol": "ADNT", "reportedCurrency": "USD", "cik": "0001670541", "fillingDate": "2013-09-30", "acceptedDate": "2013-09-29 20:00:00", "calendarYear": "2013", "period": "FY", "revenue": 20470000000, "costOfRevenue": 18895000000, "grossProfit": 1575000000, "grossProfitRatio": 0.0769418661, "researchAndDevelopmentExpenses": 688000000, "generalAndAdministrativeExpenses": 1203000000, "sellingAndMarketingExpenses": 1203000000, "sellingGeneralAndAdministrativeExpenses": 1203000000, "otherExpenses": 0, "operatingExpenses": 1203000000, "costAndExpenses": 20098000000, "interestIncome": 5000000, "interestExpense": 12000000, "depreciationAndAmortization": 450000000, "ebitda": 1126000000, "ebitdaratio": 0.0550073278, "operatingIncome": 367000000, "operatingIncomeRatio": 0.0179286761, "totalOtherIncomeExpensesNet": 51000000, "incomeBeforeTax": 413000000, "incomeBeforeTaxRatio": 0.0201758671, "incomeTaxExpense": 168000000, "netIncome": 187000000, "netIncomeRatio": 0.00913532, "eps": 2, "epsdiluted": 2, "weightedAverageShsOut": 93500000, "weightedAverageShsOutDil": 93600000, "link": "", "finalLink": "", "calculatedOtherExpenses": -683000000, "calculatedOperatingExpenses": 1208000000, "calculatedNetInterest": -7000000, "calculatedOtherIncome": 53000000, "calculatedIncomeNonControlling": 58000000, "calculatedEbitda": 817000000}]}