{"originalCurrency": "USD", "convertedCurrency": "USD", "report": [{"date": "2023-06-30", "symbol": "ADP", "reportedCurrency": "USD", "cik": "0000008670", "fillingDate": "2023-08-03", "acceptedDate": "2023-08-03 16:49:01", "calendarYear": "2023", "period": "FY", "revenue": 17198800000, "costOfRevenue": 9953400000, "grossProfit": 7245400000, "grossProfitRatio": 0.4212735772, "researchAndDevelopmentExpenses": 844800000, "generalAndAdministrativeExpenses": 0, "sellingAndMarketingExpenses": 0, "sellingGeneralAndAdministrativeExpenses": 3551400000, "otherExpenses": 50800000, "operatingExpenses": 3551400000, "costAndExpenses": 13504800000, "interestIncome": 962900000, "interestExpense": 253300000, "depreciationAndAmortization": 549300000, "ebitda": 5257000000, "ebitdaratio": 0.3056608601, "operatingIncome": 4471100000, "operatingIncomeRatio": 0.2599658116, "totalOtherIncomeExpensesNet": 34000000, "incomeBeforeTax": 4437600000, "incomeBeforeTaxRatio": 0.2580180013, "incomeTaxExpense": 1025600000, "netIncome": 3412000000, "netIncomeRatio": 0.1983859339, "eps": 8.25, "epsdiluted": 8.21, "weightedAverageShsOut": 413700000, "weightedAverageShsOutDil": 415700000, "link": "https://www.sec.gov/Archives/edgar/data/8670/000000867023000030/0000008670-23-000030-index.htm", "finalLink": "https://www.sec.gov/Archives/edgar/data/8670/000000867023000030/adp-20230630.htm", "calculatedOtherExpenses": -1621900000, "calculatedOperatingExpenses": 2774300000, "calculatedNetInterest": 709600000, "calculatedOtherIncome": -743100000, "calculatedIncomeNonControlling": 0, "calculatedEbitda": 5020400000}, {"date": "2022-06-30", "symbol": "ADP", "reportedCurrency": "USD", "cik": "0000008670", "fillingDate": "2022-08-03", "acceptedDate": "2022-08-03 14:16:38", "calendarYear": "2022", "period": "FY", "revenue": 16046500000, "costOfRevenue": 9461900000, "grossProfit": 6584600000, "grossProfitRatio": 0.410344935, "researchAndDevelopmentExpenses": 798600000, "generalAndAdministrativeExpenses": 0, "sellingAndMarketingExpenses": 0, "sellingGeneralAndAdministrativeExpenses": 3233200000, "otherExpenses": 61700000, "operatingExpenses": 3233200000, "costAndExpenses": 12695100000, "interestIncome": 492800000, "interestExpense": 81900000, "depreciationAndAmortization": 515100000, "ebitda": 4421000000, "ebitdaratio": 0.2755117938, "operatingIncome": 3905900000, "operatingIncomeRatio": 0.2434113358, "totalOtherIncomeExpensesNet": -101800000, "incomeBeforeTax": 3804100000, "incomeBeforeTaxRatio": 0.2370672732, "incomeTaxExpense": 855200000, "netIncome": 2948900000, "netIncomeRatio": 0.1837721622, "eps": 7.04, "epsdiluted": 7, "weightedAverageShsOut": 418800000, "weightedAverageShsOutDil": 421100000, "link": "https://www.sec.gov/Archives/edgar/data/8670/000000867022000038/0000008670-22-000038-index.htm", "finalLink": "https://www.sec.gov/Archives/edgar/data/8670/000000867022000038/adp-20220630.htm", "calculatedOtherExpenses": -1353100000, "calculatedOperatingExpenses": 2678700000, "calculatedNetInterest": 410900000, "calculatedOtherIncome": -512700000, "calculatedIncomeNonControlling": 0, "calculatedEbitda": 4421000000}, {"date": "2021-06-30", "symbol": "ADP", "reportedCurrency": "USD", "cik": "0000008670", "fillingDate": "2021-08-04", "acceptedDate": "2021-08-04 14:06:37", "calendarYear": "2021", "period": "FY", "revenue": 14583000000, "costOfRevenue": 8640300000, "grossProfit": 5942700000, "grossProfitRatio": 0.4075087431, "researchAndDevelopmentExpenses": 716600000, "generalAndAdministrativeExpenses": 0, "sellingAndMarketingExpenses": 0, "sellingGeneralAndAdministrativeExpenses": 3040500000, "otherExpenses": 58600000, "operatingExpenses": 3040500000, "costAndExpenses": 11680800000, "interestIncome": 458900000, "interestExpense": 59700000, "depreciationAndAmortization": 510700000, "ebitda": 3930400000, "ebitdaratio": 0.2695193033, "operatingIncome": 3419700000, "operatingIncomeRatio": 0.2344990743, "totalOtherIncomeExpensesNet": -58500000, "incomeBeforeTax": 3361200000, "incomeBeforeTaxRatio": 0.230487554, "incomeTaxExpense": 762700000, "netIncome": 2598500000, "netIncomeRatio": 0.17818693, "eps": 6.1, "epsdiluted": 6.07, "weightedAverageShsOut": 426300000, "weightedAverageShsOutDil": 428100000, "link": "https://www.sec.gov/Archives/edgar/data/8670/000000867021000027/0000008670-21-000027-index.htm", "finalLink": "https://www.sec.gov/Archives/edgar/data/8670/000000867021000027/adp-20210630.htm", "calculatedOtherExpenses": -1234100000, "calculatedOperatingExpenses": 2523000000, "calculatedNetInterest": 399200000, "calculatedOtherIncome": -457700000, "calculatedIncomeNonControlling": 0, "calculatedEbitda": 3930400000}, {"date": "2020-06-30", "symbol": "ADP", "reportedCurrency": "USD", "cik": "0000008670", "fillingDate": "2020-08-05", "acceptedDate": "2020-08-05 17:28:42", "calendarYear": "2020", "period": "FY", "revenue": 14044600000, "costOfRevenue": 8445100000, "grossProfit": 5599500000, "grossProfitRatio": 0.39869416, "researchAndDevelopmentExpenses": 674100000, "generalAndAdministrativeExpenses": 0, "sellingAndMarketingExpenses": 0, "sellingGeneralAndAdministrativeExpenses": 3003000000, "otherExpenses": 74500000, "operatingExpenses": 3003000000, "costAndExpenses": 11448100000, "interestIncome": 629700000, "interestExpense": 107100000, "depreciationAndAmortization": 480000000, "ebitda": 3780700000, "ebitdaratio": 0.2691924298, "operatingIncome": 3300700000, "operatingIncomeRatio": 0.2350155932, "totalOtherIncomeExpensesNet": -118100000, "incomeBeforeTax": 3182600000, "incomeBeforeTaxRatio": 0.2266066673, "incomeTaxExpense": 716100000, "netIncome": 2466500000, "netIncomeRatio": 0.1756190992, "eps": 5.73, "epsdiluted": 5.7, "weightedAverageShsOut": 430800000, "weightedAverageShsOutDil": 432700000, "link": "https://www.sec.gov/Archives/edgar/data/8670/000000867020000032/0000008670-20-000032-index.htm", "finalLink": "https://www.sec.gov/Archives/edgar/data/8670/000000867020000032/adp-20200630.htm", "calculatedOtherExpenses": -1378300000, "calculatedOperatingExpenses": 2298800000, "calculatedNetInterest": 522600000, "calculatedOtherIncome": -640700000, "calculatedIncomeNonControlling": 0, "calculatedEbitda": 3780700000}, {"date": "2019-06-30", "symbol": "ADP", "reportedCurrency": "USD", "cik": "0000008670", "fillingDate": "2019-08-09", "acceptedDate": "2019-08-09 16:04:22", "calendarYear": "2019", "period": "FY", "revenue": 13613300000, "costOfRevenue": 8086600000, "grossProfit": 5526700000, "grossProfitRatio": 0.4059779774, "researchAndDevelopmentExpenses": 636300000, "generalAndAdministrativeExpenses": 0, "sellingAndMarketingExpenses": 0, "sellingGeneralAndAdministrativeExpenses": 3064200000, "otherExpenses": 6700000, "operatingExpenses": 3064200000, "costAndExpenses": 11150800000, "interestIncome": 659500000, "interestExpense": 129900000, "depreciationAndAmortization": 409000000, "ebitda": 3537700000, "ebitdaratio": 0.2598708616, "operatingIncome": 3128700000, "operatingIncomeRatio": 0.2298267136, "totalOtherIncomeExpensesNet": -123100000, "incomeBeforeTax": 3005600000, "incomeBeforeTaxRatio": 0.2207840862, "incomeTaxExpense": 712800000, "netIncome": 2292800000, "netIncomeRatio": 0.168423527, "eps": 5.27, "epsdiluted": 5.24, "weightedAverageShsOut": 435000000, "weightedAverageShsOutDil": 437600000, "link": "https://www.sec.gov/Archives/edgar/data/8670/000000867019000021/0000008670-19-000021-index.htm", "finalLink": "https://www.sec.gov/Archives/edgar/data/8670/000000867019000021/q4fy1910k.htm", "calculatedOtherExpenses": -1302500000, "calculatedOperatingExpenses": 2398000000, "calculatedNetInterest": 529600000, "calculatedOtherIncome": -652700000, "calculatedIncomeNonControlling": 0, "calculatedEbitda": 3537700000}, {"date": "2018-06-30", "symbol": "ADP", "reportedCurrency": "USD", "cik": "0000008670", "fillingDate": "2018-08-03", "acceptedDate": "2018-08-03 16:50:24", "calendarYear": "2018", "period": "FY", "revenue": 12859300000, "costOfRevenue": 7842600000, "grossProfit": 5016700000, "grossProfitRatio": 0.3901223239, "researchAndDevelopmentExpenses": 635400000, "generalAndAdministrativeExpenses": 2971500000, "sellingAndMarketingExpenses": 0, "sellingGeneralAndAdministrativeExpenses": 2971500000, "otherExpenses": 0, "operatingExpenses": 2971500000, "costAndExpenses": 10814100000, "interestIncome": 83500000, "interestExpense": 102700000, "depreciationAndAmortization": 377600000, "ebitda": 2651400000, "ebitdaratio": 0.2061854067, "operatingIncome": 2045200000, "operatingIncomeRatio": 0.159044427, "totalOtherIncomeExpensesNet": 125900000, "incomeBeforeTax": 2171100000, "incomeBeforeTaxRatio": 0.1688350066, "incomeTaxExpense": 550300000, "netIncome": 1620800000, "netIncomeRatio": 0.1260410753, "eps": 3.68, "epsdiluted": 3.66, "weightedAverageShsOut": 440600000, "weightedAverageShsOutDil": 443300000, "link": "https://www.sec.gov/Archives/edgar/data/8670/000000867018000011/0000008670-18-000011-index.htm", "finalLink": "https://www.sec.gov/Archives/edgar/data/8670/000000867018000011/q4fy1810k.htm", "calculatedOtherExpenses": -635400000, "calculatedOperatingExpenses": 2971500000, "calculatedNetInterest": -19200000, "calculatedOtherIncome": 145100000, "calculatedIncomeNonControlling": 0, "calculatedEbitda": 2422800000}, {"date": "2017-06-30", "symbol": "ADP", "reportedCurrency": "USD", "cik": "0000008670", "fillingDate": "2017-08-04", "acceptedDate": "2017-08-04 16:22:32", "calendarYear": "2017", "period": "FY", "revenue": 11982400000, "costOfRevenue": 7269800000, "grossProfit": 4712600000, "grossProfitRatio": 0.3932934971, "researchAndDevelopmentExpenses": 627500000, "generalAndAdministrativeExpenses": 2783200000, "sellingAndMarketingExpenses": 0, "sellingGeneralAndAdministrativeExpenses": 2783200000, "otherExpenses": 0, "operatingExpenses": 2783200000, "costAndExpenses": 10053000000, "interestIncome": 76700000, "interestExpense": 80000000, "depreciationAndAmortization": 316100000, "ebitda": 2927200000, "ebitdaratio": 0.2442916277, "operatingIncome": 1929400000, "operatingIncomeRatio": 0.1610194953, "totalOtherIncomeExpensesNet": 601700000, "incomeBeforeTax": 2531100000, "incomeBeforeTaxRatio": 0.2112348111, "incomeTaxExpense": 797700000, "netIncome": 1733400000, "netIncomeRatio": 0.1446621712, "eps": 3.87, "epsdiluted": 3.85, "weightedAverageShsOut": 447800000, "weightedAverageShsOutDil": 450300000, "link": "https://www.sec.gov/Archives/edgar/data/8670/000000867017000010/0000008670-17-000010-index.htm", "finalLink": "https://www.sec.gov/Archives/edgar/data/8670/000000867017000010/q4fy1710k.htm", "calculatedOtherExpenses": -627500000, "calculatedOperatingExpenses": 2783200000, "calculatedNetInterest": -3300000, "calculatedOtherIncome": 605000000, "calculatedIncomeNonControlling": 0, "calculatedEbitda": 2245500000}, {"date": "2016-06-30", "symbol": "ADP", "reportedCurrency": "USD", "cik": "0000008670", "fillingDate": "2016-08-05", "acceptedDate": "2016-08-05 15:09:42", "calendarYear": "2016", "period": "FY", "revenue": 11290500000, "costOfRevenue": 6840300000, "grossProfit": 4450200000, "grossProfitRatio": 0.3941543776, "researchAndDevelopmentExpenses": 603700000, "generalAndAdministrativeExpenses": 2637000000, "sellingAndMarketingExpenses": 0, "sellingGeneralAndAdministrativeExpenses": 2637000000, "otherExpenses": 0, "operatingExpenses": 2637000000, "costAndExpenses": 9477300000, "interestIncome": 439700000, "interestExpense": 56200000, "depreciationAndAmortization": 288600000, "ebitda": 2252900000, "ebitdaratio": 0.1995394358, "operatingIncome": 1813200000, "operatingIncomeRatio": 0.1605951906, "totalOtherIncomeExpensesNet": 38000000, "incomeBeforeTax": 2234700000, "incomeBeforeTaxRatio": 0.1979274611, "incomeTaxExpense": 741300000, "netIncome": 1492500000, "netIncomeRatio": 0.1321907799, "eps": 3.27, "epsdiluted": 3.25, "weightedAverageShsOut": 457000000, "weightedAverageShsOutDil": 459100000, "link": "https://www.sec.gov/Archives/edgar/data/8670/000000867016000053/0000008670-16-000053-index.htm", "finalLink": "https://www.sec.gov/Archives/edgar/data/8670/000000867016000053/q4fy1610kinq4fy16.htm", "calculatedOtherExpenses": -603700000, "calculatedOperatingExpenses": 2637000000, "calculatedNetInterest": 383500000, "calculatedOtherIncome": 38000000, "calculatedIncomeNonControlling": 900000, "calculatedEbitda": 2101800000}, {"date": "2015-06-30", "symbol": "ADP", "reportedCurrency": "USD", "cik": "0000008670", "fillingDate": "2015-08-07", "acceptedDate": "2015-08-07 14:22:14", "calendarYear": "2015", "period": "FY", "revenue": 10560800000, "costOfRevenue": 6427600000, "grossProfit": 4133200000, "grossProfitRatio": 0.3913718658, "researchAndDevelopmentExpenses": 0, "generalAndAdministrativeExpenses": 2496900000, "sellingAndMarketingExpenses": 0, "sellingGeneralAndAdministrativeExpenses": 2496900000, "otherExpenses": 0, "operatingExpenses": 2496900000, "costAndExpenses": 8924500000, "interestIncome": 434600000, "interestExpense": 6500000, "depreciationAndAmortization": 277900000, "ebitda": 2070900000, "ebitdaratio": 0.196093099, "operatingIncome": 1636300000, "operatingIncomeRatio": 0.1549409136, "totalOtherIncomeExpensesNet": 6300000, "incomeBeforeTax": 2070700000, "incomeBeforeTaxRatio": 0.196074161, "incomeTaxExpense": 694200000, "netIncome": 1452500000, "netIncomeRatio": 0.137536929, "eps": 3.07, "epsdiluted": 3.05, "weightedAverageShsOut": 472600000, "weightedAverageShsOutDil": 475800000, "link": "https://www.sec.gov/Archives/edgar/data/8670/000000867015000021/0000008670-15-000021-index.htm", "finalLink": "https://www.sec.gov/Archives/edgar/data/8670/000000867015000021/q4fy1510k.htm", "calculatedOtherExpenses": 0, "calculatedOperatingExpenses": 2496900000, "calculatedNetInterest": 428100000, "calculatedOtherIncome": 6300000, "calculatedIncomeNonControlling": -76000000, "calculatedEbitda": 1914200000}, {"date": "2014-06-30", "symbol": "ADP", "reportedCurrency": "USD", "cik": "0000008670", "fillingDate": "2014-08-08", "acceptedDate": "2014-08-08 13:50:03", "calendarYear": "2014", "period": "FY", "revenue": 11832800000, "costOfRevenue": 7221400000, "grossProfit": 4611400000, "grossProfitRatio": 0.3897133392, "researchAndDevelopmentExpenses": 0, "generalAndAdministrativeExpenses": 2762400000, "sellingAndMarketingExpenses": 0, "sellingGeneralAndAdministrativeExpenses": 2762400000, "otherExpenses": 200000, "operatingExpenses": 2762400000, "costAndExpenses": 9983800000, "interestIncome": 429900000, "interestExpense": 6100000, "depreciationAndAmortization": 336200000, "ebitda": 2279100000, "ebitdaratio": 0.192608681, "operatingIncome": 1849000000, "operatingIncomeRatio": 0.1562605639, "totalOtherIncomeExpensesNet": 1800000, "incomeBeforeTax": 2274600000, "incomeBeforeTaxRatio": 0.1922283821, "incomeTaxExpense": 772000000, "netIncome": 1515900000, "netIncomeRatio": 0.1281099993, "eps": 3.17, "epsdiluted": 3.14, "weightedAverageShsOut": 478900000, "weightedAverageShsOutDil": 483100000, "link": "https://www.sec.gov/Archives/edgar/data/8670/000000867014000015/0000008670-14-000015-index.htm", "finalLink": "https://www.sec.gov/Archives/edgar/data/8670/000000867014000015/q4fy1410k.htm", "calculatedOtherExpenses": 0, "calculatedOperatingExpenses": 2762400000, "calculatedNetInterest": 423800000, "calculatedOtherIncome": 1800000, "calculatedIncomeNonControlling": -13300000, "calculatedEbitda": 2185200000}, {"date": "2013-06-30", "symbol": "ADP", "reportedCurrency": "USD", "cik": "0000008670", "fillingDate": "2013-08-19", "acceptedDate": "2013-08-19 12:00:04", "calendarYear": "2013", "period": "FY", "revenue": 10889200000, "costOfRevenue": 6649600000, "grossProfit": 4239600000, "grossProfitRatio": 0.3893398964, "researchAndDevelopmentExpenses": 0, "generalAndAdministrativeExpenses": 2620600000, "sellingAndMarketingExpenses": 0, "sellingGeneralAndAdministrativeExpenses": 2620600000, "otherExpenses": 900000, "operatingExpenses": 2620600000, "costAndExpenses": 9270200000, "interestIncome": 485400000, "interestExpense": 9100000, "depreciationAndAmortization": 317000000, "ebitda": 2105300000, "ebitdaratio": 0.1933383536, "operatingIncome": 1619000000, "operatingIncomeRatio": 0.1486794255, "totalOtherIncomeExpensesNet": -11000000, "incomeBeforeTax": 2084300000, "incomeBeforeTaxRatio": 0.1914098373, "incomeTaxExpense": 720200000, "netIncome": 1405800000, "netIncomeRatio": 0.129100393, "eps": 2.91, "epsdiluted": 2.89, "weightedAverageShsOut": 482700000, "weightedAverageShsOutDil": 487100000, "link": "https://www.sec.gov/Archives/edgar/data/8670/000000867013000015/0000008670-13-000015-index.htm", "finalLink": "https://www.sec.gov/Archives/edgar/data/8670/000000867013000015/q4fy1310-k.htm", "calculatedOtherExpenses": 0, "calculatedOperatingExpenses": 2620600000, "calculatedNetInterest": 476300000, "calculatedOtherIncome": -11000000, "calculatedIncomeNonControlling": -41700000, "calculatedEbitda": 1936000000}, {"date": "2012-06-30", "symbol": "ADP", "reportedCurrency": "USD", "cik": "0000008670", "fillingDate": "2012-08-20", "acceptedDate": "2012-08-20 17:18:30", "calendarYear": "2012", "period": "FY", "revenue": 10171900000, "costOfRevenue": 6240000000, "grossProfit": 3931900000, "grossProfitRatio": 0.3865452865, "researchAndDevelopmentExpenses": 0, "generalAndAdministrativeExpenses": 2466200000, "sellingAndMarketingExpenses": 0, "sellingGeneralAndAdministrativeExpenses": 2466200000, "otherExpenses": 3200000, "operatingExpenses": 2466200000, "costAndExpenses": 8706200000, "interestIncome": 578500000, "interestExpense": 7700000, "depreciationAndAmortization": 323300000, "ebitda": 2453100000, "ebitdaratio": 0.2411643842, "operatingIncome": 1465700000, "operatingIncomeRatio": 0.1440930406, "totalOtherIncomeExpensesNet": 656400000, "incomeBeforeTax": 2122100000, "incomeBeforeTaxRatio": 0.2086237576, "incomeTaxExpense": 733600000, "netIncome": 1388500000, "netIncomeRatio": 0.1365035048, "eps": 2.85, "epsdiluted": 2.82, "weightedAverageShsOut": 487300000, "weightedAverageShsOutDil": 492200000, "link": "https://www.sec.gov/Archives/edgar/data/8670/000120677412003634/0001206774-12-003634-index.htm", "finalLink": "https://www.sec.gov/Archives/edgar/data/8670/000120677412003634/adp_10k.htm", "calculatedOtherExpenses": 0, "calculatedOperatingExpenses": 2466200000, "calculatedNetInterest": 570800000, "calculatedOtherIncome": 85600000, "calculatedIncomeNonControlling": 0, "calculatedEbitda": 1789000000}, {"date": "2011-06-30", "symbol": "ADP", "reportedCurrency": "USD", "cik": "0000008670", "fillingDate": "2011-08-24", "acceptedDate": "2011-08-24 13:00:20", "calendarYear": "2011", "period": "FY", "revenue": 9339400000, "costOfRevenue": 5731500000, "grossProfit": 3607900000, "grossProfitRatio": 0.386309613, "researchAndDevelopmentExpenses": 0, "generalAndAdministrativeExpenses": 2323300000, "sellingAndMarketingExpenses": 0, "sellingGeneralAndAdministrativeExpenses": 2323300000, "otherExpenses": 0, "operatingExpenses": 2323300000, "costAndExpenses": 8054800000, "interestIncome": 540100000, "interestExpense": 8600000, "depreciationAndAmortization": 318200000, "ebitda": 2057900000, "ebitdaratio": 0.2203460608, "operatingIncome": 1284600000, "operatingIncomeRatio": 0.1375463092, "totalOtherIncomeExpensesNet": -116600000, "incomeBeforeTax": 1932700000, "incomeBeforeTaxRatio": 0.2069404887, "incomeTaxExpense": 678500000, "netIncome": 1254200000, "netIncomeRatio": 0.1342912821, "eps": 2.54, "epsdiluted": 2.52, "weightedAverageShsOut": 493500000, "weightedAverageShsOutDil": 498300000, "link": "https://www.sec.gov/Archives/edgar/data/8670/000120677411001935/0001206774-11-001935-index.htm", "finalLink": "https://www.sec.gov/Archives/edgar/data/8670/000120677411001935/adp_10k.htm", "calculatedOtherExpenses": 0, "calculatedOperatingExpenses": 2323300000, "calculatedNetInterest": 531500000, "calculatedOtherIncome": 116600000, "calculatedIncomeNonControlling": 0, "calculatedEbitda": 1602800000}, {"date": "2010-06-30", "symbol": "ADP", "reportedCurrency": "USD", "cik": "0000008670", "fillingDate": "2010-08-25", "acceptedDate": "2010-08-25 15:19:46", "calendarYear": "2010", "period": "FY", "revenue": 8927700000, "costOfRevenue": 5029700000, "grossProfit": 3898000000, "grossProfitRatio": 0.436618614, "researchAndDevelopmentExpenses": 0, "generalAndAdministrativeExpenses": 2127400000, "sellingAndMarketingExpenses": 0, "sellingGeneralAndAdministrativeExpenses": 2127400000, "otherExpenses": 0, "operatingExpenses": 2127400000, "costAndExpenses": 7157100000, "interestIncome": 641600000, "interestExpense": 8600000, "depreciationAndAmortization": 309200000, "ebitda": 1770600000, "ebitdaratio": 0.1983265567, "operatingIncome": 1770600000, "operatingIncomeRatio": 0.1983265567, "totalOtherIncomeExpensesNet": 101200000, "incomeBeforeTax": 1863200000, "incomeBeforeTaxRatio": 0.208698769, "incomeTaxExpense": 655900000, "netIncome": 1211400000, "netIncomeRatio": 0.1356900433, "eps": 2.42, "epsdiluted": 2.4, "weightedAverageShsOut": 500500000, "weightedAverageShsOutDil": 503700000, "link": "https://www.sec.gov/Archives/edgar/data/8670/000120677410001881/0001206774-10-001881-index.htm", "finalLink": "https://www.sec.gov/Archives/edgar/data/8670/000120677410001881/adp_10k.htm", "calculatedOtherExpenses": 0, "calculatedOperatingExpenses": 2127400000, "calculatedNetInterest": 633000000, "calculatedOtherIncome": -540400000, "calculatedIncomeNonControlling": -4100000, "calculatedEbitda": 2079800000}, {"date": "2009-06-30", "symbol": "ADP", "reportedCurrency": "USD", "cik": "0000008670", "fillingDate": "2009-08-28", "acceptedDate": "2009-08-28 11:08:56", "calendarYear": "2009", "period": "FY", "revenue": 8867100000, "costOfRevenue": 4839500000, "grossProfit": 4027600000, "grossProfitRatio": 0.4542184029, "researchAndDevelopmentExpenses": 0, "generalAndAdministrativeExpenses": 2197600000, "sellingAndMarketingExpenses": 0, "sellingGeneralAndAdministrativeExpenses": 2197600000, "otherExpenses": 0, "operatingExpenses": 2197600000, "costAndExpenses": 7037100000, "interestIncome": 0, "interestExpense": 33300000, "depreciationAndAmortization": 308100000, "ebitda": 2354100000, "ebitdaratio": 0.2654870251, "operatingIncome": 1830000000, "operatingIncomeRatio": 0.2063808912, "totalOtherIncomeExpensesNet": -108000000, "incomeBeforeTax": 1904700000, "incomeBeforeTaxRatio": 0.2148052915, "incomeTaxExpense": 576500000, "netIncome": 1332600000, "netIncomeRatio": 0.1502858883, "eps": 2.65, "epsdiluted": 2.63, "weightedAverageShsOut": 503200000, "weightedAverageShsOutDil": 505800000, "link": "https://www.sec.gov/Archives/edgar/data/8670/000120677409001642/0001206774-09-001642-index.htm", "finalLink": "https://www.sec.gov/Archives/edgar/data/8670/000120677409001642/adp_10k.htm", "calculatedOtherExpenses": 0, "calculatedOperatingExpenses": 2197600000, "calculatedNetInterest": -33300000, "calculatedOtherIncome": 108000000, "calculatedIncomeNonControlling": -4400000, "calculatedEbitda": 2138100000}, {"date": "2008-06-30", "symbol": "ADP", "reportedCurrency": "USD", "cik": "0000008670", "fillingDate": "2008-08-29", "acceptedDate": "2008-08-29 11:43:36", "calendarYear": "2008", "period": "FY", "revenue": 8776500000, "costOfRevenue": 3915700000, "grossProfit": 4860800000, "grossProfitRatio": 0.553842648, "researchAndDevelopmentExpenses": 525900000, "generalAndAdministrativeExpenses": 2370400000, "sellingAndMarketingExpenses": 0, "sellingGeneralAndAdministrativeExpenses": 2370400000, "otherExpenses": 238500000, "operatingExpenses": 3134800000, "costAndExpenses": 7050500000, "interestIncome": 0, "interestExpense": 80500000, "depreciationAndAmortization": 361800000, "ebitda": 2070800000, "ebitdaratio": 0.235948271, "operatingIncome": 1726000000, "operatingIncomeRatio": 0.1966615393, "totalOtherIncomeExpensesNet": 17000000, "incomeBeforeTax": 1812000000, "incomeBeforeTaxRatio": 0.2064604341, "incomeTaxExpense": 650300000, "netIncome": 1235700000, "netIncomeRatio": 0.1407964451, "eps": 2.37, "epsdiluted": 2.34, "weightedAverageShsOut": 521500000, "weightedAverageShsOutDil": 527200000, "link": "https://www.sec.gov/Archives/edgar/data/8670/000120677408001519/0001206774-08-001519-index.htm", "finalLink": "https://www.sec.gov/Archives/edgar/data/8670/000120677408001519/adp_10k.htm", "calculatedOtherExpenses": 238500000, "calculatedOperatingExpenses": 3134800000, "calculatedNetInterest": -80500000, "calculatedOtherIncome": 166500000, "calculatedIncomeNonControlling": -74000000, "calculatedEbitda": 2087800000}, {"date": "2007-06-30", "symbol": "ADP", "reportedCurrency": "USD", "cik": "0000008670", "fillingDate": "2007-08-29", "acceptedDate": "2007-08-29 16:35:15", "calendarYear": "2007", "period": "FY", "revenue": 7800000000, "costOfRevenue": 3392300000, "grossProfit": 4407700000, "grossProfitRatio": 0.5650897436, "researchAndDevelopmentExpenses": 486100000, "generalAndAdministrativeExpenses": 2206200000, "sellingAndMarketingExpenses": 0, "sellingGeneralAndAdministrativeExpenses": 2206200000, "otherExpenses": 208900000, "operatingExpenses": 2901200000, "costAndExpenses": 6293500000, "interestIncome": 0, "interestExpense": 94900000, "depreciationAndAmortization": 329300000, "ebitda": 1788900000, "ebitdaratio": 0.2293461538, "operatingIncome": 1506500000, "operatingIncomeRatio": 0.1931410256, "totalOtherIncomeExpensesNet": 46900000, "incomeBeforeTax": 1623500000, "incomeBeforeTaxRatio": 0.2081410256, "incomeTaxExpense": 602300000, "netIncome": 1138700000, "netIncomeRatio": 0.1459871795, "eps": 2.07, "epsdiluted": 2.04, "weightedAverageShsOut": 549700000, "weightedAverageShsOutDil": 557900000, "link": "https://www.sec.gov/Archives/edgar/data/8670/000120677407002085/0001206774-07-002085-index.htm", "finalLink": "https://www.sec.gov/Archives/edgar/data/8670/000120677407002085/adp_10-k.htm", "calculatedOtherExpenses": 208900000, "calculatedOperatingExpenses": 2901200000, "calculatedNetInterest": -94900000, "calculatedOtherIncome": 211900000, "calculatedIncomeNonControlling": -117500000, "calculatedEbitda": 1835800000}, {"date": "2006-06-30", "symbol": "ADP", "reportedCurrency": "USD", "cik": "0000008670", "fillingDate": "2006-08-30", "acceptedDate": "2006-08-30 15:13:49", "calendarYear": "2006", "period": "FY", "revenue": 8881500000, "costOfRevenue": 4289500000, "grossProfit": 4592000000, "grossProfitRatio": 0.517029781, "researchAndDevelopmentExpenses": 589800000, "generalAndAdministrativeExpenses": 2035100000, "sellingAndMarketingExpenses": 0, "sellingGeneralAndAdministrativeExpenses": 2035100000, "otherExpenses": 288600000, "operatingExpenses": 2913500000, "costAndExpenses": 7203000000, "interestIncome": 0, "interestExpense": 0, "depreciationAndAmortization": 364000000, "ebitda": 1978000000, "ebitdaratio": 0.2227101278, "operatingIncome": 1678500000, "operatingIncomeRatio": 0.1889883466, "totalOtherIncomeExpensesNet": 64500000, "incomeBeforeTax": 1743000000, "incomeBeforeTaxRatio": 0.1962506333, "incomeTaxExpense": 670600000, "netIncome": 1554000000, "netIncomeRatio": 0.1749704442, "eps": 2.7, "epsdiluted": 2.68, "weightedAverageShsOut": 574800000, "weightedAverageShsOutDil": 580300000, "link": "https://www.sec.gov/Archives/edgar/data/8670/000120677406001911/0001206774-06-001911-index.htm", "finalLink": "https://www.sec.gov/Archives/edgar/data/8670/000120677406001911/adp_10k1.htm", "calculatedOtherExpenses": 288600000, "calculatedOperatingExpenses": 2913500000, "calculatedNetInterest": 0, "calculatedOtherIncome": 64500000, "calculatedIncomeNonControlling": -481600000, "calculatedEbitda": 2042500000}, {"date": "2005-06-30", "symbol": "ADP", "reportedCurrency": "USD", "cik": "0000008670", "fillingDate": "2005-06-30", "acceptedDate": "2005-06-29 20:00:00", "calendarYear": "2005", "period": "FY", "revenue": 8499700000, "costOfRevenue": 3969500000, "grossProfit": 4530200000, "grossProfitRatio": 0.5329835171, "researchAndDevelopmentExpenses": 624100000, "generalAndAdministrativeExpenses": 1957100000, "sellingAndMarketingExpenses": 0, "sellingGeneralAndAdministrativeExpenses": 1957100000, "otherExpenses": 304400000, "operatingExpenses": 2885600000, "costAndExpenses": 6855100000, "interestIncome": 0, "interestExpense": 0, "depreciationAndAmortization": 424400000, "ebitda": 2035100000, "ebitdaratio": 0.23943198, "operatingIncome": 1644600000, "operatingIncomeRatio": 0.193489182, "totalOtherIncomeExpensesNet": 33900000, "incomeBeforeTax": 1677900000, "incomeBeforeTaxRatio": 0.1974069673, "incomeTaxExpense": 622500000, "netIncome": 1055400000, "netIncomeRatio": 0.1241690883, "eps": 1.34, "epsdiluted": 1.32, "weightedAverageShsOut": 583200000, "weightedAverageShsOutDil": 590000000, "link": "", "finalLink": "", "calculatedOtherExpenses": 304400000, "calculatedOperatingExpenses": 2885600000, "calculatedNetInterest": 0, "calculatedOtherIncome": 33300000, "calculatedIncomeNonControlling": 0, "calculatedEbitda": 2069000000}, {"date": "2004-06-30", "symbol": "ADP", "reportedCurrency": "USD", "cik": "0000008670", "fillingDate": "2004-06-30", "acceptedDate": "2004-06-29 20:00:00", "calendarYear": "2004", "period": "FY", "revenue": 7754942000, "costOfRevenue": 3525413000, "grossProfit": 4229529000, "grossProfitRatio": 0.5453978895, "researchAndDevelopmentExpenses": 581165000, "generalAndAdministrativeExpenses": 1903356000, "sellingAndMarketingExpenses": 0, "sellingGeneralAndAdministrativeExpenses": 1903356000, "otherExpenses": 306772000, "operatingExpenses": 2791293000, "costAndExpenses": 6316706000, "interestIncome": 0, "interestExpense": 0, "depreciationAndAmortization": 436694000, "ebitda": 1818636000, "ebitdaratio": 0.2345131659, "operatingIncome": 1438236000, "operatingIncomeRatio": 0.1854605747, "totalOtherIncomeExpensesNet": 56294000, "incomeBeforeTax": 1494530000, "incomeBeforeTaxRatio": 0.1927196877, "incomeTaxExpense": 558960000, "netIncome": 935570000, "netIncomeRatio": 0.1206417791, "eps": 1.19, "epsdiluted": 1.18, "weightedAverageShsOut": 591700000, "weightedAverageShsOutDil": 598700000, "link": "", "finalLink": "", "calculatedOtherExpenses": 306772000, "calculatedOperatingExpenses": 2791293000, "calculatedNetInterest": 0, "calculatedOtherIncome": 56294000, "calculatedIncomeNonControlling": 0, "calculatedEbitda": 1874930000}, {"date": "2003-06-30", "symbol": "ADP", "reportedCurrency": "USD", "cik": "0000008670", "fillingDate": "2003-06-30", "acceptedDate": "2003-06-29 20:00:00", "calendarYear": "2003", "period": "FY", "revenue": 7147017000, "costOfRevenue": 3096719000, "grossProfit": 4050298000, "grossProfitRatio": 0.5667116785, "researchAndDevelopmentExpenses": 499192000, "generalAndAdministrativeExpenses": 1758353000, "sellingAndMarketingExpenses": 0, "sellingGeneralAndAdministrativeExpenses": 1758353000, "otherExpenses": 274682000, "operatingExpenses": 2532227000, "costAndExpenses": 5628946000, "interestIncome": 0, "interestExpense": 0, "depreciationAndAmortization": 274682000, "ebitda": 1665624000, "ebitdaratio": 0.2330516354, "operatingIncome": 1518071000, "operatingIncomeRatio": 0.2124062389, "totalOtherIncomeExpensesNet": 127129000, "incomeBeforeTax": 1645200000, "incomeBeforeTaxRatio": 0.2301939397, "incomeTaxExpense": 627050000, "netIncome": 1018150000, "netIncomeRatio": 0.1424580353, "eps": 1.36, "epsdiluted": 1.34, "weightedAverageShsOut": 600100000, "weightedAverageShsOutDil": 605900000, "link": "", "finalLink": "", "calculatedOtherExpenses": 274682000, "calculatedOperatingExpenses": 2532227000, "calculatedNetInterest": 0, "calculatedOtherIncome": 127129000, "calculatedIncomeNonControlling": 0, "calculatedEbitda": 1792753000}, {"date": "2002-06-30", "symbol": "ADP", "reportedCurrency": "USD", "cik": "0000008670", "fillingDate": "2002-06-30", "acceptedDate": "2002-06-29 20:00:00", "calendarYear": "2002", "period": "FY", "revenue": 7004263000, "costOfRevenue": 2970645000, "grossProfit": 4033618000, "grossProfitRatio": 0.5758804317, "researchAndDevelopmentExpenses": 474843000, "generalAndAdministrativeExpenses": 1606690000, "sellingAndMarketingExpenses": 0, "sellingGeneralAndAdministrativeExpenses": 1606690000, "otherExpenses": 279077000, "operatingExpenses": 2360610000, "costAndExpenses": 5331255000, "interestIncome": 0, "interestExpense": 0, "depreciationAndAmortization": 279077000, "ebitda": 1838123000, "ebitdaratio": 0.2624291806, "operatingIncome": 1673008000, "operatingIncomeRatio": 0.2388556797, "totalOtherIncomeExpensesNet": 113962000, "incomeBeforeTax": 1786970000, "incomeBeforeTaxRatio": 0.2551260568, "incomeTaxExpense": 686200000, "netIncome": 1100770000, "netIncomeRatio": 0.1571571484, "eps": 1.78, "epsdiluted": 1.75, "weightedAverageShsOut": 618857000, "weightedAverageShsOutDil": 630579000, "link": "", "finalLink": "", "calculatedOtherExpenses": 279077000, "calculatedOperatingExpenses": 2360610000, "calculatedNetInterest": 0, "calculatedOtherIncome": 113962000, "calculatedIncomeNonControlling": 0, "calculatedEbitda": 1952085000}, {"date": "2001-06-30", "symbol": "ADP", "reportedCurrency": "USD", "cik": "0000008670", "fillingDate": "2001-09-14", "acceptedDate": "2001-09-14 00:00:00", "calendarYear": "2001", "period": "FY", "revenue": 7017570000, "costOfRevenue": 2900124000, "grossProfit": 4117446000, "grossProfitRatio": 0.5867338694, "researchAndDevelopmentExpenses": 514279000, "generalAndAdministrativeExpenses": 1665447000, "sellingAndMarketingExpenses": 0, "sellingGeneralAndAdministrativeExpenses": 1665447000, "otherExpenses": 320856000, "operatingExpenses": 2500582000, "costAndExpenses": 5400706000, "interestIncome": 0, "interestExpense": 0, "depreciationAndAmortization": 320856000, "ebitda": 2015314000, "ebitdaratio": 0.2871811753, "operatingIncome": 1616864000, "operatingIncomeRatio": 0.2304022618, "totalOtherIncomeExpensesNet": -77594000, "incomeBeforeTax": 1525010000, "incomeBeforeTaxRatio": 0.2173131155, "incomeTaxExpense": 600290000, "netIncome": 924720000, "netIncomeRatio": 0.1317721091, "eps": 1.47, "epsdiluted": 1.44, "weightedAverageShsOut": 629035000, "weightedAverageShsOutDil": 645989000, "link": "https://www.sec.gov/Archives/edgar/data/8670/000000867001500017/0000008670-01-500017-index.htm", "finalLink": "https://www.sec.gov/Archives/edgar/data/8670/000000867001500017/form10k405.txt", "calculatedOtherExpenses": 320856000, "calculatedOperatingExpenses": 2500582000, "calculatedNetInterest": 0, "calculatedOtherIncome": -91854000, "calculatedIncomeNonControlling": 0, "calculatedEbitda": 1937720000}, {"date": "2000-06-30", "symbol": "ADP", "reportedCurrency": "USD", "cik": "0000008670", "fillingDate": "2000-09-12", "acceptedDate": "2000-09-12 00:00:00", "calendarYear": "2000", "period": "FY", "revenue": 5938916000, "costOfRevenue": 2564496000, "grossProfit": 3374420000, "grossProfitRatio": 0.5681878646, "researchAndDevelopmentExpenses": 460275000, "generalAndAdministrativeExpenses": 1643360000, "sellingAndMarketingExpenses": 0, "sellingGeneralAndAdministrativeExpenses": 1643360000, "otherExpenses": 284282000, "operatingExpenses": 2387917000, "costAndExpenses": 4952413000, "interestIncome": 0, "interestExpense": 0, "depreciationAndAmortization": 284282000, "ebitda": 1303144000, "ebitdaratio": 0.2194245549, "operatingIncome": 986503000, "operatingIncomeRatio": 0.1661082595, "totalOtherIncomeExpensesNet": -32359000, "incomeBeforeTax": 1289600000, "incomeBeforeTaxRatio": 0.2171440041, "incomeTaxExpense": 448800000, "netIncome": 840800000, "netIncomeRatio": 0.1415746577, "eps": 1.34, "epsdiluted": 1.31, "weightedAverageShsOut": 626766000, "weightedAverageShsOutDil": 646098000, "link": "https://www.sec.gov/Archives/edgar/data/8670/000000867000000026/0000008670-00-000026-index.htm", "finalLink": "https://www.sec.gov/Archives/edgar/data/8670/000000867000000026/0000008670-00-000026-0001.txt", "calculatedOtherExpenses": 284282000, "calculatedOperatingExpenses": 2387917000, "calculatedNetInterest": 0, "calculatedOtherIncome": 303097000, "calculatedIncomeNonControlling": 0, "calculatedEbitda": 1270785000}, {"date": "1999-06-30", "symbol": "ADP", "reportedCurrency": "USD", "cik": "0000008670", "fillingDate": "1999-09-21", "acceptedDate": "1999-09-21 00:00:00", "calendarYear": "1999", "period": "FY", "revenue": 5540100000, "costOfRevenue": 2376200000, "grossProfit": 3163900000, "grossProfitRatio": 0.5710907745, "researchAndDevelopmentExpenses": 412400000, "generalAndAdministrativeExpenses": 1375200000, "sellingAndMarketingExpenses": 0, "sellingGeneralAndAdministrativeExpenses": 1375200000, "otherExpenses": 272800000, "operatingExpenses": 2060400000, "costAndExpenses": 4436600000, "interestIncome": 0, "interestExpense": 0, "depreciationAndAmortization": 272800000, "ebitda": 1376300000, "ebitdaratio": 0.2484251187, "operatingIncome": 1103500000, "operatingIncomeRatio": 0.1991841303, "totalOtherIncomeExpensesNet": -19000000, "incomeBeforeTax": 1084500000, "incomeBeforeTaxRatio": 0.1957545893, "incomeTaxExpense": 387700000, "netIncome": 696800000, "netIncomeRatio": 0.125773903, "eps": 1.13, "epsdiluted": 1.1, "weightedAverageShsOut": 615630000, "weightedAverageShsOutDil": 636892000, "link": "https://www.sec.gov/Archives/edgar/data/8670/000104746999036331/0001047469-99-036331-index.html", "finalLink": "https://www.sec.gov/Archives/edgar/data/8670/000104746999036331/", "calculatedOtherExpenses": 272800000, "calculatedOperatingExpenses": 2060400000, "calculatedNetInterest": 0, "calculatedOtherIncome": -19000000, "calculatedIncomeNonControlling": 0, "calculatedEbitda": 1376300000}, {"date": "1998-06-30", "symbol": "ADP", "reportedCurrency": "USD", "cik": "0000008670", "fillingDate": "1998-09-23", "acceptedDate": "1998-09-23 00:00:00", "calendarYear": "1998", "period": "FY", "revenue": 4798100000, "costOfRevenue": 2063100000, "grossProfit": 2735000000, "grossProfitRatio": 0.5700172985, "researchAndDevelopmentExpenses": 375200000, "generalAndAdministrativeExpenses": 1206800000, "sellingAndMarketingExpenses": 0, "sellingGeneralAndAdministrativeExpenses": 1206800000, "otherExpenses": 244600000, "operatingExpenses": 1826600000, "costAndExpenses": 3889700000, "interestIncome": 0, "interestExpense": 0, "depreciationAndAmortization": 244600000, "ebitda": 1153000000, "ebitdaratio": 0.2403034535, "operatingIncome": 908400000, "operatingIncomeRatio": 0.1893249411, "totalOtherIncomeExpensesNet": -24200000, "incomeBeforeTax": 884200000, "incomeBeforeTaxRatio": 0.184281278, "incomeTaxExpense": 278900000, "netIncome": 605300000, "netIncomeRatio": 0.1261541027, "eps": 1.01, "epsdiluted": 0.98, "weightedAverageShsOut": 600803000, "weightedAverageShsOutDil": 628196000, "link": "https://www.sec.gov/Archives/edgar/data/8670/000104746998035178/0001047469-98-035178-index.html", "finalLink": "https://www.sec.gov/Archives/edgar/data/8670/", "calculatedOtherExpenses": 244600000, "calculatedOperatingExpenses": 1826600000, "calculatedNetInterest": 0, "calculatedOtherIncome": -24200000, "calculatedIncomeNonControlling": 0, "calculatedEbitda": 1153000000}, {"date": "1997-06-30", "symbol": "ADP", "reportedCurrency": "USD", "cik": "0000008670", "fillingDate": "1997-09-18", "acceptedDate": "1997-09-18 00:00:00", "calendarYear": "1997", "period": "FY", "revenue": 4112200000, "costOfRevenue": 1722800000, "grossProfit": 2389400000, "grossProfitRatio": 0.5810515053, "researchAndDevelopmentExpenses": 296500000, "generalAndAdministrativeExpenses": 1088300000, "sellingAndMarketingExpenses": 0, "sellingGeneralAndAdministrativeExpenses": 1088300000, "otherExpenses": 223400000, "operatingExpenses": 1608200000, "costAndExpenses": 3331000000, "interestIncome": 0, "interestExpense": 0, "depreciationAndAmortization": 223400000, "ebitda": 1033900000, "ebitdaratio": 0.2514225962, "operatingIncome": 781200000, "operatingIncomeRatio": 0.1899713049, "totalOtherIncomeExpensesNet": -29300000, "incomeBeforeTax": 724000000, "incomeBeforeTaxRatio": 0.1760614756, "incomeTaxExpense": 210500000, "netIncome": 513500000, "netIncomeRatio": 0.1248723311, "eps": 0.88, "epsdiluted": 0.85, "weightedAverageShsOut": 585454545, "weightedAverageShsOutDil": 606117647, "link": "https://www.sec.gov/Archives/edgar/data/8670/000091205797031091/0000912057-97-031091-index.html", "finalLink": "https://www.sec.gov/Archives/edgar/data/8670/", "calculatedOtherExpenses": 223400000, "calculatedOperatingExpenses": 1608200000, "calculatedNetInterest": 0, "calculatedOtherIncome": -57200000, "calculatedIncomeNonControlling": 0, "calculatedEbitda": 1004600000}, {"date": "1996-06-30", "symbol": "ADP", "reportedCurrency": "USD", "cik": "0000008670", "fillingDate": "1996-09-23", "acceptedDate": "1996-09-23 00:00:00", "calendarYear": "1996", "period": "FY", "revenue": 3566600000, "costOfRevenue": 1516400000, "grossProfit": 2050200000, "grossProfitRatio": 0.5748331745, "researchAndDevelopmentExpenses": 249600000, "generalAndAdministrativeExpenses": 933800000, "sellingAndMarketingExpenses": 0, "sellingGeneralAndAdministrativeExpenses": 933800000, "otherExpenses": 201600000, "operatingExpenses": 1385000000, "costAndExpenses": 2901400000, "interestIncome": 0, "interestExpense": 0, "depreciationAndAmortization": 201600000, "ebitda": 866800000, "ebitdaratio": 0.24303258, "operatingIncome": 665200000, "operatingIncomeRatio": 0.186508159, "totalOtherIncomeExpensesNet": -29800000, "incomeBeforeTax": 635400000, "incomeBeforeTaxRatio": 0.1781528627, "incomeTaxExpense": 180700000, "netIncome": 454700000, "netIncomeRatio": 0.1274883643, "eps": 0.79, "epsdiluted": 0.77, "weightedAverageShsOut": 575569620, "weightedAverageShsOutDil": 590519481, "link": "https://www.sec.gov/Archives/edgar/data/8670/000095011296003416/0000950112-96-003416-index.html", "finalLink": "https://www.sec.gov/Archives/edgar/data/8670/", "calculatedOtherExpenses": 201600000, "calculatedOperatingExpenses": 1385000000, "calculatedNetInterest": 0, "calculatedOtherIncome": -29800000, "calculatedIncomeNonControlling": 0, "calculatedEbitda": 866800000}, {"date": "1995-06-30", "symbol": "ADP", "reportedCurrency": "USD", "cik": "0000008670", "fillingDate": "1995-09-21", "acceptedDate": "1995-09-21 00:00:00", "calendarYear": "1995", "period": "FY", "revenue": 2893700000, "costOfRevenue": 1177300000, "grossProfit": 1716400000, "grossProfitRatio": 0.5931506376, "researchAndDevelopmentExpenses": 193200000, "generalAndAdministrativeExpenses": 792100000, "sellingAndMarketingExpenses": 0, "sellingGeneralAndAdministrativeExpenses": 792100000, "otherExpenses": 172500000, "operatingExpenses": 1157800000, "costAndExpenses": 2335100000, "interestIncome": 0, "interestExpense": 0, "depreciationAndAmortization": 172500000, "ebitda": 731100000, "ebitdaratio": 0.2526523136, "operatingIncome": 558600000, "operatingIncomeRatio": 0.1930400525, "totalOtherIncomeExpensesNet": -24300000, "incomeBeforeTax": 534300000, "incomeBeforeTaxRatio": 0.1846424992, "incomeTaxExpense": 139500000, "netIncome": 394800000, "netIncomeRatio": 0.1364343228, "eps": 0.69, "epsdiluted": 0.69, "weightedAverageShsOut": 570224000, "weightedAverageShsOutDil": 570224000, "link": "https://www.sec.gov/Archives/edgar/data/8670/000091205795007958/0000912057-95-007958-index.html", "finalLink": "https://www.sec.gov/Archives/edgar/data/8670/", "calculatedOtherExpenses": 172500000, "calculatedOperatingExpenses": 1157800000, "calculatedNetInterest": 0, "calculatedOtherIncome": -24300000, "calculatedIncomeNonControlling": 0, "calculatedEbitda": 731100000}, {"date": "1994-06-30", "symbol": "ADP", "reportedCurrency": "USD", "cik": "0000008670", "fillingDate": "1994-09-01", "acceptedDate": "1994-09-01 00:00:00", "calendarYear": "1994", "period": "FY", "revenue": 2469000000, "costOfRevenue": 1026400000, "grossProfit": 1442600000, "grossProfitRatio": 0.5842851357, "researchAndDevelopmentExpenses": 160800000, "generalAndAdministrativeExpenses": 666300000, "sellingAndMarketingExpenses": 0, "sellingGeneralAndAdministrativeExpenses": 666300000, "otherExpenses": 148300000, "operatingExpenses": 975400000, "costAndExpenses": 2001800000, "interestIncome": 0, "interestExpense": 0, "depreciationAndAmortization": 148300000, "ebitda": 615500000, "ebitdaratio": 0.249291211, "operatingIncome": 467200000, "operatingIncomeRatio": 0.1892264075, "totalOtherIncomeExpensesNet": -20900000, "incomeBeforeTax": 446300000, "incomeBeforeTaxRatio": 0.1807614419, "incomeTaxExpense": 112200000, "netIncome": 329300000, "netIncomeRatio": 0.1333738356, "eps": 0.59, "epsdiluted": 0.59, "weightedAverageShsOut": 563560000, "weightedAverageShsOutDil": 563560000, "link": "https://www.sec.gov/Archives/edgar/data/8670/000091205794002935/0000912057-94-002935-index.html", "finalLink": "https://www.sec.gov/Archives/edgar/data/8670/", "calculatedOtherExpenses": 148300000, "calculatedOperatingExpenses": 975400000, "calculatedNetInterest": 0, "calculatedOtherIncome": -20900000, "calculatedIncomeNonControlling": 4800000, "calculatedEbitda": 615500000}, {"date": "1993-06-30", "symbol": "ADP", "reportedCurrency": "USD", "cik": "0000008670", "fillingDate": "1993-06-30", "acceptedDate": "1993-06-29 20:00:00", "calendarYear": "1993", "period": "FY", "revenue": 2223400000, "costOfRevenue": 927200000, "grossProfit": 1296200000, "grossProfitRatio": 0.5829810201, "researchAndDevelopmentExpenses": 0, "generalAndAdministrativeExpenses": 749600000, "sellingAndMarketingExpenses": 0, "sellingGeneralAndAdministrativeExpenses": 749600000, "otherExpenses": 140200000, "operatingExpenses": 889800000, "costAndExpenses": 1817000000, "interestIncome": 0, "interestExpense": 0, "depreciationAndAmortization": 140200000, "ebitda": 546600000, "ebitdaratio": 0.245839705, "operatingIncome": 406400000, "operatingIncomeRatio": 0.1827831249, "totalOtherIncomeExpensesNet": -19800000, "incomeBeforeTax": 386600000, "incomeBeforeTaxRatio": 0.1738778447, "incomeTaxExpense": 92400000, "netIncome": 294200000, "netIncomeRatio": 0.1323198705, "eps": 0.52, "epsdiluted": 0.52, "weightedAverageShsOut": 565769231, "weightedAverageShsOutDil": 565769231, "link": "", "finalLink": "", "calculatedOtherExpenses": 140200000, "calculatedOperatingExpenses": 889800000, "calculatedNetInterest": 0, "calculatedOtherIncome": -19800000, "calculatedIncomeNonControlling": 0, "calculatedEbitda": 546600000}, {"date": "1992-06-30", "symbol": "ADP", "reportedCurrency": "USD", "cik": "0000008670", "fillingDate": "1992-06-30", "acceptedDate": "1992-06-29 20:00:00", "calendarYear": "1992", "period": "FY", "revenue": 1940600000, "costOfRevenue": 816200000, "grossProfit": 1124400000, "grossProfitRatio": 0.5794084304, "researchAndDevelopmentExpenses": 0, "generalAndAdministrativeExpenses": 654400000, "sellingAndMarketingExpenses": 0, "sellingGeneralAndAdministrativeExpenses": 654400000, "otherExpenses": 116100000, "operatingExpenses": 770500000, "costAndExpenses": 1586700000, "interestIncome": 0, "interestExpense": 0, "depreciationAndAmortization": 116100000, "ebitda": 470000000, "ebitdaratio": 0.2421931361, "operatingIncome": 353900000, "operatingIncomeRatio": 0.1823662785, "totalOtherIncomeExpensesNet": -12300000, "incomeBeforeTax": 341600000, "incomeBeforeTaxRatio": 0.1760280326, "incomeTaxExpense": 85400000, "netIncome": 256200000, "netIncomeRatio": 0.1320210244, "eps": 0.46, "epsdiluted": 0.46, "weightedAverageShsOut": 556956522, "weightedAverageShsOutDil": 556956522, "link": "", "finalLink": "", "calculatedOtherExpenses": 116100000, "calculatedOperatingExpenses": 770500000, "calculatedNetInterest": 0, "calculatedOtherIncome": -12300000, "calculatedIncomeNonControlling": 0, "calculatedEbitda": 470000000}, {"date": "1991-06-30", "symbol": "ADP", "reportedCurrency": "USD", "cik": "0000008670", "fillingDate": "1991-06-30", "acceptedDate": "1991-06-29 20:00:00", "calendarYear": "1991", "period": "FY", "revenue": 1771800000, "costOfRevenue": 756600000, "grossProfit": 1015200000, "grossProfitRatio": 0.5729766339, "researchAndDevelopmentExpenses": 0, "generalAndAdministrativeExpenses": 592800000, "sellingAndMarketingExpenses": 0, "sellingGeneralAndAdministrativeExpenses": 592800000, "otherExpenses": 114500000, "operatingExpenses": 707300000, "costAndExpenses": 1463900000, "interestIncome": 0, "interestExpense": 0, "depreciationAndAmortization": 114500000, "ebitda": 422400000, "ebitdaratio": 0.2384016255, "operatingIncome": 307900000, "operatingIncomeRatio": 0.1737780788, "totalOtherIncomeExpensesNet": -8300000, "incomeBeforeTax": 299600000, "incomeBeforeTaxRatio": 0.1690935772, "incomeTaxExpense": 71900000, "netIncome": 227700000, "netIncomeRatio": 0.1285133762, "eps": 0.41, "epsdiluted": 0.41, "weightedAverageShsOut": 555365854, "weightedAverageShsOutDil": 555365854, "link": "", "finalLink": "", "calculatedOtherExpenses": 114500000, "calculatedOperatingExpenses": 707300000, "calculatedNetInterest": 0, "calculatedOtherIncome": -8300000, "calculatedIncomeNonControlling": 0, "calculatedEbitda": 422400000}, {"date": "1990-06-30", "symbol": "ADP", "reportedCurrency": "USD", "cik": "0000008670", "fillingDate": "1990-06-30", "acceptedDate": "1990-06-29 20:00:00", "calendarYear": "1990", "period": "FY", "revenue": 1714000000, "costOfRevenue": 741600000, "grossProfit": 972400000, "grossProfitRatio": 0.567327888, "researchAndDevelopmentExpenses": 0, "generalAndAdministrativeExpenses": 561600000, "sellingAndMarketingExpenses": 0, "sellingGeneralAndAdministrativeExpenses": 561600000, "otherExpenses": 113500000, "operatingExpenses": 675100000, "costAndExpenses": 1416700000, "interestIncome": 0, "interestExpense": 0, "depreciationAndAmortization": 113500000, "ebitda": 410800000, "ebitdaratio": 0.2396732789, "operatingIncome": 297300000, "operatingIncomeRatio": 0.173453909, "totalOtherIncomeExpensesNet": -12000000, "incomeBeforeTax": 285300000, "incomeBeforeTaxRatio": 0.1664527421, "incomeTaxExpense": 73600000, "netIncome": 211700000, "netIncomeRatio": 0.123512252, "eps": 0.36, "epsdiluted": 0.36, "weightedAverageShsOut": 588055556, "weightedAverageShsOutDil": 588055556, "link": "", "finalLink": "", "calculatedOtherExpenses": 113500000, "calculatedOperatingExpenses": 675100000, "calculatedNetInterest": 0, "calculatedOtherIncome": -12000000, "calculatedIncomeNonControlling": 0, "calculatedEbitda": 410800000}, {"date": "1989-06-30", "symbol": "ADP", "reportedCurrency": "USD", "cik": "0000008670", "fillingDate": "1989-06-30", "acceptedDate": "1989-06-29 20:00:00", "calendarYear": "1989", "period": "FY", "revenue": 1677700000, "costOfRevenue": 759100000, "grossProfit": 918600000, "grossProfitRatio": 0.5475353162, "researchAndDevelopmentExpenses": 0, "generalAndAdministrativeExpenses": 503600000, "sellingAndMarketingExpenses": 0, "sellingGeneralAndAdministrativeExpenses": 503600000, "otherExpenses": 123600000, "operatingExpenses": 627200000, "costAndExpenses": 1386300000, "interestIncome": 0, "interestExpense": 0, "depreciationAndAmortization": 123600000, "ebitda": 415000000, "ebitdaratio": 0.2473624605, "operatingIncome": 291400000, "operatingIncomeRatio": 0.1736901711, "totalOtherIncomeExpensesNet": -19600000, "incomeBeforeTax": 271800000, "incomeBeforeTaxRatio": 0.1620075103, "incomeTaxExpense": 84200000, "netIncome": 187600000, "netIncomeRatio": 0.1118197532, "eps": 0.32, "epsdiluted": 0.31, "weightedAverageShsOut": 586250000, "weightedAverageShsOutDil": 605161290, "link": "", "finalLink": "", "calculatedOtherExpenses": 123600000, "calculatedOperatingExpenses": 627200000, "calculatedNetInterest": 0, "calculatedOtherIncome": -19600000, "calculatedIncomeNonControlling": 0, "calculatedEbitda": 415000000}, {"date": "1988-06-30", "symbol": "ADP", "reportedCurrency": "USD", "cik": "0000008670", "fillingDate": "1988-06-30", "acceptedDate": "1988-06-29 20:00:00", "calendarYear": "1988", "period": "FY", "revenue": 1549200000, "costOfRevenue": 723700000, "grossProfit": 825500000, "grossProfitRatio": 0.5328556674, "researchAndDevelopmentExpenses": 0, "generalAndAdministrativeExpenses": 446400000, "sellingAndMarketingExpenses": 0, "sellingGeneralAndAdministrativeExpenses": 446400000, "otherExpenses": 107000000, "operatingExpenses": 553400000, "costAndExpenses": 1277100000, "interestIncome": 0, "interestExpense": 0, "depreciationAndAmortization": 107000000, "ebitda": 379100000, "ebitdaratio": 0.2447069455, "operatingIncome": 272100000, "operatingIncomeRatio": 0.1756390395, "totalOtherIncomeExpensesNet": -17100000, "incomeBeforeTax": 255000000, "incomeBeforeTaxRatio": 0.1646010844, "incomeTaxExpense": 84700000, "netIncome": 170300000, "netIncomeRatio": 0.1099277046, "eps": 0.28, "epsdiluted": 0.27, "weightedAverageShsOut": 608214286, "weightedAverageShsOutDil": 630740741, "link": "", "finalLink": "", "calculatedOtherExpenses": 107000000, "calculatedOperatingExpenses": 553400000, "calculatedNetInterest": 0, "calculatedOtherIncome": -17100000, "calculatedIncomeNonControlling": 0, "calculatedEbitda": 379100000}, {"date": "1987-06-30", "symbol": "ADP", "reportedCurrency": "USD", "cik": "0000008670", "fillingDate": "1987-06-30", "acceptedDate": "1987-06-29 20:00:00", "calendarYear": "1987", "period": "FY", "revenue": 1384200000, "costOfRevenue": 649200000, "grossProfit": 735000000, "grossProfitRatio": 0.5309926311, "researchAndDevelopmentExpenses": 0, "generalAndAdministrativeExpenses": 390800000, "sellingAndMarketingExpenses": 0, "sellingGeneralAndAdministrativeExpenses": 390800000, "otherExpenses": 102200000, "operatingExpenses": 493000000, "costAndExpenses": 1142200000, "interestIncome": 0, "interestExpense": 0, "depreciationAndAmortization": 102200000, "ebitda": 344200000, "ebitdaratio": 0.2486634879, "operatingIncome": 242000000, "operatingIncomeRatio": 0.1748302268, "totalOtherIncomeExpensesNet": -20100000, "incomeBeforeTax": 221900000, "incomeBeforeTaxRatio": 0.1603092039, "incomeTaxExpense": 89900000, "netIncome": 132000000, "netIncomeRatio": 0.0953619419, "eps": 0.22, "epsdiluted": 0.21, "weightedAverageShsOut": 600000000, "weightedAverageShsOutDil": 628571429, "link": "", "finalLink": "", "calculatedOtherExpenses": 102200000, "calculatedOperatingExpenses": 493000000, "calculatedNetInterest": 0, "calculatedOtherIncome": -20100000, "calculatedIncomeNonControlling": 0, "calculatedEbitda": 344200000}, {"date": "1986-06-30", "symbol": "ADP", "reportedCurrency": "USD", "cik": "0000008670", "fillingDate": "1986-06-30", "acceptedDate": "1986-06-29 20:00:00", "calendarYear": "1986", "period": "FY", "revenue": 1204200000, "costOfRevenue": 543900000, "grossProfit": 660300000, "grossProfitRatio": 0.5483308421, "researchAndDevelopmentExpenses": 0, "generalAndAdministrativeExpenses": 350500000, "sellingAndMarketingExpenses": 0, "sellingGeneralAndAdministrativeExpenses": 350500000, "otherExpenses": 110600000, "operatingExpenses": 461100000, "costAndExpenses": 1005000000, "interestIncome": 0, "interestExpense": 0, "depreciationAndAmortization": 110600000, "ebitda": 309800000, "ebitdaratio": 0.2572662348, "operatingIncome": 199200000, "operatingIncomeRatio": 0.1654210264, "totalOtherIncomeExpensesNet": -15700000, "incomeBeforeTax": 183500000, "incomeBeforeTaxRatio": 0.152383325, "incomeTaxExpense": 77500000, "netIncome": 106000000, "netIncomeRatio": 0.088025245, "eps": 0.19, "epsdiluted": 0.18, "weightedAverageShsOut": 557894737, "weightedAverageShsOutDil": 588888889, "link": "", "finalLink": "", "calculatedOtherExpenses": 110600000, "calculatedOperatingExpenses": 461100000, "calculatedNetInterest": 0, "calculatedOtherIncome": -15700000, "calculatedIncomeNonControlling": 0, "calculatedEbitda": 309800000}]}