{"originalCurrency": "USD", "convertedCurrency": "USD", "report": [{"date": "2024-01-31", "symbol": "ADSK", "reportedCurrency": "USD", "cik": "0000769397", "fillingDate": "2024-02-29", "acceptedDate": "2024-02-29 16:06:42", "calendarYear": "2024", "period": "FY", "revenue": 5497000000, "costOfRevenue": 553000000, "grossProfit": 4944000000, "grossProfitRatio": 0.8993996725, "researchAndDevelopmentExpenses": 1373000000, "generalAndAdministrativeExpenses": 620000000, "sellingAndMarketingExpenses": 1823000000, "sellingGeneralAndAdministrativeExpenses": 2443000000, "otherExpenses": 0, "operatingExpenses": 3816000000, "costAndExpenses": 4369000000, "interestIncome": 8000000, "interestExpense": 8000000, "depreciationAndAmortization": 139000000, "ebitda": 1267000000, "ebitdaratio": 0.2304893578, "operatingIncome": 1128000000, "operatingIncomeRatio": 0.2052028379, "totalOtherIncomeExpensesNet": 8000000, "incomeBeforeTax": 1136000000, "incomeBeforeTaxRatio": 0.2066581772, "incomeTaxExpense": 230000000, "netIncome": 906000000, "netIncomeRatio": 0.164817173, "eps": 4.23, "epsdiluted": 4.19, "weightedAverageShsOut": 214000000, "weightedAverageShsOutDil": 216000000, "link": "https://www.sec.gov/Archives/edgar/data/769397/000076939724000019/0000769397-24-000019-index.htm", "finalLink": "https://www.sec.gov/Archives/edgar/data/769397/000076939724000019/q424pressrelease.htm", "calculatedOtherExpenses": 0, "calculatedOperatingExpenses": 3816000000, "calculatedNetInterest": 0, "calculatedOtherIncome": 8000000, "calculatedIncomeNonControlling": 0, "calculatedEbitda": 1267000000}, {"date": "2023-01-31", "symbol": "ADSK", "reportedCurrency": "USD", "cik": "0000769397", "fillingDate": "2023-03-14", "acceptedDate": "2023-03-14 16:23:47", "calendarYear": "2023", "period": "FY", "revenue": 5005000000, "costOfRevenue": 480000000, "grossProfit": 4525000000, "grossProfitRatio": 0.9040959041, "researchAndDevelopmentExpenses": 1219000000, "generalAndAdministrativeExpenses": 532000000, "sellingAndMarketingExpenses": 1745000000, "sellingGeneralAndAdministrativeExpenses": 2277000000, "otherExpenses": 40000000, "operatingExpenses": 3536000000, "costAndExpenses": 4016000000, "interestIncome": 71000000, "interestExpense": 43000000, "depreciationAndAmortization": 150000000, "ebitda": 1139000000, "ebitdaratio": 0.2275724276, "operatingIncome": 989000000, "operatingIncomeRatio": 0.1976023976, "totalOtherIncomeExpensesNet": -43000000, "incomeBeforeTax": 946000000, "incomeBeforeTaxRatio": 0.189010989, "incomeTaxExpense": 123000000, "netIncome": 823000000, "netIncomeRatio": 0.1644355644, "eps": 3.81, "epsdiluted": 3.78, "weightedAverageShsOut": 216000000, "weightedAverageShsOutDil": 218000000, "link": "https://www.sec.gov/Archives/edgar/data/769397/000076939723000036/0000769397-23-000036-index.htm", "finalLink": "https://www.sec.gov/Archives/edgar/data/769397/000076939723000036/adsk-20230131.htm", "calculatedOtherExpenses": 40000000, "calculatedOperatingExpenses": 3536000000, "calculatedNetInterest": 28000000, "calculatedOtherIncome": -71000000, "calculatedIncomeNonControlling": 0, "calculatedEbitda": 1139000000}, {"date": "2022-01-31", "symbol": "ADSK", "reportedCurrency": "USD", "cik": "0000769397", "fillingDate": "2022-03-14", "acceptedDate": "2022-03-14 16:03:37", "calendarYear": "2022", "period": "FY", "revenue": 4386400000, "costOfRevenue": 418500000, "grossProfit": 3967900000, "grossProfitRatio": 0.9045914645, "researchAndDevelopmentExpenses": 1114800000, "generalAndAdministrativeExpenses": 571700000, "sellingAndMarketingExpenses": 1623100000, "sellingGeneralAndAdministrativeExpenses": 2194800000, "otherExpenses": 40700000, "operatingExpenses": 3350300000, "costAndExpenses": 3768800000, "interestIncome": 65000000, "interestExpense": 65000000, "depreciationAndAmortization": 148100000, "ebitda": 765700000, "ebitdaratio": 0.1745622834, "operatingIncome": 617600000, "operatingIncomeRatio": 0.1407988328, "totalOtherIncomeExpensesNet": -52900000, "incomeBeforeTax": 564700000, "incomeBeforeTaxRatio": 0.1287388291, "incomeTaxExpense": 67700000, "netIncome": 497000000, "netIncomeRatio": 0.1133047602, "eps": 2.26, "epsdiluted": 2.24, "weightedAverageShsOut": 219700000, "weightedAverageShsOutDil": 222000000, "link": "https://www.sec.gov/Archives/edgar/data/769397/000076939722000019/0000769397-22-000019-index.htm", "finalLink": "https://www.sec.gov/Archives/edgar/data/769397/000076939722000019/adsk-20220131.htm", "calculatedOtherExpenses": 40700000, "calculatedOperatingExpenses": 3350300000, "calculatedNetInterest": 0, "calculatedOtherIncome": -52900000, "calculatedIncomeNonControlling": 0, "calculatedEbitda": 765700000}, {"date": "2021-01-31", "symbol": "ADSK", "reportedCurrency": "USD", "cik": "0000769397", "fillingDate": "2021-03-19", "acceptedDate": "2021-03-19 16:02:20", "calendarYear": "2021", "period": "FY", "revenue": 3790400000, "costOfRevenue": 337100000, "grossProfit": 3453300000, "grossProfitRatio": 0.9110647953, "researchAndDevelopmentExpenses": 932500000, "generalAndAdministrativeExpenses": 413900000, "sellingAndMarketingExpenses": 1440300000, "sellingGeneralAndAdministrativeExpenses": 1854200000, "otherExpenses": 37500000, "operatingExpenses": 2824200000, "costAndExpenses": 3161300000, "interestIncome": 51000000, "interestExpense": 82400000, "depreciationAndAmortization": 123800000, "ebitda": 752900000, "ebitdaratio": 0.1986333896, "operatingIncome": 629100000, "operatingIncomeRatio": 0.1659719291, "totalOtherIncomeExpensesNet": -82400000, "incomeBeforeTax": 546700000, "incomeBeforeTaxRatio": 0.1442327986, "incomeTaxExpense": -661500000, "netIncome": 1208000000, "netIncomeRatio": 0.3186998734, "eps": 5.51, "epsdiluted": 5.44, "weightedAverageShsOut": 219400000, "weightedAverageShsOutDil": 222100000, "link": "https://www.sec.gov/Archives/edgar/data/769397/000076939721000014/0000769397-21-000014-index.htm", "finalLink": "https://www.sec.gov/Archives/edgar/data/769397/000076939721000014/adsk-20210131.htm", "calculatedOtherExpenses": 37500000, "calculatedOperatingExpenses": 2824200000, "calculatedNetInterest": -31400000, "calculatedOtherIncome": -51000000, "calculatedIncomeNonControlling": 200000, "calculatedEbitda": 752900000}, {"date": "2020-01-31", "symbol": "ADSK", "reportedCurrency": "USD", "cik": "0000769397", "fillingDate": "2020-03-19", "acceptedDate": "2020-03-19 16:08:49", "calendarYear": "2020", "period": "FY", "revenue": 3274300000, "costOfRevenue": 324900000, "grossProfit": 2949400000, "grossProfitRatio": 0.9007726842, "researchAndDevelopmentExpenses": 851100000, "generalAndAdministrativeExpenses": 405600000, "sellingAndMarketingExpenses": 1310300000, "sellingGeneralAndAdministrativeExpenses": 1715900000, "otherExpenses": 38900000, "operatingExpenses": 2605900000, "costAndExpenses": 2930800000, "interestIncome": 54000000, "interestExpense": 54000000, "depreciationAndAmortization": 128300000, "ebitda": 471300000, "ebitdaratio": 0.1439391626, "operatingIncome": 343000000, "operatingIncomeRatio": 0.1047552149, "totalOtherIncomeExpensesNet": -48200000, "incomeBeforeTax": 294800000, "incomeBeforeTaxRatio": 0.0900345112, "incomeTaxExpense": 80300000, "netIncome": 214500000, "netIncomeRatio": 0.0655101854, "eps": 0.98, "epsdiluted": 0.96, "weightedAverageShsOut": 219700000, "weightedAverageShsOutDil": 222500000, "link": "https://www.sec.gov/Archives/edgar/data/769397/000076939720000013/0000769397-20-000013-index.htm", "finalLink": "https://www.sec.gov/Archives/edgar/data/769397/000076939720000013/adsk-0131202010xk.htm", "calculatedOtherExpenses": 39400000, "calculatedOperatingExpenses": 2606400000, "calculatedNetInterest": 0, "calculatedOtherIncome": -48200000, "calculatedIncomeNonControlling": 0, "calculatedEbitda": 471300000}, {"date": "2019-01-31", "symbol": "ADSK", "reportedCurrency": "USD", "cik": "0000769397", "fillingDate": "2019-03-25", "acceptedDate": "2019-03-25 16:05:52", "calendarYear": "2019", "period": "FY", "revenue": 2569800000, "costOfRevenue": 285900000, "grossProfit": 2283900000, "grossProfitRatio": 0.8887462059, "researchAndDevelopmentExpenses": 725000000, "generalAndAdministrativeExpenses": 340100000, "sellingAndMarketingExpenses": 1183900000, "sellingGeneralAndAdministrativeExpenses": 1524000000, "otherExpenses": 16800000, "operatingExpenses": 2267000000, "costAndExpenses": 2552900000, "interestIncome": 0, "interestExpense": 52100000, "depreciationAndAmortization": 95200000, "ebitda": 154000000, "ebitdaratio": 0.0599268426, "operatingIncome": -25000000, "operatingIncomeRatio": -0.0097283835, "totalOtherIncomeExpensesNet": -41900000, "incomeBeforeTax": -42700000, "incomeBeforeTaxRatio": -0.0166160791, "incomeTaxExpense": 38100000, "netIncome": -80800000, "netIncomeRatio": -0.0314421356, "eps": -0.37, "epsdiluted": -0.37, "weightedAverageShsOut": 218378378, "weightedAverageShsOutDil": 218900000, "link": "https://www.sec.gov/Archives/edgar/data/769397/000076939719000016/0000769397-19-000016-index.htm", "finalLink": "https://www.sec.gov/Archives/edgar/data/769397/000076939719000016/adsk-0131201910xk.htm", "calculatedOtherExpenses": 59900000, "calculatedOperatingExpenses": 2308900000, "calculatedNetInterest": -52100000, "calculatedOtherIncome": 34400000, "calculatedIncomeNonControlling": 0, "calculatedEbitda": 70200000}, {"date": "2018-01-31", "symbol": "ADSK", "reportedCurrency": "USD", "cik": "0000769397", "fillingDate": "2018-03-22", "acceptedDate": "2018-03-22 17:04:04", "calendarYear": "2018", "period": "FY", "revenue": 2056600000, "costOfRevenue": 303400000, "grossProfit": 1753200000, "grossProfitRatio": 0.8524749587, "researchAndDevelopmentExpenses": 755500000, "generalAndAdministrativeExpenses": 305200000, "sellingAndMarketingExpenses": 1087300000, "sellingGeneralAndAdministrativeExpenses": 1392500000, "otherExpenses": 6000000, "operatingExpenses": 2168200000, "costAndExpenses": 2471600000, "interestIncome": 0, "interestExpense": 34500000, "depreciationAndAmortization": 108400000, "ebitda": -212500000, "ebitdaratio": -0.1033258777, "operatingIncome": -509100000, "operatingIncomeRatio": -0.2475444909, "totalOtherIncomeExpensesNet": -94100000, "incomeBeforeTax": -557300000, "incomeBeforeTaxRatio": -0.2709812312, "incomeTaxExpense": 9600000, "netIncome": -566900000, "netIncomeRatio": -0.2756491296, "eps": -2.58, "epsdiluted": -2.58, "weightedAverageShsOut": 219500000, "weightedAverageShsOutDil": 219500000, "link": "https://www.sec.gov/Archives/edgar/data/769397/000076939718000011/0000769397-18-000011-index.htm", "finalLink": "https://www.sec.gov/Archives/edgar/data/769397/000076939718000011/adsk-0131201810xk.htm", "calculatedOtherExpenses": 114300000, "calculatedOperatingExpenses": 2262300000, "calculatedNetInterest": -34500000, "calculatedOtherIncome": -13700000, "calculatedIncomeNonControlling": 0, "calculatedEbitda": -400700000}, {"date": "2017-01-31", "symbol": "ADSK", "reportedCurrency": "USD", "cik": "0000769397", "fillingDate": "2017-03-21", "acceptedDate": "2017-03-21 16:03:19", "calendarYear": "2017", "period": "FY", "revenue": 2031000000, "costOfRevenue": 341900000, "grossProfit": 1689100000, "grossProfitRatio": 0.8316592811, "researchAndDevelopmentExpenses": 766100000, "generalAndAdministrativeExpenses": 287800000, "sellingAndMarketingExpenses": 1022500000, "sellingGeneralAndAdministrativeExpenses": 1310300000, "otherExpenses": 8500000, "operatingExpenses": 2108200000, "costAndExpenses": 2450100000, "interestIncome": 0, "interestExpense": 29700000, "depreciationAndAmortization": 139200000, "ebitda": -199400000, "ebitdaratio": -0.0981782373, "operatingIncome": -499600000, "operatingIncomeRatio": -0.2459871984, "totalOtherIncomeExpensesNet": -80500000, "incomeBeforeTax": -523800000, "incomeBeforeTaxRatio": -0.2579025111, "incomeTaxExpense": 55400000, "netIncome": -579200000, "netIncomeRatio": -0.2851797144, "eps": -2.6, "epsdiluted": -2.6, "weightedAverageShsOut": 222700000, "weightedAverageShsOutDil": 222700000, "link": "https://www.sec.gov/Archives/edgar/data/769397/000076939717000014/0000769397-17-000014-index.htm", "finalLink": "https://www.sec.gov/Archives/edgar/data/769397/000076939717000014/adsk-0131201710xk.htm", "calculatedOtherExpenses": 112300000, "calculatedOperatingExpenses": 2188700000, "calculatedNetInterest": -29700000, "calculatedOtherIncome": 5500000, "calculatedIncomeNonControlling": 0, "calculatedEbitda": -360400000}, {"date": "2016-01-31", "symbol": "ADSK", "reportedCurrency": "USD", "cik": "0000769397", "fillingDate": "2016-03-23", "acceptedDate": "2016-03-23 16:02:56", "calendarYear": "2016", "period": "FY", "revenue": 2504100000, "costOfRevenue": 370700000, "grossProfit": 2133400000, "grossProfitRatio": 0.851962781, "researchAndDevelopmentExpenses": 790000000, "generalAndAdministrativeExpenses": 293400000, "sellingAndMarketingExpenses": 1015500000, "sellingGeneralAndAdministrativeExpenses": 1308900000, "otherExpenses": 8500000, "operatingExpenses": 2132100000, "costAndExpenses": 2502800000, "interestIncome": 0, "interestExpense": 33900000, "depreciationAndAmortization": 145800000, "ebitda": 147100000, "ebitdaratio": 0.0587436604, "operatingIncome": 1300000, "operatingIncomeRatio": 0.0005191486, "totalOtherIncomeExpensesNet": 12300000, "incomeBeforeTax": -20300000, "incomeBeforeTaxRatio": -0.008106705, "incomeTaxExpense": 305700000, "netIncome": -326000000, "netIncomeRatio": -0.1301864941, "eps": -1.44, "epsdiluted": -1.44, "weightedAverageShsOut": 226000000, "weightedAverageShsOutDil": 226000000, "link": "https://www.sec.gov/Archives/edgar/data/769397/000076939716000067/0000769397-16-000067-index.htm", "finalLink": "https://www.sec.gov/Archives/edgar/data/769397/000076939716000067/adsk-0131201610xk.htm", "calculatedOtherExpenses": 33200000, "calculatedOperatingExpenses": 2132100000, "calculatedNetInterest": -33900000, "calculatedOtherIncome": 12300000, "calculatedIncomeNonControlling": 0, "calculatedEbitda": 147100000}, {"date": "2015-01-31", "symbol": "ADSK", "reportedCurrency": "USD", "cik": "0000769397", "fillingDate": "2015-03-18", "acceptedDate": "2015-03-18 16:04:42", "calendarYear": "2015", "period": "FY", "revenue": 2512200000, "costOfRevenue": 342100000, "grossProfit": 2170100000, "grossProfitRatio": 0.8638245363, "researchAndDevelopmentExpenses": 725200000, "generalAndAdministrativeExpenses": 283300000, "sellingAndMarketingExpenses": 998000000, "sellingGeneralAndAdministrativeExpenses": 1281300000, "otherExpenses": 2700000, "operatingExpenses": 2046300000, "costAndExpenses": 2388400000, "interestIncome": 0, "interestExpense": 13200000, "depreciationAndAmortization": 145900000, "ebitda": 272800000, "ebitdaratio": 0.1085900804, "operatingIncome": 120700000, "operatingIncomeRatio": 0.0480455378, "totalOtherIncomeExpensesNet": -3100000, "incomeBeforeTax": 83000000, "incomeBeforeTaxRatio": 0.0330387708, "incomeTaxExpense": 1200000, "netIncome": 81800000, "netIncomeRatio": 0.0325611018, "eps": 0.36, "epsdiluted": 0.35, "weightedAverageShsOut": 227100000, "weightedAverageShsOutDil": 232400000, "link": "https://www.sec.gov/Archives/edgar/data/769397/000076939715000012/0000769397-15-000012-index.htm", "finalLink": "https://www.sec.gov/Archives/edgar/data/769397/000076939715000012/adsk-0131201510xk.htm", "calculatedOtherExpenses": 42900000, "calculatedOperatingExpenses": 2049400000, "calculatedNetInterest": -13200000, "calculatedOtherIncome": -24500000, "calculatedIncomeNonControlling": 0, "calculatedEbitda": 266600000}, {"date": "2014-01-31", "symbol": "ADSK", "reportedCurrency": "USD", "cik": "0000769397", "fillingDate": "2014-03-10", "acceptedDate": "2014-03-10 16:17:25", "calendarYear": "2014", "period": "FY", "revenue": 2273900000, "costOfRevenue": 274300000, "grossProfit": 1999600000, "grossProfitRatio": 0.879370245, "researchAndDevelopmentExpenses": 611100000, "generalAndAdministrativeExpenses": 248300000, "sellingAndMarketingExpenses": 842600000, "sellingGeneralAndAdministrativeExpenses": 1090900000, "otherExpenses": 2700000, "operatingExpenses": 1702000000, "costAndExpenses": 1976300000, "interestIncome": 0, "interestExpense": 9800000, "depreciationAndAmortization": 128900000, "ebitda": 439300000, "ebitdaratio": 0.1931923128, "operatingIncome": 284800000, "operatingIncomeRatio": 0.1252473724, "totalOtherIncomeExpensesNet": -12800000, "incomeBeforeTax": 279900000, "incomeBeforeTaxRatio": 0.1230924843, "incomeTaxExpense": 51100000, "netIncome": 228800000, "netIncomeRatio": 0.10062008, "eps": 1.02, "epsdiluted": 1, "weightedAverageShsOut": 224000000, "weightedAverageShsOutDil": 229600000, "link": "https://www.sec.gov/Archives/edgar/data/769397/000076939714000018/0000769397-14-000018-index.htm", "finalLink": "https://www.sec.gov/Archives/edgar/data/769397/000076939714000018/adsk-0131201410xk.htm", "calculatedOtherExpenses": 12800000, "calculatedOperatingExpenses": 1714800000, "calculatedNetInterest": -9800000, "calculatedOtherIncome": 4900000, "calculatedIncomeNonControlling": 0, "calculatedEbitda": 413700000}, {"date": "2013-01-31", "symbol": "ADSK", "reportedCurrency": "USD", "cik": "0000769397", "fillingDate": "2013-03-18", "acceptedDate": "2013-03-18 16:01:59", "calendarYear": "2013", "period": "FY", "revenue": 2312200000, "costOfRevenue": 238500000, "grossProfit": 2073700000, "grossProfitRatio": 0.8968514834, "researchAndDevelopmentExpenses": 600000000, "generalAndAdministrativeExpenses": 248400000, "sellingAndMarketingExpenses": 875500000, "sellingGeneralAndAdministrativeExpenses": 1123900000, "otherExpenses": 2000000, "operatingExpenses": 1723900000, "costAndExpenses": 1962400000, "interestIncome": 4900000, "interestExpense": 4900000, "depreciationAndAmortization": 127800000, "ebitda": 521500000, "ebitdaratio": 0.2255427731, "operatingIncome": 305900000, "operatingIncomeRatio": 0.1322982441, "totalOtherIncomeExpensesNet": -43900000, "incomeBeforeTax": 310000000, "incomeBeforeTaxRatio": 0.1340714471, "incomeTaxExpense": 62600000, "netIncome": 247400000, "netIncomeRatio": 0.1069976646, "eps": 1.09, "epsdiluted": 1.07, "weightedAverageShsOut": 226400000, "weightedAverageShsOutDil": 231700000, "link": "https://www.sec.gov/Archives/edgar/data/769397/000076939713000007/0000769397-13-000007-index.htm", "finalLink": "https://www.sec.gov/Archives/edgar/data/769397/000076939713000007/adsk-0131201310xk.htm", "calculatedOtherExpenses": 43900000, "calculatedOperatingExpenses": 1767800000, "calculatedNetInterest": 0, "calculatedOtherIncome": 4100000, "calculatedIncomeNonControlling": 0, "calculatedEbitda": 433700000}, {"date": "2012-01-31", "symbol": "ADSK", "reportedCurrency": "USD", "cik": "0000769397", "fillingDate": "2012-03-15", "acceptedDate": "2012-03-15 16:05:18", "calendarYear": "2012", "period": "FY", "revenue": 2215600000, "costOfRevenue": 229100000, "grossProfit": 1986500000, "grossProfitRatio": 0.8965968586, "researchAndDevelopmentExpenses": 566500000, "generalAndAdministrativeExpenses": 223100000, "sellingAndMarketingExpenses": 842600000, "sellingGeneralAndAdministrativeExpenses": 1065700000, "otherExpenses": 0, "operatingExpenses": 1632200000, "costAndExpenses": 1861300000, "interestIncome": 7300000, "interestExpense": 0, "depreciationAndAmortization": 115500000, "ebitda": 468500000, "ebitdaratio": 0.2114551363, "operatingIncome": 355600000, "operatingIncomeRatio": 0.1604982849, "totalOtherIncomeExpensesNet": 1300000, "incomeBeforeTax": 362900000, "incomeBeforeTaxRatio": 0.1637931034, "incomeTaxExpense": 77600000, "netIncome": 285300000, "netIncomeRatio": 0.1287687308, "eps": 1.25, "epsdiluted": 1.22, "weightedAverageShsOut": 227700000, "weightedAverageShsOutDil": 233300000, "link": "https://www.sec.gov/Archives/edgar/data/769397/000076939712000005/0000769397-12-000005-index.htm", "finalLink": "https://www.sec.gov/Archives/edgar/data/769397/000076939712000005/adsk-0131201210xk.htm", "calculatedOtherExpenses": -1300000, "calculatedOperatingExpenses": 1630900000, "calculatedNetInterest": 7300000, "calculatedOtherIncome": 0, "calculatedIncomeNonControlling": 0, "calculatedEbitda": 471100000}, {"date": "2011-01-31", "symbol": "ADSK", "reportedCurrency": "USD", "cik": "0000769397", "fillingDate": "2011-03-18", "acceptedDate": "2011-03-18 16:07:11", "calendarYear": "2011", "period": "FY", "revenue": 1951800000, "costOfRevenue": 196600000, "grossProfit": 1755200000, "grossProfitRatio": 0.8992724664, "researchAndDevelopmentExpenses": 496200000, "generalAndAdministrativeExpenses": 200800000, "sellingAndMarketingExpenses": 776000000, "sellingGeneralAndAdministrativeExpenses": 976800000, "otherExpenses": 0, "operatingExpenses": 1473000000, "costAndExpenses": 1669600000, "interestIncome": 0, "interestExpense": 0, "depreciationAndAmortization": 105400000, "ebitda": 398400000, "ebitdaratio": 0.2041192745, "operatingIncome": 271400000, "operatingIncomeRatio": 0.1390511323, "totalOtherIncomeExpensesNet": -10800000, "incomeBeforeTax": 272000000, "incomeBeforeTaxRatio": 0.1393585408, "incomeTaxExpense": 60000000, "netIncome": 212000000, "netIncomeRatio": 0.1086176862, "eps": 0.93, "epsdiluted": 0.9, "weightedAverageShsOut": 227600000, "weightedAverageShsOutDil": 234200000, "link": "https://www.sec.gov/Archives/edgar/data/769397/000119312511071209/0001193125-11-071209-index.htm", "finalLink": "https://www.sec.gov/Archives/edgar/data/769397/000119312511071209/d10k.htm", "calculatedOtherExpenses": 10800000, "calculatedOperatingExpenses": 1483800000, "calculatedNetInterest": 0, "calculatedOtherIncome": 600000, "calculatedIncomeNonControlling": 0, "calculatedEbitda": 376800000}, {"date": "2010-01-31", "symbol": "ADSK", "reportedCurrency": "USD", "cik": "0000769397", "fillingDate": "2010-03-19", "acceptedDate": "2010-03-19 06:05:42", "calendarYear": "2010", "period": "FY", "revenue": 1713700000, "costOfRevenue": 191800000, "grossProfit": 1521900000, "grossProfitRatio": 0.8880784268, "researchAndDevelopmentExpenses": 457500000, "generalAndAdministrativeExpenses": 197700000, "sellingAndMarketingExpenses": 731900000, "sellingGeneralAndAdministrativeExpenses": 929600000, "otherExpenses": 0, "operatingExpenses": 1387100000, "costAndExpenses": 1578900000, "interestIncome": 19100000, "interestExpense": 19100000, "depreciationAndAmortization": 111500000, "ebitda": 315500000, "ebitdaratio": 0.1841045691, "operatingIncome": 65600000, "operatingIncomeRatio": 0.0382797456, "totalOtherIncomeExpensesNet": -69200000, "incomeBeforeTax": 84700000, "incomeBeforeTaxRatio": 0.0494252203, "incomeTaxExpense": 26700000, "netIncome": 58000000, "netIncomeRatio": 0.033844897, "eps": 0.25, "epsdiluted": 0.25, "weightedAverageShsOut": 228700000, "weightedAverageShsOutDil": 232100000, "link": "https://www.sec.gov/Archives/edgar/data/769397/000119312510061070/0001193125-10-061070-index.htm", "finalLink": "https://www.sec.gov/Archives/edgar/data/769397/000119312510061070/d10k.htm", "calculatedOtherExpenses": 69200000, "calculatedOperatingExpenses": 1456300000, "calculatedNetInterest": 0, "calculatedOtherIncome": 19100000, "calculatedIncomeNonControlling": 0, "calculatedEbitda": 177100000}, {"date": "2009-01-31", "symbol": "ADSK", "reportedCurrency": "USD", "cik": "0000769397", "fillingDate": "2009-03-20", "acceptedDate": "2009-03-20 17:12:00", "calendarYear": "2009", "period": "FY", "revenue": 2315200000, "costOfRevenue": 219100000, "grossProfit": 2096100000, "grossProfitRatio": 0.9053645473, "researchAndDevelopmentExpenses": 576100000, "generalAndAdministrativeExpenses": 1106400000, "sellingAndMarketingExpenses": 900700000, "sellingGeneralAndAdministrativeExpenses": 1106400000, "otherExpenses": 128900000, "operatingExpenses": 1811400000, "costAndExpenses": 2030500000, "interestIncome": 0, "interestExpense": 0, "depreciationAndAmortization": 91800000, "ebitda": 551200000, "ebitdaratio": 0.2380787837, "operatingIncome": 244500000, "operatingIncomeRatio": 0.1056064271, "totalOtherIncomeExpensesNet": -174700000, "incomeBeforeTax": 252500000, "incomeBeforeTaxRatio": 0.1090618521, "incomeTaxExpense": 68900000, "netIncome": 183600000, "netIncomeRatio": 0.0793020041, "eps": 0.81, "epsdiluted": 0.8, "weightedAverageShsOut": 225500000, "weightedAverageShsOutDil": 230100000, "link": "https://www.sec.gov/Archives/edgar/data/769397/000119312509059920/0001193125-09-059920-index.htm", "finalLink": "https://www.sec.gov/Archives/edgar/data/769397/000119312509059920/d10k.htm", "calculatedOtherExpenses": 169100000, "calculatedOperatingExpenses": 1851600000, "calculatedNetInterest": 0, "calculatedOtherIncome": 8000000, "calculatedIncomeNonControlling": 0, "calculatedEbitda": 336300000}, {"date": "2008-01-31", "symbol": "ADSK", "reportedCurrency": "USD", "cik": "0000769397", "fillingDate": "2008-03-28", "acceptedDate": "2008-03-28 12:05:39", "calendarYear": "2008", "period": "FY", "revenue": 2171900000, "costOfRevenue": 206900000, "grossProfit": 1965000000, "grossProfitRatio": 0.9047377872, "researchAndDevelopmentExpenses": 485300000, "generalAndAdministrativeExpenses": 1034100000, "sellingAndMarketingExpenses": 842700000, "sellingGeneralAndAdministrativeExpenses": 1034100000, "otherExpenses": 8600000, "operatingExpenses": 1519400000, "costAndExpenses": 1726300000, "interestIncome": 0, "interestExpense": 0, "depreciationAndAmortization": 61300000, "ebitda": 515900000, "ebitdaratio": 0.2375339564, "operatingIncome": 445600000, "operatingIncomeRatio": 0.2051659837, "totalOtherIncomeExpensesNet": -9000000, "incomeBeforeTax": 470000000, "incomeBeforeTaxRatio": 0.2164003868, "incomeTaxExpense": 113800000, "netIncome": 356200000, "netIncomeRatio": 0.1640038676, "eps": 1.55, "epsdiluted": 1.47, "weightedAverageShsOut": 230300000, "weightedAverageShsOutDil": 242000000, "link": "https://www.sec.gov/Archives/edgar/data/769397/000119312508068567/0001193125-08-068567-index.htm", "finalLink": "https://www.sec.gov/Archives/edgar/data/769397/000119312508068567/d10k.htm", "calculatedOtherExpenses": 0, "calculatedOperatingExpenses": 1519400000, "calculatedNetInterest": 0, "calculatedOtherIncome": 24400000, "calculatedIncomeNonControlling": 0, "calculatedEbitda": 506900000}, {"date": "2007-01-31", "symbol": "ADSK", "reportedCurrency": "USD", "cik": "0000769397", "fillingDate": "2007-06-04", "acceptedDate": "2007-06-04 17:08:17", "calendarYear": "2007", "period": "FY", "revenue": 1839800000, "costOfRevenue": 216600000, "grossProfit": 1623200000, "grossProfitRatio": 0.8822698119, "researchAndDevelopmentExpenses": 406300000, "generalAndAdministrativeExpenses": 867200000, "sellingAndMarketingExpenses": 461900000, "sellingGeneralAndAdministrativeExpenses": 867200000, "otherExpenses": 43700000, "operatingExpenses": 1273500000, "costAndExpenses": 1490100000, "interestIncome": 0, "interestExpense": 0, "depreciationAndAmortization": 53500000, "ebitda": 403200000, "ebitdaratio": 0.2191542559, "operatingIncome": 349700000, "operatingIncomeRatio": 0.1900750082, "totalOtherIncomeExpensesNet": 16800000, "incomeBeforeTax": 366500000, "incomeBeforeTaxRatio": 0.1992064355, "incomeTaxExpense": 76800000, "netIncome": 289700000, "netIncomeRatio": 0.1574627677, "eps": 1.26, "epsdiluted": 1.19, "weightedAverageShsOut": 230700000, "weightedAverageShsOutDil": 243200000, "link": "https://www.sec.gov/Archives/edgar/data/769397/000119312507128970/0001193125-07-128970-index.htm", "finalLink": "https://www.sec.gov/Archives/edgar/data/769397/000119312507128970/d10k.htm", "calculatedOtherExpenses": 0, "calculatedOperatingExpenses": 1273500000, "calculatedNetInterest": 0, "calculatedOtherIncome": 16800000, "calculatedIncomeNonControlling": 0, "calculatedEbitda": 403200000}, {"date": "2006-01-31", "symbol": "ADSK", "reportedCurrency": "USD", "cik": "0000769397", "fillingDate": "2006-03-30", "acceptedDate": "2006-03-30 17:16:14", "calendarYear": "2006", "period": "FY", "revenue": 1523200000, "costOfRevenue": 170900000, "grossProfit": 1352300000, "grossProfitRatio": 0.8878019958, "researchAndDevelopmentExpenses": 301600000, "generalAndAdministrativeExpenses": 680900000, "sellingAndMarketingExpenses": 553800000, "sellingGeneralAndAdministrativeExpenses": 680900000, "otherExpenses": 13100000, "operatingExpenses": 982500000, "costAndExpenses": 1153400000, "interestIncome": 0, "interestExpense": 0, "depreciationAndAmortization": 43700000, "ebitda": 413500000, "ebitdaratio": 0.2714679622, "operatingIncome": 369800000, "operatingIncomeRatio": 0.2427783613, "totalOtherIncomeExpensesNet": 13200000, "incomeBeforeTax": 383000000, "incomeBeforeTaxRatio": 0.2514443277, "incomeTaxExpense": 54100000, "netIncome": 328900000, "netIncomeRatio": 0.2159269958, "eps": 1.46, "epsdiluted": 1.35, "weightedAverageShsOut": 229000000, "weightedAverageShsOutDil": 247500000, "link": "https://www.sec.gov/Archives/edgar/data/769397/000119312506068809/0001193125-06-068809-index.htm", "finalLink": "https://www.sec.gov/Archives/edgar/data/769397/000119312506068809/d10k.htm", "calculatedOtherExpenses": 0, "calculatedOperatingExpenses": 982500000, "calculatedNetInterest": 0, "calculatedOtherIncome": 13200000, "calculatedIncomeNonControlling": 0, "calculatedEbitda": 413500000}, {"date": "2005-01-31", "symbol": "ADSK", "reportedCurrency": "USD", "cik": "0000769397", "fillingDate": "2005-03-31", "acceptedDate": "2005-03-31 17:15:18", "calendarYear": "2005", "period": "FY", "revenue": 1233767000, "costOfRevenue": 169443000, "grossProfit": 1064324000, "grossProfitRatio": 0.8626620748, "researchAndDevelopmentExpenses": 239404000, "generalAndAdministrativeExpenses": 563347000, "sellingAndMarketingExpenses": 461932000, "sellingGeneralAndAdministrativeExpenses": 563347000, "otherExpenses": 43697000, "operatingExpenses": 802751000, "costAndExpenses": 972194000, "interestIncome": 0, "interestExpense": 0, "depreciationAndAmortization": 51949000, "ebitda": 340222000, "ebitdaratio": 0.2757587129, "operatingIncome": 234873000, "operatingIncomeRatio": 0.1903706291, "totalOtherIncomeExpensesNet": -26700000, "incomeBeforeTax": 246328000, "incomeBeforeTaxRatio": 0.1996552023, "incomeTaxExpense": 24820000, "netIncome": 221508000, "netIncomeRatio": 0.1795379517, "eps": 0.97, "epsdiluted": 0.9, "weightedAverageShsOut": 227938144, "weightedAverageShsOutDil": 245666667, "link": "https://www.sec.gov/Archives/edgar/data/769397/000119312505067261/0001193125-05-067261-index.htm", "finalLink": "https://www.sec.gov/Archives/edgar/data/769397/000119312505067261/d10k.htm", "calculatedOtherExpenses": 26700000, "calculatedOperatingExpenses": 829451000, "calculatedNetInterest": 0, "calculatedOtherIncome": 11455000, "calculatedIncomeNonControlling": 0, "calculatedEbitda": 286822000}, {"date": "2004-01-31", "symbol": "ADSK", "reportedCurrency": "USD", "cik": "0000769397", "fillingDate": "2004-04-08", "acceptedDate": "2004-04-08 17:09:54", "calendarYear": "2004", "period": "FY", "revenue": 951643000, "costOfRevenue": 148128000, "grossProfit": 803515000, "grossProfitRatio": 0.8443449907, "researchAndDevelopmentExpenses": 209349000, "generalAndAdministrativeExpenses": 484224000, "sellingAndMarketingExpenses": 393234000, "sellingGeneralAndAdministrativeExpenses": 484224000, "otherExpenses": 522000, "operatingExpenses": 694095000, "costAndExpenses": 842223000, "interestIncome": 0, "interestExpense": 0, "depreciationAndAmortization": 50292000, "ebitda": 162895000, "ebitdaratio": 0.1711723829, "operatingIncome": 106237000, "operatingIncomeRatio": 0.1116353507, "totalOtherIncomeExpensesNet": -3183000, "incomeBeforeTax": 123196000, "incomeBeforeTaxRatio": 0.1294561091, "incomeTaxExpense": 2880000, "netIncome": 120316000, "netIncomeRatio": 0.1264297641, "eps": 0.54, "epsdiluted": 0.52, "weightedAverageShsOut": 222994000, "weightedAverageShsOutDil": 231304000, "link": "https://www.sec.gov/Archives/edgar/data/769397/000119312504059372/0001193125-04-059372-index.htm", "finalLink": "https://www.sec.gov/Archives/edgar/data/769397/000119312504059372/d10k.htm", "calculatedOtherExpenses": 3705000, "calculatedOperatingExpenses": 697278000, "calculatedNetInterest": 0, "calculatedOtherIncome": 16959000, "calculatedIncomeNonControlling": 0, "calculatedEbitda": 156529000}, {"date": "2003-01-31", "symbol": "ADSK", "reportedCurrency": "USD", "cik": "0000769397", "fillingDate": "2003-04-28", "acceptedDate": "2003-04-25 17:32:06", "calendarYear": "2003", "period": "FY", "revenue": 824945000, "costOfRevenue": 140162000, "grossProfit": 684783000, "grossProfitRatio": 0.8300953397, "researchAndDevelopmentExpenses": 172985000, "generalAndAdministrativeExpenses": 460650000, "sellingAndMarketingExpenses": 331721000, "sellingGeneralAndAdministrativeExpenses": 460650000, "otherExpenses": 299000, "operatingExpenses": 633934000, "costAndExpenses": 774096000, "interestIncome": 0, "interestExpense": 0, "depreciationAndAmortization": 48844000, "ebitda": 125580000, "ebitdaratio": 0.1522283304, "operatingIncome": 24962000, "operatingIncomeRatio": 0.030258987, "totalOtherIncomeExpensesNet": -25887000, "incomeBeforeTax": 38466000, "incomeBeforeTaxRatio": 0.0466285631, "incomeTaxExpense": 6562000, "netIncome": 31904000, "netIncomeRatio": 0.0386740934, "eps": 0.14, "epsdiluted": 0.14, "weightedAverageShsOut": 226070000, "weightedAverageShsOutDil": 229550000, "link": "https://www.sec.gov/Archives/edgar/data/769397/000119312503002078/0001193125-03-002078-index.htm", "finalLink": "https://www.sec.gov/Archives/edgar/data/769397/000119312503002078/d10k.htm", "calculatedOtherExpenses": 26186000, "calculatedOperatingExpenses": 659821000, "calculatedNetInterest": 0, "calculatedOtherIncome": 13504000, "calculatedIncomeNonControlling": 0, "calculatedEbitda": 73806000}, {"date": "2002-01-31", "symbol": "ADSK", "reportedCurrency": "USD", "cik": "0000769397", "fillingDate": "2002-04-30", "acceptedDate": "2002-04-30 15:46:02", "calendarYear": "2002", "period": "FY", "revenue": 947491000, "costOfRevenue": 151203000, "grossProfit": 796288000, "grossProfitRatio": 0.8404174815, "researchAndDevelopmentExpenses": 168574000, "generalAndAdministrativeExpenses": 475007000, "sellingAndMarketingExpenses": 343508000, "sellingGeneralAndAdministrativeExpenses": 475007000, "otherExpenses": 20903000, "operatingExpenses": 664484000, "costAndExpenses": 815687000, "interestIncome": 0, "interestExpense": 0, "depreciationAndAmortization": 62907000, "ebitda": 218880000, "ebitdaratio": 0.2310101099, "operatingIncome": 98174000, "operatingIncomeRatio": 0.1036147045, "totalOtherIncomeExpensesNet": -25380000, "incomeBeforeTax": 126693000, "incomeBeforeTaxRatio": 0.1337141989, "incomeTaxExpense": 35169000, "netIncome": 90313000, "netIncomeRatio": 0.0953180558, "eps": 0.21, "epsdiluted": 0.2, "weightedAverageShsOut": 435260000, "weightedAverageShsOutDil": 449100000, "link": "https://www.sec.gov/Archives/edgar/data/769397/000089843002001691/0000898430-02-001691-index.htm", "finalLink": "https://www.sec.gov/Archives/edgar/data/769397/000089843002001691/d10k.htm", "calculatedOtherExpenses": 54533000, "calculatedOperatingExpenses": 698114000, "calculatedNetInterest": 0, "calculatedOtherIncome": 28519000, "calculatedIncomeNonControlling": 1211000, "calculatedEbitda": 161081000}, {"date": "2001-01-31", "symbol": "ADSK", "reportedCurrency": "USD", "cik": "0000769397", "fillingDate": "2001-04-27", "acceptedDate": "2001-04-27 00:00:00", "calendarYear": "2001", "period": "FY", "revenue": 936324000, "costOfRevenue": 107883000, "grossProfit": 828441000, "grossProfitRatio": 0.8847802684, "researchAndDevelopmentExpenses": 170487000, "generalAndAdministrativeExpenses": 450330000, "sellingAndMarketingExpenses": 0, "sellingGeneralAndAdministrativeExpenses": 450330000, "otherExpenses": 68844000, "operatingExpenses": 689661000, "costAndExpenses": 797544000, "interestIncome": 0, "interestExpense": 0, "depreciationAndAmortization": 68844000, "ebitda": 222679000, "ebitdaratio": 0.2378225913, "operatingIncome": 138780000, "operatingIncomeRatio": 0.1482179246, "totalOtherIncomeExpensesNet": -15055000, "incomeBeforeTax": 144773000, "incomeBeforeTaxRatio": 0.1546184868, "incomeTaxExpense": 51540000, "netIncome": 93233000, "netIncomeRatio": 0.0995734383, "eps": 0.41, "epsdiluted": 0.4, "weightedAverageShsOut": 228752000, "weightedAverageShsOutDil": 234056000, "link": "https://www.sec.gov/Archives/edgar/data/769397/000101287001500493/0001012870-01-500493-index.htm", "finalLink": "https://www.sec.gov/Archives/edgar/data/769397/000101287001500493/d10k.txt", "calculatedOtherExpenses": 68844000, "calculatedOperatingExpenses": 689661000, "calculatedNetInterest": 0, "calculatedOtherIncome": 5993000, "calculatedIncomeNonControlling": 0, "calculatedEbitda": 207624000}, {"date": "2000-01-31", "symbol": "ADSK", "reportedCurrency": "USD", "cik": "0000769397", "fillingDate": "2000-04-14", "acceptedDate": "2000-04-14 00:00:00", "calendarYear": "2000", "period": "FY", "revenue": 820182000, "costOfRevenue": 94748000, "grossProfit": 725434000, "grossProfitRatio": 0.8844792985, "researchAndDevelopmentExpenses": 163985000, "generalAndAdministrativeExpenses": 446190000, "sellingAndMarketingExpenses": 0, "sellingGeneralAndAdministrativeExpenses": 446190000, "otherExpenses": 79748000, "operatingExpenses": 689923000, "costAndExpenses": 784671000, "interestIncome": 0, "interestExpense": 0, "depreciationAndAmortization": 79748000, "ebitda": 150007000, "ebitdaratio": 0.1828947721, "operatingIncome": 35511000, "operatingIncomeRatio": 0.0432964879, "totalOtherIncomeExpensesNet": -34748000, "incomeBeforeTax": 23920000, "incomeBeforeTaxRatio": 0.0291642587, "incomeTaxExpense": 14112000, "netIncome": 9808000, "netIncomeRatio": 0.0119583214, "eps": 0.04, "epsdiluted": 0.04, "weightedAverageShsOut": 241312000, "weightedAverageShsOutDil": 245624000, "link": "https://www.sec.gov/Archives/edgar/data/769397/000092962400000548/0000929624-00-000548-index.html", "finalLink": "https://www.sec.gov/Archives/edgar/data/769397/000092962400000548/", "calculatedOtherExpenses": 79748000, "calculatedOperatingExpenses": 689923000, "calculatedNetInterest": 0, "calculatedOtherIncome": -11591000, "calculatedIncomeNonControlling": 0, "calculatedEbitda": 115259000}, {"date": "1999-01-31", "symbol": "ADSK", "reportedCurrency": "USD", "cik": "0000769397", "fillingDate": "1999-04-29", "acceptedDate": "1999-04-29 00:00:00", "calendarYear": "1999", "period": "FY", "revenue": 740200000, "costOfRevenue": 13200000, "grossProfit": 727000000, "grossProfitRatio": 0.9821669819, "researchAndDevelopmentExpenses": 142800000, "generalAndAdministrativeExpenses": 384200000, "sellingAndMarketingExpenses": 0, "sellingGeneralAndAdministrativeExpenses": 384200000, "otherExpenses": 63200000, "operatingExpenses": 590200000, "costAndExpenses": 603400000, "interestIncome": 0, "interestExpense": 0, "depreciationAndAmortization": 63200000, "ebitda": 190300000, "ebitdaratio": 0.2570926777, "operatingIncome": 136800000, "operatingIncomeRatio": 0.1848149149, "totalOtherIncomeExpensesNet": 9700000, "incomeBeforeTax": 146500000, "incomeBeforeTaxRatio": 0.1979194812, "incomeTaxExpense": 55900000, "netIncome": 90600000, "netIncomeRatio": 0.1223993515, "eps": 0.43, "epsdiluted": 0.41, "weightedAverageShsOut": 225576000, "weightedAverageShsOutDil": 236564000, "link": "https://www.sec.gov/Archives/edgar/data/769397/000092962499000773/0000929624-99-000773-index.html", "finalLink": "https://www.sec.gov/Archives/edgar/data/769397/", "calculatedOtherExpenses": 63200000, "calculatedOperatingExpenses": 590200000, "calculatedNetInterest": 0, "calculatedOtherIncome": 9700000, "calculatedIncomeNonControlling": 0, "calculatedEbitda": 200000000}, {"date": "1998-01-31", "symbol": "ADSK", "reportedCurrency": "USD", "cik": "0000769397", "fillingDate": "1998-04-28", "acceptedDate": "1998-04-28 00:00:00", "calendarYear": "1998", "period": "FY", "revenue": 617100000, "costOfRevenue": 27000000, "grossProfit": 590100000, "grossProfitRatio": 0.9562469616, "researchAndDevelopmentExpenses": 122400000, "generalAndAdministrativeExpenses": 320400000, "sellingAndMarketingExpenses": 0, "sellingGeneralAndAdministrativeExpenses": 320400000, "otherExpenses": 43900000, "operatingExpenses": 486700000, "costAndExpenses": 513700000, "interestIncome": 0, "interestExpense": 0, "depreciationAndAmortization": 43900000, "ebitda": 195800000, "ebitdaratio": 0.3172905526, "operatingIncome": 103400000, "operatingIncomeRatio": 0.1675579323, "totalOtherIncomeExpensesNet": -48500000, "incomeBeforeTax": 55000000, "incomeBeforeTaxRatio": 0.0891265597, "incomeTaxExpense": 39600000, "netIncome": 15400000, "netIncomeRatio": 0.0249554367, "eps": 0.24, "epsdiluted": 0.23, "weightedAverageShsOut": 187040000, "weightedAverageShsOutDil": 199440000, "link": "https://www.sec.gov/Archives/edgar/data/769397/000092962498000825/0000929624-98-000825-index.html", "finalLink": "https://www.sec.gov/Archives/edgar/data/769397/", "calculatedOtherExpenses": 43900000, "calculatedOperatingExpenses": 486700000, "calculatedNetInterest": 0, "calculatedOtherIncome": -48400000, "calculatedIncomeNonControlling": 0, "calculatedEbitda": 147300000}, {"date": "1997-01-31", "symbol": "ADSK", "reportedCurrency": "USD", "cik": "0000769397", "fillingDate": "1997-05-01", "acceptedDate": "1997-05-01 00:00:00", "calendarYear": "1997", "period": "FY", "revenue": 496700000, "costOfRevenue": 29500000, "grossProfit": 467200000, "grossProfitRatio": 0.9406080129, "researchAndDevelopmentExpenses": 93700000, "generalAndAdministrativeExpenses": 274200000, "sellingAndMarketingExpenses": 0, "sellingGeneralAndAdministrativeExpenses": 274200000, "otherExpenses": 34800000, "operatingExpenses": 402700000, "costAndExpenses": 432200000, "interestIncome": 0, "interestExpense": 0, "depreciationAndAmortization": 34800000, "ebitda": 97300000, "ebitdaratio": 0.1958928931, "operatingIncome": 64500000, "operatingIncomeRatio": 0.1298570566, "totalOtherIncomeExpensesNet": 2000000, "incomeBeforeTax": 66500000, "incomeBeforeTaxRatio": 0.133883632, "incomeTaxExpense": 24900000, "netIncome": 41600000, "netIncomeRatio": 0.0837527683, "eps": 0.0569, "epsdiluted": 0.055, "weightedAverageShsOut": 190640000, "weightedAverageShsOutDil": 190640000, "link": "https://www.sec.gov/Archives/edgar/data/769397/000092962497000492/0000929624-97-000492-index.html", "finalLink": "https://www.sec.gov/Archives/edgar/data/769397/", "calculatedOtherExpenses": 34800000, "calculatedOperatingExpenses": 402700000, "calculatedNetInterest": 0, "calculatedOtherIncome": 2000000, "calculatedIncomeNonControlling": 0, "calculatedEbitda": 99300000}, {"date": "1996-01-31", "symbol": "ADSK", "reportedCurrency": "USD", "cik": "0000769397", "fillingDate": "1996-04-30", "acceptedDate": "1996-04-30 00:00:00", "calendarYear": "1996", "period": "FY", "revenue": 534200000, "costOfRevenue": 41600000, "grossProfit": 492600000, "grossProfitRatio": 0.9221265444, "researchAndDevelopmentExpenses": 78700000, "generalAndAdministrativeExpenses": 259700000, "sellingAndMarketingExpenses": 0, "sellingGeneralAndAdministrativeExpenses": 259700000, "otherExpenses": 25200000, "operatingExpenses": 363600000, "costAndExpenses": 405200000, "interestIncome": 0, "interestExpense": 0, "depreciationAndAmortization": 25200000, "ebitda": 144900000, "ebitdaratio": 0.2712467241, "operatingIncome": 129000000, "operatingIncomeRatio": 0.2414825908, "totalOtherIncomeExpensesNet": 9300000, "incomeBeforeTax": 138300000, "incomeBeforeTaxRatio": 0.2588918008, "incomeTaxExpense": 50500000, "netIncome": 87800000, "netIncomeRatio": 0.1643579184, "eps": 0.44, "epsdiluted": 0.44, "weightedAverageShsOut": 199200000, "weightedAverageShsOutDil": 199200000, "link": "https://www.sec.gov/Archives/edgar/data/769397/000094420996000032/0000944209-96-000032-index.html", "finalLink": "https://www.sec.gov/Archives/edgar/data/769397/", "calculatedOtherExpenses": 25200000, "calculatedOperatingExpenses": 363600000, "calculatedNetInterest": 0, "calculatedOtherIncome": 9300000, "calculatedIncomeNonControlling": 0, "calculatedEbitda": 154200000}, {"date": "1995-01-31", "symbol": "ADSK", "reportedCurrency": "USD", "cik": "0000769397", "fillingDate": "1995-05-01", "acceptedDate": "1995-05-01 00:00:00", "calendarYear": "1995", "period": "FY", "revenue": 454600000, "costOfRevenue": 36700000, "grossProfit": 417900000, "grossProfitRatio": 0.9192696876, "researchAndDevelopmentExpenses": 65200000, "generalAndAdministrativeExpenses": 220300000, "sellingAndMarketingExpenses": 0, "sellingGeneralAndAdministrativeExpenses": 220300000, "otherExpenses": 25000000, "operatingExpenses": 310500000, "costAndExpenses": 347200000, "interestIncome": 0, "interestExpense": 0, "depreciationAndAmortization": 25000000, "ebitda": 150700000, "ebitdaratio": 0.33150022, "operatingIncome": 107400000, "operatingIncomeRatio": 0.2362516498, "totalOtherIncomeExpensesNet": -18300000, "incomeBeforeTax": 89100000, "incomeBeforeTaxRatio": 0.1959964804, "incomeTaxExpense": 32500000, "netIncome": 56600000, "netIncomeRatio": 0.1245050594, "eps": 0.28, "epsdiluted": 0.28, "weightedAverageShsOut": 199360000, "weightedAverageShsOutDil": 199360000, "link": "https://www.sec.gov/Archives/edgar/data/769397/000089843095000671/0000898430-95-000671-index.html", "finalLink": "https://www.sec.gov/Archives/edgar/data/769397/", "calculatedOtherExpenses": 25000000, "calculatedOperatingExpenses": 310500000, "calculatedNetInterest": 0, "calculatedOtherIncome": -18300000, "calculatedIncomeNonControlling": 0, "calculatedEbitda": 132400000}, {"date": "1994-01-31", "symbol": "ADSK", "reportedCurrency": "USD", "cik": "0000769397", "fillingDate": "1994-01-31", "acceptedDate": "1994-01-30 19:00:00", "calendarYear": "1994", "period": "FY", "revenue": 405600000, "costOfRevenue": 42800000, "grossProfit": 362800000, "grossProfitRatio": 0.8944773176, "researchAndDevelopmentExpenses": 56200000, "generalAndAdministrativeExpenses": 196300000, "sellingAndMarketingExpenses": 0, "sellingGeneralAndAdministrativeExpenses": 196300000, "otherExpenses": 20600000, "operatingExpenses": 273100000, "costAndExpenses": 315900000, "interestIncome": 0, "interestExpense": 0, "depreciationAndAmortization": 20600000, "ebitda": 103200000, "ebitdaratio": 0.2544378698, "operatingIncome": 89700000, "operatingIncomeRatio": 0.2211538462, "totalOtherIncomeExpensesNet": 7100000, "incomeBeforeTax": 96800000, "incomeBeforeTaxRatio": 0.2386587771, "incomeTaxExpense": 34600000, "netIncome": 62200000, "netIncomeRatio": 0.1533530572, "eps": 0.0406, "epsdiluted": 0.0391, "weightedAverageShsOut": 189920000, "weightedAverageShsOutDil": 189920000, "link": "", "finalLink": "", "calculatedOtherExpenses": 20600000, "calculatedOperatingExpenses": 273100000, "calculatedNetInterest": 0, "calculatedOtherIncome": 7100000, "calculatedIncomeNonControlling": 0, "calculatedEbitda": 110300000}, {"date": "1993-01-31", "symbol": "ADSK", "reportedCurrency": "USD", "cik": "0000769397", "fillingDate": "1993-01-31", "acceptedDate": "1993-01-30 19:00:00", "calendarYear": "1993", "period": "FY", "revenue": 353200000, "costOfRevenue": 47300000, "grossProfit": 305900000, "grossProfitRatio": 0.8660815402, "researchAndDevelopmentExpenses": 0, "generalAndAdministrativeExpenses": 231300000, "sellingAndMarketingExpenses": 0, "sellingGeneralAndAdministrativeExpenses": 231300000, "otherExpenses": 16400000, "operatingExpenses": 247700000, "costAndExpenses": 295000000, "interestIncome": 0, "interestExpense": 0, "depreciationAndAmortization": 16400000, "ebitda": 63000000, "ebitdaratio": 0.1783691959, "operatingIncome": 58200000, "operatingIncomeRatio": 0.1647791619, "totalOtherIncomeExpensesNet": 11600000, "incomeBeforeTax": 69800000, "incomeBeforeTaxRatio": 0.1976217441, "incomeTaxExpense": 25900000, "netIncome": 43900000, "netIncomeRatio": 0.1242921857, "eps": 0.0275, "epsdiluted": 0.0275, "weightedAverageShsOut": 192088000, "weightedAverageShsOutDil": 192088000, "link": "", "finalLink": "", "calculatedOtherExpenses": 16400000, "calculatedOperatingExpenses": 247700000, "calculatedNetInterest": 0, "calculatedOtherIncome": 11600000, "calculatedIncomeNonControlling": 0, "calculatedEbitda": 74600000}, {"date": "1992-01-31", "symbol": "ADSK", "reportedCurrency": "USD", "cik": "0000769397", "fillingDate": "1992-01-31", "acceptedDate": "1992-01-30 19:00:00", "calendarYear": "1992", "period": "FY", "revenue": 274000000, "costOfRevenue": 24400000, "grossProfit": 249600000, "grossProfitRatio": 0.9109489051, "researchAndDevelopmentExpenses": 0, "generalAndAdministrativeExpenses": 154600000, "sellingAndMarketingExpenses": 0, "sellingGeneralAndAdministrativeExpenses": 154600000, "otherExpenses": 14800000, "operatingExpenses": 169400000, "costAndExpenses": 193800000, "interestIncome": 0, "interestExpense": 0, "depreciationAndAmortization": 14800000, "ebitda": 82900000, "ebitdaratio": 0.3025547445, "operatingIncome": 80200000, "operatingIncomeRatio": 0.2927007299, "totalOtherIncomeExpensesNet": 12100000, "incomeBeforeTax": 92300000, "incomeBeforeTaxRatio": 0.3368613139, "incomeTaxExpense": 34500000, "netIncome": 57800000, "netIncomeRatio": 0.2109489051, "eps": 0.0363, "epsdiluted": 0.0363, "weightedAverageShsOut": 196704000, "weightedAverageShsOutDil": 196704000, "link": "", "finalLink": "", "calculatedOtherExpenses": 14800000, "calculatedOperatingExpenses": 169400000, "calculatedNetInterest": 0, "calculatedOtherIncome": 12100000, "calculatedIncomeNonControlling": 0, "calculatedEbitda": 95000000}, {"date": "1991-01-31", "symbol": "ADSK", "reportedCurrency": "USD", "cik": "0000769397", "fillingDate": "1991-01-31", "acceptedDate": "1991-01-30 19:00:00", "calendarYear": "1991", "period": "FY", "revenue": 237900000, "costOfRevenue": 14100000, "grossProfit": 223800000, "grossProfitRatio": 0.9407313997, "researchAndDevelopmentExpenses": 0, "generalAndAdministrativeExpenses": 129300000, "sellingAndMarketingExpenses": 0, "sellingGeneralAndAdministrativeExpenses": 129300000, "otherExpenses": 13500000, "operatingExpenses": 142800000, "costAndExpenses": 156900000, "interestIncome": 0, "interestExpense": 0, "depreciationAndAmortization": 13500000, "ebitda": 83500000, "ebitdaratio": 0.35098781, "operatingIncome": 81000000, "operatingIncomeRatio": 0.3404791929, "totalOtherIncomeExpensesNet": 11000000, "incomeBeforeTax": 92000000, "incomeBeforeTaxRatio": 0.386717108, "incomeTaxExpense": 35200000, "netIncome": 56800000, "netIncomeRatio": 0.2387557797, "eps": 0.0359, "epsdiluted": 0.0359, "weightedAverageShsOut": 195296000, "weightedAverageShsOutDil": 195296000, "link": "", "finalLink": "", "calculatedOtherExpenses": 13500000, "calculatedOperatingExpenses": 142800000, "calculatedNetInterest": 0, "calculatedOtherIncome": 11000000, "calculatedIncomeNonControlling": 0, "calculatedEbitda": 94500000}, {"date": "1990-01-31", "symbol": "ADSK", "reportedCurrency": "USD", "cik": "0000769397", "fillingDate": "1990-01-31", "acceptedDate": "1990-01-30 19:00:00", "calendarYear": "1990", "period": "FY", "revenue": 178600000, "costOfRevenue": 14600000, "grossProfit": 164000000, "grossProfitRatio": 0.9182530795, "researchAndDevelopmentExpenses": 0, "generalAndAdministrativeExpenses": 89100000, "sellingAndMarketingExpenses": 0, "sellingGeneralAndAdministrativeExpenses": 89100000, "otherExpenses": 7900000, "operatingExpenses": 97000000, "costAndExpenses": 111600000, "interestIncome": 0, "interestExpense": 0, "depreciationAndAmortization": 7900000, "ebitda": 65500000, "ebitdaratio": 0.3667413214, "operatingIncome": 67000000, "operatingIncomeRatio": 0.3751399776, "totalOtherIncomeExpensesNet": 9400000, "incomeBeforeTax": 76400000, "incomeBeforeTaxRatio": 0.4277715566, "incomeTaxExpense": 30000000, "netIncome": 46400000, "netIncomeRatio": 0.2597984323, "eps": 0.03, "epsdiluted": 0.03, "weightedAverageShsOut": 193960000, "weightedAverageShsOutDil": 193960000, "link": "", "finalLink": "", "calculatedOtherExpenses": 7900000, "calculatedOperatingExpenses": 97000000, "calculatedNetInterest": 0, "calculatedOtherIncome": 9400000, "calculatedIncomeNonControlling": 0, "calculatedEbitda": 74900000}, {"date": "1989-01-31", "symbol": "ADSK", "reportedCurrency": "USD", "cik": "0000769397", "fillingDate": "1989-01-31", "acceptedDate": "1989-01-30 19:00:00", "calendarYear": "1989", "period": "FY", "revenue": 117300000, "costOfRevenue": 10600000, "grossProfit": 106700000, "grossProfitRatio": 0.9096334186, "researchAndDevelopmentExpenses": 0, "generalAndAdministrativeExpenses": 55900000, "sellingAndMarketingExpenses": 0, "sellingGeneralAndAdministrativeExpenses": 55900000, "otherExpenses": 3900000, "operatingExpenses": 59800000, "costAndExpenses": 70400000, "interestIncome": 0, "interestExpense": 0, "depreciationAndAmortization": 3900000, "ebitda": 43600000, "ebitdaratio": 0.3716965047, "operatingIncome": 46900000, "operatingIncomeRatio": 0.399829497, "totalOtherIncomeExpensesNet": 7200000, "incomeBeforeTax": 54200000, "incomeBeforeTaxRatio": 0.4620630861, "incomeTaxExpense": 21500000, "netIncome": 32700000, "netIncomeRatio": 0.2787723785, "eps": 0.0213, "epsdiluted": 0.0213, "weightedAverageShsOut": 192040000, "weightedAverageShsOutDil": 192040000, "link": "", "finalLink": "", "calculatedOtherExpenses": 3900000, "calculatedOperatingExpenses": 59800000, "calculatedNetInterest": 0, "calculatedOtherIncome": 7300000, "calculatedIncomeNonControlling": 0, "calculatedEbitda": 50800000}, {"date": "1988-01-31", "symbol": "ADSK", "reportedCurrency": "USD", "cik": "0000769397", "fillingDate": "1988-01-31", "acceptedDate": "1988-01-30 19:00:00", "calendarYear": "1988", "period": "FY", "revenue": 79300000, "costOfRevenue": 7900000, "grossProfit": 71400000, "grossProfitRatio": 0.9003783102, "researchAndDevelopmentExpenses": 0, "generalAndAdministrativeExpenses": 37500000, "sellingAndMarketingExpenses": 0, "sellingGeneralAndAdministrativeExpenses": 37500000, "otherExpenses": 2600000, "operatingExpenses": 40100000, "costAndExpenses": 48000000, "interestIncome": 0, "interestExpense": 0, "depreciationAndAmortization": 2600000, "ebitda": 30100000, "ebitdaratio": 0.3795712484, "operatingIncome": 31300000, "operatingIncomeRatio": 0.394703657, "totalOtherIncomeExpensesNet": 3800000, "incomeBeforeTax": 35000000, "incomeBeforeTaxRatio": 0.4413619168, "incomeTaxExpense": 14500000, "netIncome": 20500000, "netIncomeRatio": 0.2585119798, "eps": 0.0141, "epsdiluted": 0.0141, "weightedAverageShsOut": 190592000, "weightedAverageShsOutDil": 190592000, "link": "", "finalLink": "", "calculatedOtherExpenses": 2600000, "calculatedOperatingExpenses": 40100000, "calculatedNetInterest": 0, "calculatedOtherIncome": 3700000, "calculatedIncomeNonControlling": 0, "calculatedEbitda": 33900000}, {"date": "1987-01-31", "symbol": "ADSK", "reportedCurrency": "USD", "cik": "0000769397", "fillingDate": "1987-01-31", "acceptedDate": "1987-01-30 19:00:00", "calendarYear": "1987", "period": "FY", "revenue": 52400000, "costOfRevenue": 6900000, "grossProfit": 45500000, "grossProfitRatio": 0.8683206107, "researchAndDevelopmentExpenses": 0, "generalAndAdministrativeExpenses": 22900000, "sellingAndMarketingExpenses": 0, "sellingGeneralAndAdministrativeExpenses": 22900000, "otherExpenses": 1000000, "operatingExpenses": 23900000, "costAndExpenses": 30800000, "interestIncome": 0, "interestExpense": 0, "depreciationAndAmortization": 1000000, "ebitda": 21300000, "ebitdaratio": 0.4064885496, "operatingIncome": 21600000, "operatingIncomeRatio": 0.4122137405, "totalOtherIncomeExpensesNet": 1300000, "incomeBeforeTax": 22900000, "incomeBeforeTaxRatio": 0.4370229008, "incomeTaxExpense": 11300000, "netIncome": 11600000, "netIncomeRatio": 0.2213740458, "eps": 0.0029, "epsdiluted": 0.0029, "weightedAverageShsOut": 168504000, "weightedAverageShsOutDil": 168504000, "link": "", "finalLink": "", "calculatedOtherExpenses": 1000000, "calculatedOperatingExpenses": 23900000, "calculatedNetInterest": 0, "calculatedOtherIncome": 1300000, "calculatedIncomeNonControlling": 0, "calculatedEbitda": 22600000}, {"date": "1986-01-31", "symbol": "ADSK", "reportedCurrency": "USD", "cik": "0000769397", "fillingDate": "1986-01-31", "acceptedDate": "1986-01-30 19:00:00", "calendarYear": "1986", "period": "FY", "revenue": 29500000, "costOfRevenue": 4200000, "grossProfit": 25300000, "grossProfitRatio": 0.8576271186, "researchAndDevelopmentExpenses": 0, "generalAndAdministrativeExpenses": 12600000, "sellingAndMarketingExpenses": 0, "sellingGeneralAndAdministrativeExpenses": 12600000, "otherExpenses": 400000, "operatingExpenses": 13000000, "costAndExpenses": 17200000, "interestIncome": 0, "interestExpense": 0, "depreciationAndAmortization": 400000, "ebitda": 12100000, "ebitdaratio": 0.4101694915, "operatingIncome": 12300000, "operatingIncomeRatio": 0.4169491525, "totalOtherIncomeExpensesNet": 600000, "incomeBeforeTax": 13000000, "incomeBeforeTaxRatio": 0.4406779661, "incomeTaxExpense": 6500000, "netIncome": 6500000, "netIncomeRatio": 0.2203389831, "eps": 0.0018, "epsdiluted": 0.0018, "weightedAverageShsOut": 161344000, "weightedAverageShsOutDil": 161344000, "link": "", "finalLink": "", "calculatedOtherExpenses": 400000, "calculatedOperatingExpenses": 13000000, "calculatedNetInterest": 0, "calculatedOtherIncome": 700000, "calculatedIncomeNonControlling": 0, "calculatedEbitda": 12700000}]}