{"originalCurrency": "USD", "convertedCurrency": "USD", "report": [{"date": "2023-12-31", "symbol": "ADT", "reportedCurrency": "USD", "cik": "0001703056", "fillingDate": "2024-02-28", "acceptedDate": "2024-02-28 17:27:25", "calendarYear": "2023", "period": "FY", "revenue": 4982659000, "costOfRevenue": 2547668000, "grossProfit": 2434991000, "grossProfitRatio": 0.4886930854, "researchAndDevelopmentExpenses": 0, "generalAndAdministrativeExpenses": 1186357000, "sellingAndMarketingExpenses": 165000000, "sellingGeneralAndAdministrativeExpenses": 1351357000, "otherExpenses": 11958000, "operatingExpenses": 1351357000, "costAndExpenses": 3899025000, "interestIncome": 0, "interestExpense": 567271000, "depreciationAndAmortization": 1539202000, "ebitda": 2622836000, "ebitdaratio": 0.5263928356, "operatingIncome": 1083634000, "operatingIncomeRatio": 0.2174810678, "totalOtherIncomeExpensesNet": -1150161000, "incomeBeforeTax": -66527000, "incomeBeforeTaxRatio": -0.0133517064, "incomeTaxExpense": 4585000, "netIncome": -166971000, "netIncomeRatio": -0.0335104208, "eps": -0.18, "epsdiluted": -0.18, "weightedAverageShsOut": 911588000, "weightedAverageShsOutDil": 911588000, "link": "https://www.sec.gov/Archives/edgar/data/1703056/000170305624000020/0001703056-24-000020-index.htm", "finalLink": "https://www.sec.gov/Archives/edgar/data/1703056/000170305624000020/adt-20231231.htm", "calculatedOtherExpenses": 0, "calculatedOperatingExpenses": 1351357000, "calculatedNetInterest": -567271000, "calculatedOtherIncome": -582890000, "calculatedIncomeNonControlling": 95859000, "calculatedEbitda": 2622836000}, {"date": "2022-12-31", "symbol": "ADT", "reportedCurrency": "USD", "cik": "0001703056", "fillingDate": "2023-02-28", "acceptedDate": "2023-02-28 16:25:17", "calendarYear": "2022", "period": "FY", "revenue": 6395000000, "costOfRevenue": 2040000000, "grossProfit": 4355000000, "grossProfitRatio": 0.6810007819, "researchAndDevelopmentExpenses": 0, "generalAndAdministrativeExpenses": 1711000000, "sellingAndMarketingExpenses": 219000000, "sellingGeneralAndAdministrativeExpenses": 1930000000, "otherExpenses": 1694000000, "operatingExpenses": 3624000000, "costAndExpenses": 5664000000, "interestIncome": 265285000, "interestExpense": 265000000, "depreciationAndAmortization": 1807000000, "ebitda": 2367000000, "ebitdaratio": 0.3701329163, "operatingIncome": 560000000, "operatingIncomeRatio": 0.0875684128, "totalOtherIncomeExpensesNet": -323000000, "incomeBeforeTax": 237000000, "incomeBeforeTaxRatio": 0.0370602033, "incomeTaxExpense": 60000000, "netIncome": 132663000, "netIncomeRatio": 0.0207448006, "eps": 0.15, "epsdiluted": 0.15, "weightedAverageShsOut": 903210000, "weightedAverageShsOutDil": 903210000, "link": "https://www.sec.gov/Archives/edgar/data/1703056/000170305623000046/0001703056-23-000046-index.htm", "finalLink": "https://www.sec.gov/Archives/edgar/data/1703056/000170305623000046/adt-20221231.htm", "calculatedOtherExpenses": 1865000000, "calculatedOperatingExpenses": 3795000000, "calculatedNetInterest": 285000, "calculatedOtherIncome": -323285000, "calculatedIncomeNonControlling": 44337000, "calculatedEbitda": 2367000000}, {"date": "2021-12-31", "symbol": "ADT", "reportedCurrency": "USD", "cik": "0001703056", "fillingDate": "2022-03-01", "acceptedDate": "2022-03-01 16:20:53", "calendarYear": "2021", "period": "FY", "revenue": 5307000000, "costOfRevenue": 1550000000, "grossProfit": 3757000000, "grossProfitRatio": 0.7079329188, "researchAndDevelopmentExpenses": 0, "generalAndAdministrativeExpenses": 1550000000, "sellingAndMarketingExpenses": 239000000, "sellingGeneralAndAdministrativeExpenses": 1789000000, "otherExpenses": 1915000000, "operatingExpenses": 3704000000, "costAndExpenses": 5254000000, "interestIncome": 457667000, "interestExpense": 458000000, "depreciationAndAmortization": 1915000000, "ebitda": 1977000000, "ebitdaratio": 0.3725268513, "operatingIncome": 62000000, "operatingIncomeRatio": 0.0116826832, "totalOtherIncomeExpensesNet": -533000000, "incomeBeforeTax": -471000000, "incomeBeforeTaxRatio": -0.0887507066, "incomeTaxExpense": -130000000, "netIncome": -341000000, "netIncomeRatio": -0.0642547579, "eps": -0.41, "epsdiluted": -0.41, "weightedAverageShsOut": 825365000, "weightedAverageShsOutDil": 825365000, "link": "https://www.sec.gov/Archives/edgar/data/1703056/000170305622000042/0001703056-22-000042-index.htm", "finalLink": "https://www.sec.gov/Archives/edgar/data/1703056/000170305622000042/adt-20211231.htm", "calculatedOtherExpenses": 1906000000, "calculatedOperatingExpenses": 3695000000, "calculatedNetInterest": -333000, "calculatedOtherIncome": -532667000, "calculatedIncomeNonControlling": 0, "calculatedEbitda": 1977000000}, {"date": "2020-12-31", "symbol": "ADT", "reportedCurrency": "USD", "cik": "0001703056", "fillingDate": "2021-02-25", "acceptedDate": "2021-02-25 16:46:51", "calendarYear": "2020", "period": "FY", "revenue": 5315000000, "costOfRevenue": 1517000000, "grossProfit": 3798000000, "grossProfitRatio": 0.7145813735, "researchAndDevelopmentExpenses": 0, "generalAndAdministrativeExpenses": 1459000000, "sellingAndMarketingExpenses": 264000000, "sellingGeneralAndAdministrativeExpenses": 1723000000, "otherExpenses": 1914000000, "operatingExpenses": 3637000000, "costAndExpenses": 5154000000, "interestIncome": 708189000, "interestExpense": 708000000, "depreciationAndAmortization": 1914000000, "ebitda": 2084000000, "ebitdaratio": 0.3920978363, "operatingIncome": 170000000, "operatingIncomeRatio": 0.0319849483, "totalOtherIncomeExpensesNet": -949000000, "incomeBeforeTax": -779000000, "incomeBeforeTaxRatio": -0.1465663217, "incomeTaxExpense": -147000000, "netIncome": -632000000, "netIncomeRatio": -0.1189087488, "eps": -0.81, "epsdiluted": -0.81, "weightedAverageShsOut": 776338000, "weightedAverageShsOutDil": 776338000, "link": "https://www.sec.gov/Archives/edgar/data/1703056/000170305621000020/0001703056-21-000020-index.htm", "finalLink": "https://www.sec.gov/Archives/edgar/data/1703056/000170305621000020/adt-20201231.htm", "calculatedOtherExpenses": 1905000000, "calculatedOperatingExpenses": 3628000000, "calculatedNetInterest": 189000, "calculatedOtherIncome": -949189000, "calculatedIncomeNonControlling": 0, "calculatedEbitda": 2084000000}, {"date": "2019-12-31", "symbol": "ADT", "reportedCurrency": "USD", "cik": "0001703056", "fillingDate": "2020-03-10", "acceptedDate": "2020-03-10 16:52:59", "calendarYear": "2019", "period": "FY", "revenue": 5126000000, "costOfRevenue": 1390000000, "grossProfit": 3736000000, "grossProfitRatio": 0.7288333984, "researchAndDevelopmentExpenses": 0, "generalAndAdministrativeExpenses": 1247000000, "sellingAndMarketingExpenses": 160000000, "sellingGeneralAndAdministrativeExpenses": 1407000000, "otherExpenses": 1989000000, "operatingExpenses": 3396000000, "costAndExpenses": 4786000000, "interestIncome": 619573000, "interestExpense": 620000000, "depreciationAndAmortization": 1989000000, "ebitda": 2334000000, "ebitdaratio": 0.4553257901, "operatingIncome": 345000000, "operatingIncomeRatio": 0.0673039407, "totalOtherIncomeExpensesNet": -867000000, "incomeBeforeTax": -522000000, "incomeBeforeTaxRatio": -0.1018337885, "incomeTaxExpense": -98000000, "netIncome": -424000000, "netIncomeRatio": -0.0827155677, "eps": -0.57, "epsdiluted": -0.57, "weightedAverageShsOut": 747238000, "weightedAverageShsOutDil": 747238000, "link": "https://www.sec.gov/Archives/edgar/data/1703056/000170305620000013/0001703056-20-000013-index.htm", "finalLink": "https://www.sec.gov/Archives/edgar/data/1703056/000170305620000013/adtinc10-k12x31x2019cl.htm", "calculatedOtherExpenses": 1984000000, "calculatedOperatingExpenses": 3391000000, "calculatedNetInterest": -427000, "calculatedOtherIncome": -866573000, "calculatedIncomeNonControlling": 0, "calculatedEbitda": 2334000000}, {"date": "2018-12-31", "symbol": "ADT", "reportedCurrency": "USD", "cik": "0001703056", "fillingDate": "2019-03-11", "acceptedDate": "2019-03-11 16:27:40", "calendarYear": "2018", "period": "FY", "revenue": 4582000000, "costOfRevenue": 1041000000, "grossProfit": 3541000000, "grossProfitRatio": 0.7728066347, "researchAndDevelopmentExpenses": 0, "generalAndAdministrativeExpenses": 1246950000, "sellingAndMarketingExpenses": 50000, "sellingGeneralAndAdministrativeExpenses": 1247000000, "otherExpenses": 28000000, "operatingExpenses": 3178000000, "costAndExpenses": 4219000000, "interestIncome": 0, "interestExpense": 663000000, "depreciationAndAmortization": 1931000000, "ebitda": 2321000000, "ebitdaratio": 0.5065473592, "operatingIncome": 278000000, "operatingIncomeRatio": 0.0606721955, "totalOtherIncomeExpensesNet": -332000000, "incomeBeforeTax": -633000000, "incomeBeforeTaxRatio": -0.1381492798, "incomeTaxExpense": -23000000, "netIncome": -609000000, "netIncomeRatio": -0.1329113924, "eps": -0.81, "epsdiluted": -0.81, "weightedAverageShsOut": 747710000, "weightedAverageShsOutDil": 747710000, "link": "https://www.sec.gov/Archives/edgar/data/1703056/000170305619000042/0001703056-19-000042-index.htm", "finalLink": "https://www.sec.gov/Archives/edgar/data/1703056/000170305619000042/adtinc10-k12x31x2018.htm", "calculatedOtherExpenses": 2016000000, "calculatedOperatingExpenses": 3263000000, "calculatedNetInterest": -663000000, "calculatedOtherIncome": -248000000, "calculatedIncomeNonControlling": -1000000, "calculatedEbitda": 2209000000}, {"date": "2017-12-31", "symbol": "ADT", "reportedCurrency": "USD", "cik": "0001703056", "fillingDate": "2018-03-15", "acceptedDate": "2018-03-15 16:59:09", "calendarYear": "2017", "period": "FY", "revenue": 4315000000, "costOfRevenue": 896000000, "grossProfit": 3419000000, "grossProfitRatio": 0.7923522596, "researchAndDevelopmentExpenses": 0, "generalAndAdministrativeExpenses": 1209200000, "sellingAndMarketingExpenses": -200000, "sellingGeneralAndAdministrativeExpenses": 1209000000, "otherExpenses": 29000000, "operatingExpenses": 3072000000, "costAndExpenses": 3968000000, "interestIncome": 0, "interestExpense": 733000000, "depreciationAndAmortization": 1863000000, "ebitda": 2239000000, "ebitdaratio": 0.5188876014, "operatingIncome": 282000000, "operatingIncomeRatio": 0.0653534183, "totalOtherIncomeExpensesNet": -36000000, "incomeBeforeTax": -422000000, "incomeBeforeTaxRatio": -0.0977983778, "incomeTaxExpense": -764000000, "netIncome": 343000000, "netIncomeRatio": 0.0794901506, "eps": 0.46, "epsdiluted": 0.46, "weightedAverageShsOut": 748949378, "weightedAverageShsOutDil": 748949378, "link": "https://www.sec.gov/Archives/edgar/data/1703056/000170305618000008/0001703056-18-000008-index.htm", "finalLink": "https://www.sec.gov/Archives/edgar/data/1703056/000170305618000008/adtinc10-k12x31x2017.htm", "calculatedOtherExpenses": 1928000000, "calculatedOperatingExpenses": 3137000000, "calculatedNetInterest": -733000000, "calculatedOtherIncome": 29000000, "calculatedIncomeNonControlling": -1000000, "calculatedEbitda": 2145000000}, {"date": "2016-12-31", "symbol": "ADT", "reportedCurrency": "USD", "cik": "0001703056", "fillingDate": "2016-12-31", "acceptedDate": "2016-12-30 19:00:00", "calendarYear": "2016", "period": "FY", "revenue": 2949766000, "costOfRevenue": 693430000, "grossProfit": 2256336000, "grossProfitRatio": 0.7649203361, "researchAndDevelopmentExpenses": 0, "generalAndAdministrativeExpenses": 858896000, "sellingAndMarketingExpenses": 0, "sellingGeneralAndAdministrativeExpenses": 858896000, "otherExpenses": -51932000, "operatingExpenses": 2091863000, "costAndExpenses": 2785293000, "interestIncome": 0, "interestExpense": 521491000, "depreciationAndAmortization": 1232967000, "ebitda": 1345508000, "ebitdaratio": 0.4561405888, "operatingIncome": -229315000, "operatingIncomeRatio": -0.0777400648, "totalOtherIncomeExpensesNet": -445720000, "incomeBeforeTax": -802738000, "incomeBeforeTaxRatio": -0.2721361627, "incomeTaxExpense": -266151000, "netIncome": -536587000, "netIncomeRatio": -0.1819083276, "eps": -0.77, "epsdiluted": -0.77, "weightedAverageShsOut": 694632000, "weightedAverageShsOutDil": 694632000, "link": "", "finalLink": "", "calculatedOtherExpenses": 1626755000, "calculatedOperatingExpenses": 2485651000, "calculatedNetInterest": -521491000, "calculatedOtherIncome": -51932000, "calculatedIncomeNonControlling": 0, "calculatedEbitda": 1003652000}, {"date": "2015-12-31", "symbol": "ADT", "reportedCurrency": "USD", "cik": "0001703056", "fillingDate": "2015-12-31", "acceptedDate": "2015-12-30 19:00:00", "calendarYear": "2015", "period": "FY", "revenue": 549276000, "costOfRevenue": 249112000, "grossProfit": 300164000, "grossProfitRatio": 0.5464720833, "researchAndDevelopmentExpenses": 0, "generalAndAdministrativeExpenses": 159111000, "sellingAndMarketingExpenses": 0, "sellingGeneralAndAdministrativeExpenses": 159111000, "otherExpenses": 656000, "operatingExpenses": 284309000, "costAndExpenses": 533421000, "interestIncome": 0, "interestExpense": 74298000, "depreciationAndAmortization": 125198000, "ebitda": 141709000, "ebitdaratio": 0.257992339, "operatingIncome": -28542000, "operatingIncomeRatio": -0.0519629476, "totalOtherIncomeExpensesNet": -43741000, "incomeBeforeTax": -102184000, "incomeBeforeTaxRatio": -0.1860339793, "incomeTaxExpense": -29340000, "netIncome": -72844000, "netIncomeRatio": -0.1326182102, "eps": -0.1, "epsdiluted": -0.1, "weightedAverageShsOut": 694632000, "weightedAverageShsOutDil": 694632000, "link": "", "finalLink": "", "calculatedOtherExpenses": 169595000, "calculatedOperatingExpenses": 328706000, "calculatedNetInterest": -74298000, "calculatedOtherIncome": 656000, "calculatedIncomeNonControlling": 0, "calculatedEbitda": 96656000}, {"date": "2014-12-31", "symbol": "ADT", "reportedCurrency": "USD", "cik": "0001703056", "fillingDate": "2014-12-31", "acceptedDate": "2014-12-30 19:00:00", "calendarYear": "2014", "period": "FY", "revenue": 466557000, "costOfRevenue": 200054000, "grossProfit": 266503000, "grossProfitRatio": 0.571212092, "researchAndDevelopmentExpenses": 0, "generalAndAdministrativeExpenses": 134299000, "sellingAndMarketingExpenses": 0, "sellingGeneralAndAdministrativeExpenses": 134299000, "otherExpenses": 1087000, "operatingExpenses": 213949000, "costAndExpenses": 414003000, "interestIncome": 0, "interestExpense": 59329000, "depreciationAndAmortization": 79650000, "ebitda": 133291000, "ebitdaratio": 0.2856907087, "operatingIncome": 42302000, "operatingIncomeRatio": 0.0906684499, "totalOtherIncomeExpensesNet": -9165000, "incomeBeforeTax": -15940000, "incomeBeforeTaxRatio": -0.0341651717, "incomeTaxExpense": 2548000, "netIncome": -18488000, "netIncomeRatio": -0.0396264551, "eps": -0.0266, "epsdiluted": -0.0266, "weightedAverageShsOut": 694632000, "weightedAverageShsOutDil": 694632000, "link": "", "finalLink": "", "calculatedOtherExpenses": 89902000, "calculatedOperatingExpenses": 224201000, "calculatedNetInterest": -59329000, "calculatedOtherIncome": 1087000, "calculatedIncomeNonControlling": 0, "calculatedEbitda": 121952000}]}