{"originalCurrency": "USD", "convertedCurrency": "USD", "report": [{"date": "2023-12-31", "symbol": "AEIS", "reportedCurrency": "USD", "cik": "0000927003", "fillingDate": "2024-02-20", "acceptedDate": "2024-02-20 08:25:29", "calendarYear": "2023", "period": "FY", "revenue": 1655810000, "costOfRevenue": 1127373000, "grossProfit": 528437000, "grossProfitRatio": 0.319141085, "researchAndDevelopmentExpenses": 202439000, "generalAndAdministrativeExpenses": 0, "sellingAndMarketingExpenses": 0, "sellingGeneralAndAdministrativeExpenses": 178540000, "otherExpenses": -1759000, "operatingExpenses": 380979000, "costAndExpenses": 1508352000, "interestIncome": 27092000, "interestExpense": 33082000, "depreciationAndAmortization": 66533000, "ebitda": 213991000, "ebitdaratio": 0.1292364462, "operatingIncome": 147458000, "operatingIncomeRatio": 0.0890549036, "totalOtherIncomeExpensesNet": -24997000, "incomeBeforeTax": 122461000, "incomeBeforeTaxRatio": 0.0739583648, "incomeTaxExpense": -8288000, "netIncome": 128284000, "netIncomeRatio": 0.0774750726, "eps": 3.42, "epsdiluted": 3.4, "weightedAverageShsOut": 37480000, "weightedAverageShsOutDil": 37750000, "link": "https://www.sec.gov/Archives/edgar/data/927003/000092700324000003/0000927003-24-000003-index.htm", "finalLink": "https://www.sec.gov/Archives/edgar/data/927003/000092700324000003/aeis-20231231x10k.htm", "calculatedOtherExpenses": 0, "calculatedOperatingExpenses": 380979000, "calculatedNetInterest": -5990000, "calculatedOtherIncome": -19007000, "calculatedIncomeNonControlling": 2465000, "calculatedEbitda": 213991000}, {"date": "2022-12-31", "symbol": "AEIS", "reportedCurrency": "USD", "cik": "0000927003", "fillingDate": "2023-02-17", "acceptedDate": "2023-02-17 11:40:16", "calendarYear": "2022", "period": "FY", "revenue": 1845422000, "costOfRevenue": 1169916000, "grossProfit": 675506000, "grossProfitRatio": 0.3660441894, "researchAndDevelopmentExpenses": 191020000, "generalAndAdministrativeExpenses": 0, "sellingAndMarketingExpenses": 0, "sellingGeneralAndAdministrativeExpenses": 218463000, "otherExpenses": 26114000, "operatingExpenses": 435597000, "costAndExpenses": 1605513000, "interestIncome": 4147000, "interestExpense": 7213000, "depreciationAndAmortization": 73924000, "ebitda": 307019000, "ebitdaratio": 0.1663679093, "operatingIncome": 233095000, "operatingIncomeRatio": 0.126309863, "totalOtherIncomeExpensesNet": 8646000, "incomeBeforeTax": 241741000, "incomeBeforeTaxRatio": 0.1309949703, "incomeTaxExpense": 39850000, "netIncome": 199660000, "netIncomeRatio": 0.1081920558, "eps": 5.33, "epsdiluted": 5.29, "weightedAverageShsOut": 37463000, "weightedAverageShsOutDil": 37721000, "link": "https://www.sec.gov/Archives/edgar/data/927003/000155837023001498/0001558370-23-001498-index.htm", "finalLink": "https://www.sec.gov/Archives/edgar/data/927003/000155837023001498/aeis-20221231x10k.htm", "calculatedOtherExpenses": 32928000, "calculatedOperatingExpenses": 442411000, "calculatedNetInterest": -3066000, "calculatedOtherIncome": 11712000, "calculatedIncomeNonControlling": 2231000, "calculatedEbitda": 307019000}, {"date": "2021-12-31", "symbol": "AEIS", "reportedCurrency": "USD", "cik": "0000927003", "fillingDate": "2022-03-16", "acceptedDate": "2022-03-16 08:01:49", "calendarYear": "2021", "period": "FY", "revenue": 1455954000, "costOfRevenue": 923632000, "grossProfit": 532322000, "grossProfitRatio": 0.3656173203, "researchAndDevelopmentExpenses": 161831000, "generalAndAdministrativeExpenses": 0, "sellingAndMarketingExpenses": 0, "sellingGeneralAndAdministrativeExpenses": 191998000, "otherExpenses": 22060000, "operatingExpenses": 375889000, "costAndExpenses": 1299521000, "interestIncome": 454000, "interestExpense": 4959000, "depreciationAndAmortization": 62397000, "ebitda": 214078000, "ebitdaratio": 0.1470362388, "operatingIncome": 151681000, "operatingIncomeRatio": 0.1041798024, "totalOtherIncomeExpensesNet": -2970000, "incomeBeforeTax": 148711000, "incomeBeforeTaxRatio": 0.1021399028, "incomeTaxExpense": 14004000, "netIncome": 134736000, "netIncomeRatio": 0.0925413852, "eps": 3.53, "epsdiluted": 3.51, "weightedAverageShsOut": 38143000, "weightedAverageShsOutDil": 38355000, "link": "https://www.sec.gov/Archives/edgar/data/927003/000155837022003725/0001558370-22-003725-index.htm", "finalLink": "https://www.sec.gov/Archives/edgar/data/927003/000155837022003725/aeis-20211231x10k.htm", "calculatedOtherExpenses": 26812000, "calculatedOperatingExpenses": 380641000, "calculatedNetInterest": -4505000, "calculatedOtherIncome": 1535000, "calculatedIncomeNonControlling": -29000, "calculatedEbitda": 214078000}, {"date": "2020-12-31", "symbol": "AEIS", "reportedCurrency": "USD", "cik": "0000927003", "fillingDate": "2021-02-24", "acceptedDate": "2021-02-23 19:46:24", "calendarYear": "2020", "period": "FY", "revenue": 1415826000, "costOfRevenue": 873957000, "grossProfit": 541869000, "grossProfitRatio": 0.382722877, "researchAndDevelopmentExpenses": 143961000, "generalAndAdministrativeExpenses": 0, "sellingAndMarketingExpenses": 0, "sellingGeneralAndAdministrativeExpenses": 188590000, "otherExpenses": 20129000, "operatingExpenses": 352680000, "costAndExpenses": 1226637000, "interestIncome": 5752000, "interestExpense": 5752000, "depreciationAndAmortization": 74102000, "ebitda": 250125000, "ebitdaratio": 0.1766636578, "operatingIncome": 176023000, "operatingIncomeRatio": 0.1243253055, "totalOtherIncomeExpensesNet": -17876000, "incomeBeforeTax": 158147000, "incomeBeforeTaxRatio": 0.1116994602, "incomeTaxExpense": 22996000, "netIncome": 134675000, "netIncomeRatio": 0.0951211519, "eps": 3.52, "epsdiluted": 3.49, "weightedAverageShsOut": 38314000, "weightedAverageShsOutDil": 38542000, "link": "https://www.sec.gov/Archives/edgar/data/927003/000155837021001513/0001558370-21-001513-index.htm", "finalLink": "https://www.sec.gov/Archives/edgar/data/927003/000155837021001513/aeis-20201231x10k.htm", "calculatedOtherExpenses": 33295000, "calculatedOperatingExpenses": 365846000, "calculatedNetInterest": 0, "calculatedOtherIncome": -17876000, "calculatedIncomeNonControlling": 476000, "calculatedEbitda": 250125000}, {"date": "2019-12-31", "symbol": "AEIS", "reportedCurrency": "USD", "cik": "0000927003", "fillingDate": "2020-03-02", "acceptedDate": "2020-03-02 16:19:58", "calendarYear": "2019", "period": "FY", "revenue": 788948000, "costOfRevenue": 473296000, "grossProfit": 315652000, "grossProfitRatio": 0.4000922748, "researchAndDevelopmentExpenses": 101503000, "generalAndAdministrativeExpenses": 0, "sellingAndMarketingExpenses": 0, "sellingGeneralAndAdministrativeExpenses": 142555000, "otherExpenses": 12168000, "operatingExpenses": 256226000, "costAndExpenses": 729522000, "interestIncome": 3416000, "interestExpense": 3416000, "depreciationAndAmortization": 36223000, "ebitda": 90611000, "ebitdaratio": 0.1148504084, "operatingIncome": 54388000, "operatingIncomeRatio": 0.0689373698, "totalOtherIncomeExpensesNet": 12806000, "incomeBeforeTax": 67194000, "incomeBeforeTaxRatio": 0.0851691113, "incomeTaxExpense": 10699000, "netIncome": 64941000, "netIncomeRatio": 0.0823134098, "eps": 1.7, "epsdiluted": 1.69, "weightedAverageShsOut": 38281000, "weightedAverageShsOutDil": 38495000, "link": "https://www.sec.gov/Archives/edgar/data/927003/000155837020001892/0001558370-20-001892-index.htm", "finalLink": "https://www.sec.gov/Archives/edgar/data/927003/000155837020001892/aeis-20191231x10k136eb2.htm", "calculatedOtherExpenses": 17206000, "calculatedOperatingExpenses": 261264000, "calculatedNetInterest": 0, "calculatedOtherIncome": 12806000, "calculatedIncomeNonControlling": -8446000, "calculatedEbitda": 90611000}, {"date": "2018-12-31", "symbol": "AEIS", "reportedCurrency": "USD", "cik": "0000927003", "fillingDate": "2019-02-21", "acceptedDate": "2019-02-21 17:27:04", "calendarYear": "2018", "period": "FY", "revenue": 718892000, "costOfRevenue": 353285000, "grossProfit": 365607000, "grossProfitRatio": 0.5085701329, "researchAndDevelopmentExpenses": 76008000, "generalAndAdministrativeExpenses": 0, "sellingAndMarketingExpenses": 0, "sellingGeneralAndAdministrativeExpenses": 108033000, "otherExpenses": 823000, "operatingExpenses": 189815000, "costAndExpenses": 543100000, "interestIncome": 0, "interestExpense": 0, "depreciationAndAmortization": 13592000, "ebitda": 193623000, "ebitdaratio": 0.2693353104, "operatingIncome": 171553000, "operatingIncomeRatio": 0.2386352887, "totalOtherIncomeExpensesNet": -3416000, "incomeBeforeTax": 172376000, "incomeBeforeTaxRatio": 0.2397801061, "incomeTaxExpense": 25227000, "netIncome": 147025000, "netIncomeRatio": 0.2045161165, "eps": 3.76, "epsdiluted": 3.74, "weightedAverageShsOut": 39081000, "weightedAverageShsOutDil": 39352000, "link": "https://www.sec.gov/Archives/edgar/data/927003/000092700319000007/0000927003-19-000007-index.htm", "finalLink": "https://www.sec.gov/Archives/edgar/data/927003/000092700319000007/aeis10k2018.htm", "calculatedOtherExpenses": 10013000, "calculatedOperatingExpenses": 194054000, "calculatedNetInterest": 0, "calculatedOtherIncome": 823000, "calculatedIncomeNonControlling": 124000, "calculatedEbitda": 185145000}, {"date": "2017-12-31", "symbol": "AEIS", "reportedCurrency": "USD", "cik": "0000927003", "fillingDate": "2018-02-15", "acceptedDate": "2018-02-15 17:30:41", "calendarYear": "2017", "period": "FY", "revenue": 671012000, "costOfRevenue": 314631000, "grossProfit": 356381000, "grossProfitRatio": 0.5311097268, "researchAndDevelopmentExpenses": 57999000, "generalAndAdministrativeExpenses": 0, "sellingAndMarketingExpenses": 0, "sellingGeneralAndAdministrativeExpenses": 93262000, "otherExpenses": -2579000, "operatingExpenses": 155611000, "costAndExpenses": 470242000, "interestIncome": 0, "interestExpense": 0, "depreciationAndAmortization": 9424000, "ebitda": 210194000, "ebitdaratio": 0.3132492414, "operatingIncome": 200770000, "operatingIncomeRatio": 0.2992047832, "totalOtherIncomeExpensesNet": -2579000, "incomeBeforeTax": 198191000, "incomeBeforeTaxRatio": 0.2953613348, "incomeTaxExpense": 62090000, "netIncome": 137861000, "netIncomeRatio": 0.2054523615, "eps": 3.47, "epsdiluted": 3.43, "weightedAverageShsOut": 39754000, "weightedAverageShsOutDil": 40176000, "link": "https://www.sec.gov/Archives/edgar/data/927003/000092700318000005/0000927003-18-000005-index.htm", "finalLink": "https://www.sec.gov/Archives/edgar/data/927003/000092700318000005/aeis10k2017.htm", "calculatedOtherExpenses": 4350000, "calculatedOperatingExpenses": 155611000, "calculatedNetInterest": 0, "calculatedOtherIncome": -2579000, "calculatedIncomeNonControlling": -1760000, "calculatedEbitda": 210194000}, {"date": "2016-12-31", "symbol": "AEIS", "reportedCurrency": "USD", "cik": "0000927003", "fillingDate": "2017-02-24", "acceptedDate": "2017-02-23 20:11:45", "calendarYear": "2016", "period": "FY", "revenue": 483704000, "costOfRevenue": 230557000, "grossProfit": 253147000, "grossProfitRatio": 0.5233510577, "researchAndDevelopmentExpenses": 44445000, "generalAndAdministrativeExpenses": 0, "sellingAndMarketingExpenses": 0, "sellingGeneralAndAdministrativeExpenses": 77678000, "otherExpenses": 1219000, "operatingExpenses": 126290000, "costAndExpenses": 356847000, "interestIncome": 0, "interestExpense": 0, "depreciationAndAmortization": 7813000, "ebitda": 134670000, "ebitdaratio": 0.2784140714, "operatingIncome": 126857000, "operatingIncomeRatio": 0.2622616311, "totalOtherIncomeExpensesNet": 1219000, "incomeBeforeTax": 128076000, "incomeBeforeTaxRatio": 0.2647817674, "incomeTaxExpense": 11128000, "netIncome": 127454000, "netIncomeRatio": 0.263495857, "eps": 3.21, "epsdiluted": 3.18, "weightedAverageShsOut": 39720000, "weightedAverageShsOutDil": 40031000, "link": "https://www.sec.gov/Archives/edgar/data/927003/000092700317000010/0000927003-17-000010-index.htm", "finalLink": "https://www.sec.gov/Archives/edgar/data/927003/000092700317000010/aeis10k2016.htm", "calculatedOtherExpenses": 4167000, "calculatedOperatingExpenses": 126290000, "calculatedNetInterest": 0, "calculatedOtherIncome": 1219000, "calculatedIncomeNonControlling": -10506000, "calculatedEbitda": 134670000}, {"date": "2015-12-31", "symbol": "AEIS", "reportedCurrency": "USD", "cik": "0000927003", "fillingDate": "2016-02-25", "acceptedDate": "2016-02-25 16:55:59", "calendarYear": "2015", "period": "FY", "revenue": 414811000, "costOfRevenue": 197941000, "grossProfit": 216870000, "grossProfitRatio": 0.5228164152, "researchAndDevelopmentExpenses": 39551000, "generalAndAdministrativeExpenses": 0, "sellingAndMarketingExpenses": 0, "sellingGeneralAndAdministrativeExpenses": 66097000, "otherExpenses": -1214000, "operatingExpenses": 110016000, "costAndExpenses": 307957000, "interestIncome": -880000, "interestExpense": 880000, "depreciationAndAmortization": 4368000, "ebitda": 111420000, "ebitdaratio": 0.2686042559, "operatingIncome": 106656000, "operatingIncomeRatio": 0.2571195074, "totalOtherIncomeExpensesNet": -1412000, "incomeBeforeTax": 105442000, "incomeBeforeTaxRatio": 0.2541928734, "incomeTaxExpense": 21960000, "netIncome": -158486000, "netIncomeRatio": -0.3820679779, "eps": -3.89, "epsdiluted": -3.86, "weightedAverageShsOut": 40746000, "weightedAverageShsOutDil": 41077000, "link": "https://www.sec.gov/Archives/edgar/data/927003/000092700316000094/0000927003-16-000094-index.htm", "finalLink": "https://www.sec.gov/Archives/edgar/data/927003/000092700316000094/aeis10k2015.htm", "calculatedOtherExpenses": 4566000, "calculatedOperatingExpenses": 110214000, "calculatedNetInterest": -1760000, "calculatedOtherIncome": 546000, "calculatedIncomeNonControlling": 241968000, "calculatedEbitda": 111024000}, {"date": "2014-12-31", "symbol": "AEIS", "reportedCurrency": "USD", "cik": "0000927003", "fillingDate": "2015-02-26", "acceptedDate": "2015-02-26 16:43:14", "calendarYear": "2014", "period": "FY", "revenue": 583098000, "costOfRevenue": 389069000, "grossProfit": 194029000, "grossProfitRatio": 0.3327553859, "researchAndDevelopmentExpenses": 59032000, "generalAndAdministrativeExpenses": 0, "sellingAndMarketingExpenses": 0, "sellingGeneralAndAdministrativeExpenses": 83852000, "otherExpenses": -745000, "operatingExpenses": 151250000, "costAndExpenses": 540319000, "interestIncome": -230000, "interestExpense": 230000, "depreciationAndAmortization": 8366000, "ebitda": 53501000, "ebitdaratio": 0.0917530158, "operatingIncome": 40423000, "operatingIncomeRatio": 0.0693245389, "totalOtherIncomeExpensesNet": -3101000, "incomeBeforeTax": 39678000, "incomeBeforeTaxRatio": 0.0680468806, "incomeTaxExpense": -7304000, "netIncome": 46982000, "netIncomeRatio": 0.0805730769, "eps": 1.16, "epsdiluted": 1.14, "weightedAverageShsOut": 40420000, "weightedAverageShsOutDil": 41034000, "link": "https://www.sec.gov/Archives/edgar/data/927003/000092700315000012/0000927003-15-000012-index.htm", "finalLink": "https://www.sec.gov/Archives/edgar/data/927003/000092700315000012/aeis10k2014.htm", "calculatedOtherExpenses": 10722000, "calculatedOperatingExpenses": 153606000, "calculatedNetInterest": -460000, "calculatedOtherIncome": -285000, "calculatedIncomeNonControlling": 0, "calculatedEbitda": 48789000}, {"date": "2013-12-31", "symbol": "AEIS", "reportedCurrency": "USD", "cik": "0000927003", "fillingDate": "2014-03-03", "acceptedDate": "2014-03-03 16:20:23", "calendarYear": "2013", "period": "FY", "revenue": 547004000, "costOfRevenue": 336868000, "grossProfit": 210136000, "grossProfitRatio": 0.3841580683, "researchAndDevelopmentExpenses": 58314000, "generalAndAdministrativeExpenses": 0, "sellingAndMarketingExpenses": 0, "sellingGeneralAndAdministrativeExpenses": 84662000, "otherExpenses": -339000, "operatingExpenses": 149118000, "costAndExpenses": 485986000, "interestIncome": -320000, "interestExpense": 320000, "depreciationAndAmortization": 6142000, "ebitda": 113555000, "ebitdaratio": 0.20759446, "operatingIncome": 14623000, "operatingIncomeRatio": 0.0267328941, "totalOtherIncomeExpensesNet": -46734000, "incomeBeforeTax": 14284000, "incomeBeforeTaxRatio": 0.0261131546, "incomeTaxExpense": -17802000, "netIncome": 32086000, "netIncomeRatio": 0.0586577063, "eps": 0.81, "epsdiluted": 0.79, "weightedAverageShsOut": 39597000, "weightedAverageShsOutDil": 40667000, "link": "https://www.sec.gov/Archives/edgar/data/927003/000092700314000012/0000927003-14-000012-index.htm", "finalLink": "https://www.sec.gov/Archives/edgar/data/927003/000092700314000012/aeis10k2013master.htm", "calculatedOtherExpenses": 52537000, "calculatedOperatingExpenses": 195513000, "calculatedNetInterest": -640000, "calculatedOtherIncome": 301000, "calculatedIncomeNonControlling": 0, "calculatedEbitda": 20765000}, {"date": "2012-12-31", "symbol": "AEIS", "reportedCurrency": "USD", "cik": "0000927003", "fillingDate": "2013-03-06", "acceptedDate": "2013-03-05 20:47:02", "calendarYear": "2012", "period": "FY", "revenue": 451931000, "costOfRevenue": 284185000, "grossProfit": 167746000, "grossProfitRatio": 0.3711761309, "researchAndDevelopmentExpenses": 58076000, "generalAndAdministrativeExpenses": 0, "sellingAndMarketingExpenses": 0, "sellingGeneralAndAdministrativeExpenses": 69127000, "otherExpenses": 2432000, "operatingExpenses": 132899000, "costAndExpenses": 417084000, "interestIncome": 607000, "interestExpense": 607000, "depreciationAndAmortization": 5696000, "ebitda": 48016000, "ebitdaratio": 0.1062463075, "operatingIncome": 27374000, "operatingIncomeRatio": 0.0605711934, "totalOtherIncomeExpensesNet": -5041000, "incomeBeforeTax": 29806000, "incomeBeforeTaxRatio": 0.0659525459, "incomeTaxExpense": 9630000, "netIncome": 20581000, "netIncomeRatio": 0.0455401378, "eps": 0.53, "epsdiluted": 0.52, "weightedAverageShsOut": 38879000, "weightedAverageShsOutDil": 39447000, "link": "https://www.sec.gov/Archives/edgar/data/927003/000092700313000007/0000927003-13-000007-index.htm", "finalLink": "https://www.sec.gov/Archives/edgar/data/927003/000092700313000007/aeis10k2012master.htm", "calculatedOtherExpenses": 13169000, "calculatedOperatingExpenses": 140372000, "calculatedNetInterest": 0, "calculatedOtherIncome": 2432000, "calculatedIncomeNonControlling": -405000, "calculatedEbitda": 33070000}, {"date": "2011-12-31", "symbol": "AEIS", "reportedCurrency": "USD", "cik": "0000927003", "fillingDate": "2012-03-02", "acceptedDate": "2012-03-02 17:25:28", "calendarYear": "2011", "period": "FY", "revenue": 516799000, "costOfRevenue": 311642000, "grossProfit": 205157000, "grossProfitRatio": 0.3969763873, "researchAndDevelopmentExpenses": 64984000, "generalAndAdministrativeExpenses": 0, "sellingAndMarketingExpenses": 0, "sellingGeneralAndAdministrativeExpenses": 79722000, "otherExpenses": 3852000, "operatingExpenses": 148558000, "costAndExpenses": 460200000, "interestIncome": 169000, "interestExpense": 169000, "depreciationAndAmortization": 3852000, "ebitda": 66582000, "ebitdaratio": 0.1288353886, "operatingIncome": 49251000, "operatingIncomeRatio": 0.095300107, "totalOtherIncomeExpensesNet": -6131000, "incomeBeforeTax": 50468000, "incomeBeforeTaxRatio": 0.0976549877, "incomeTaxExpense": 13614000, "netIncome": 36314000, "netIncomeRatio": 0.0702671638, "eps": 0.84, "epsdiluted": 0.83, "weightedAverageShsOut": 43465000, "weightedAverageShsOutDil": 43954000, "link": "https://www.sec.gov/Archives/edgar/data/927003/000144530512000575/0001445305-12-000575-index.htm", "finalLink": "https://www.sec.gov/Archives/edgar/data/927003/000144530512000575/aeis10k2011.htm", "calculatedOtherExpenses": 11200000, "calculatedOperatingExpenses": 155906000, "calculatedNetInterest": 0, "calculatedOtherIncome": 1217000, "calculatedIncomeNonControlling": 540000, "calculatedEbitda": 53103000}, {"date": "2010-12-31", "symbol": "AEIS", "reportedCurrency": "USD", "cik": "0000927003", "fillingDate": "2011-03-02", "acceptedDate": "2011-03-02 14:54:45", "calendarYear": "2010", "period": "FY", "revenue": 459414000, "costOfRevenue": 260215000, "grossProfit": 199199000, "grossProfitRatio": 0.433593665, "researchAndDevelopmentExpenses": 56604000, "generalAndAdministrativeExpenses": 0, "sellingAndMarketingExpenses": 0, "sellingGeneralAndAdministrativeExpenses": 74543000, "otherExpenses": 2864000, "operatingExpenses": 134011000, "costAndExpenses": 394226000, "interestIncome": 539000, "interestExpense": 539000, "depreciationAndAmortization": 2864000, "ebitda": 65831000, "ebitdaratio": 0.1432934129, "operatingIncome": 65188000, "operatingIncomeRatio": 0.1418938038, "totalOtherIncomeExpensesNet": 2221000, "incomeBeforeTax": 67409000, "incomeBeforeTaxRatio": 0.1467282233, "incomeTaxExpense": 13816000, "netIncome": 71192000, "netIncomeRatio": 0.1549626263, "eps": 1.66, "epsdiluted": 1.64, "weightedAverageShsOut": 42862000, "weightedAverageShsOutDil": 43419000, "link": "https://www.sec.gov/Archives/edgar/data/927003/000095012311021198/0000950123-11-021198-index.htm", "finalLink": "https://www.sec.gov/Archives/edgar/data/927003/000095012311021198/d79941e10vk.htm", "calculatedOtherExpenses": 2864000, "calculatedOperatingExpenses": 134011000, "calculatedNetInterest": 0, "calculatedOtherIncome": 2221000, "calculatedIncomeNonControlling": -17599000, "calculatedEbitda": 68052000}, {"date": "2009-12-31", "symbol": "AEIS", "reportedCurrency": "USD", "cik": "0000927003", "fillingDate": "2010-02-26", "acceptedDate": "2010-02-26 17:27:12", "calendarYear": "2009", "period": "FY", "revenue": 186395000, "costOfRevenue": 132028000, "grossProfit": 54367000, "grossProfitRatio": 0.2916762789, "researchAndDevelopmentExpenses": 43262000, "generalAndAdministrativeExpenses": 0, "sellingAndMarketingExpenses": 0, "sellingGeneralAndAdministrativeExpenses": 41484000, "otherExpenses": 613000, "operatingExpenses": 85359000, "costAndExpenses": 217387000, "interestIncome": 1371000, "interestExpense": 1371000, "depreciationAndAmortization": 613000, "ebitda": 37257000, "ebitdaratio": 0.1998819711, "operatingIncome": -98628000, "operatingIncomeRatio": -0.5291343652, "totalOtherIncomeExpensesNet": -67636000, "incomeBeforeTax": -96718000, "incomeBeforeTaxRatio": -0.5188873092, "incomeTaxExpense": 5987000, "netIncome": -102705000, "netIncomeRatio": -0.5510072695, "eps": -2.45, "epsdiluted": -2.45, "weightedAverageShsOut": 41966000, "weightedAverageShsOutDil": 41966000, "link": "https://www.sec.gov/Archives/edgar/data/927003/000095012310018413/0000950123-10-018413-index.htm", "finalLink": "https://www.sec.gov/Archives/edgar/data/927003/000095012310018413/d71230e10vk.htm", "calculatedOtherExpenses": 68249000, "calculatedOperatingExpenses": 152995000, "calculatedNetInterest": 0, "calculatedOtherIncome": 1910000, "calculatedIncomeNonControlling": 0, "calculatedEbitda": -98015000}, {"date": "2008-12-31", "symbol": "AEIS", "reportedCurrency": "USD", "cik": "0000927003", "fillingDate": "2009-02-27", "acceptedDate": "2009-02-27 12:36:16", "calendarYear": "2008", "period": "FY", "revenue": 328918000, "costOfRevenue": 204136000, "grossProfit": 124782000, "grossProfitRatio": 0.3793711503, "researchAndDevelopmentExpenses": 54952000, "generalAndAdministrativeExpenses": 0, "sellingAndMarketingExpenses": 0, "sellingGeneralAndAdministrativeExpenses": 52273000, "otherExpenses": 946000, "operatingExpenses": 108171000, "costAndExpenses": 312307000, "interestIncome": 4955000, "interestExpense": 4955000, "depreciationAndAmortization": 946000, "ebitda": 18161000, "ebitdaratio": 0.0552143695, "operatingIncome": 13124000, "operatingIncomeRatio": 0.0399005223, "totalOtherIncomeExpensesNet": -604000, "incomeBeforeTax": 16007000, "incomeBeforeTaxRatio": 0.0486656249, "incomeTaxExpense": 17786000, "netIncome": -1779000, "netIncomeRatio": -0.0054086429, "eps": -0.0418, "epsdiluted": -0.0418, "weightedAverageShsOut": 42537000, "weightedAverageShsOutDil": 42537000, "link": "https://www.sec.gov/Archives/edgar/data/927003/000095013409003964/0000950134-09-003964-index.htm", "finalLink": "https://www.sec.gov/Archives/edgar/data/927003/000095013409003964/d66556e10vk.htm", "calculatedOtherExpenses": 4433000, "calculatedOperatingExpenses": 111658000, "calculatedNetInterest": 0, "calculatedOtherIncome": 2883000, "calculatedIncomeNonControlling": 0, "calculatedEbitda": 14070000}, {"date": "2007-12-31", "symbol": "AEIS", "reportedCurrency": "USD", "cik": "0000927003", "fillingDate": "2008-03-18", "acceptedDate": "2008-03-18 12:22:27", "calendarYear": "2007", "period": "FY", "revenue": 384699000, "costOfRevenue": 221890000, "grossProfit": 162809000, "grossProfitRatio": 0.4232113938, "researchAndDevelopmentExpenses": 50393000, "generalAndAdministrativeExpenses": 0, "sellingAndMarketingExpenses": 0, "sellingGeneralAndAdministrativeExpenses": 63189000, "otherExpenses": 116869000, "operatingExpenses": 113582000, "costAndExpenses": 335472000, "interestIncome": 0, "interestExpense": 0, "depreciationAndAmortization": 12218000, "ebitda": 66174000, "ebitdaratio": 0.1720150039, "operatingIncome": 45940000, "operatingIncomeRatio": 0.1194180385, "totalOtherIncomeExpensesNet": -4729000, "incomeBeforeTax": 50750000, "incomeBeforeTaxRatio": 0.1319213203, "incomeTaxExpense": 16389000, "netIncome": 34361000, "netIncomeRatio": 0.089319182, "eps": 0.76, "epsdiluted": 0.75, "weightedAverageShsOut": 45156000, "weightedAverageShsOutDil": 45704000, "link": "https://www.sec.gov/Archives/edgar/data/927003/000103570408000124/0001035704-08-000124-index.htm", "finalLink": "https://www.sec.gov/Archives/edgar/data/927003/000103570408000124/d54984e10vk.htm", "calculatedOtherExpenses": 3287000, "calculatedOperatingExpenses": 116869000, "calculatedNetInterest": 0, "calculatedOtherIncome": 4810000, "calculatedIncomeNonControlling": 0, "calculatedEbitda": 58158000}, {"date": "2006-12-31", "symbol": "AEIS", "reportedCurrency": "USD", "cik": "0000927003", "fillingDate": "2007-02-20", "acceptedDate": "2007-02-16 17:49:07", "calendarYear": "2006", "period": "FY", "revenue": 410742000, "costOfRevenue": 235524000, "grossProfit": 175218000, "grossProfitRatio": 0.4265889536, "researchAndDevelopmentExpenses": 44848000, "generalAndAdministrativeExpenses": 0, "sellingAndMarketingExpenses": 0, "sellingGeneralAndAdministrativeExpenses": 62870000, "otherExpenses": 107829000, "operatingExpenses": 107718000, "costAndExpenses": 343242000, "interestIncome": 0, "interestExpense": 0, "depreciationAndAmortization": 16451000, "ebitda": 82632000, "ebitdaratio": 0.2011773814, "operatingIncome": 67389000, "operatingIncomeRatio": 0.1640664943, "totalOtherIncomeExpensesNet": 1319000, "incomeBeforeTax": 72066000, "incomeBeforeTaxRatio": 0.1754532042, "incomeTaxExpense": -15118000, "netIncome": 88322000, "netIncomeRatio": 0.2150303597, "eps": 1.98, "epsdiluted": 1.95, "weightedAverageShsOut": 44721000, "weightedAverageShsOutDil": 45265000, "link": "https://www.sec.gov/Archives/edgar/data/927003/000103570407000162/0001035704-07-000162-index.htm", "finalLink": "https://www.sec.gov/Archives/edgar/data/927003/000103570407000162/d43302e10vk.htm", "calculatedOtherExpenses": 111000, "calculatedOperatingExpenses": 107829000, "calculatedNetInterest": 0, "calculatedOtherIncome": 4677000, "calculatedIncomeNonControlling": -1138000, "calculatedEbitda": 83840000}, {"date": "2005-12-31", "symbol": "AEIS", "reportedCurrency": "USD", "cik": "0000927003", "fillingDate": "2006-03-28", "acceptedDate": "2006-03-27 20:36:05", "calendarYear": "2005", "period": "FY", "revenue": 325482000, "costOfRevenue": 208401000, "grossProfit": 117081000, "grossProfitRatio": 0.3597157446, "researchAndDevelopmentExpenses": 39720000, "generalAndAdministrativeExpenses": 0, "sellingAndMarketingExpenses": 0, "sellingGeneralAndAdministrativeExpenses": 55681000, "otherExpenses": 1800, "operatingExpenses": 95401000, "costAndExpenses": 303802000, "interestIncome": 0, "interestExpense": 0, "depreciationAndAmortization": 18377000, "ebitda": 47937000, "ebitdaratio": 0.1472800339, "operatingIncome": 15974000, "operatingIncomeRatio": 0.0490779828, "totalOtherIncomeExpensesNet": -7880000, "incomeBeforeTax": 8495000, "incomeBeforeTaxRatio": 0.0260997536, "incomeTaxExpense": 4873000, "netIncome": 12817000, "netIncomeRatio": 0.0393785217, "eps": 0.35, "epsdiluted": 0.34, "weightedAverageShsOut": 37084000, "weightedAverageShsOutDil": 37434000, "link": "https://www.sec.gov/Archives/edgar/data/927003/000095013406005979/0000950134-06-005979-index.htm", "finalLink": "https://www.sec.gov/Archives/edgar/data/927003/000095013406005979/d33336e10vk.htm", "calculatedOtherExpenses": 5706000, "calculatedOperatingExpenses": 101107000, "calculatedNetInterest": 0, "calculatedOtherIncome": -7479000, "calculatedIncomeNonControlling": -9195000, "calculatedEbitda": 34351000}, {"date": "2004-12-31", "symbol": "AEIS", "reportedCurrency": "USD", "cik": "0000927003", "fillingDate": "2005-03-31", "acceptedDate": "2005-03-31 14:15:32", "calendarYear": "2004", "period": "FY", "revenue": 395305000, "costOfRevenue": 275626000, "grossProfit": 119679000, "grossProfitRatio": 0.3027510403, "researchAndDevelopmentExpenses": 51541000, "generalAndAdministrativeExpenses": 0, "sellingAndMarketingExpenses": 0, "sellingGeneralAndAdministrativeExpenses": 65770000, "otherExpenses": 7238000, "operatingExpenses": 117311000, "costAndExpenses": 392937000, "interestIncome": 1737000, "interestExpense": -11049000, "depreciationAndAmortization": 21119000, "ebitda": 25343000, "ebitdaratio": 0.064109991, "operatingIncome": -1544000, "operatingIncomeRatio": -0.0039058449, "totalOtherIncomeExpensesNet": -1856000, "incomeBeforeTax": -8800000, "incomeBeforeTaxRatio": -0.0222612919, "incomeTaxExpense": 3947000, "netIncome": -12747000, "netIncomeRatio": -0.0322459873, "eps": -0.39, "epsdiluted": -0.39, "weightedAverageShsOut": 32649000, "weightedAverageShsOutDil": 32649000, "link": "https://www.sec.gov/Archives/edgar/data/927003/000095013405006547/0000950134-05-006547-index.htm", "finalLink": "https://www.sec.gov/Archives/edgar/data/927003/000095013405006547/d23250e10vk.htm", "calculatedOtherExpenses": 3912000, "calculatedOperatingExpenses": 121223000, "calculatedNetInterest": 12786000, "calculatedOtherIncome": -20042000, "calculatedIncomeNonControlling": 0, "calculatedEbitda": 19575000}, {"date": "2003-12-31", "symbol": "AEIS", "reportedCurrency": "USD", "cik": "0000927003", "fillingDate": "2004-02-24", "acceptedDate": "2004-02-24 17:32:20", "calendarYear": "2003", "period": "FY", "revenue": 262402000, "costOfRevenue": 174455000, "grossProfit": 87947000, "grossProfitRatio": 0.3351613174, "researchAndDevelopmentExpenses": 51647000, "generalAndAdministrativeExpenses": 22936000, "sellingAndMarketingExpenses": 31015000, "sellingGeneralAndAdministrativeExpenses": 53951000, "otherExpenses": 1175000, "operatingExpenses": 106773000, "costAndExpenses": 281228000, "interestIncome": 1721000, "interestExpense": -11254000, "depreciationAndAmortization": 21829000, "ebitda": 7084000, "ebitdaratio": 0.0269967455, "operatingIncome": -23132000, "operatingIncomeRatio": -0.0881548159, "totalOtherIncomeExpensesNet": -4081000, "incomeBeforeTax": -44241000, "incomeBeforeTaxRatio": -0.1686000869, "incomeTaxExpense": 11801000, "netIncome": -44241000, "netIncomeRatio": -0.1686000869, "eps": -1.37, "epsdiluted": -1.37, "weightedAverageShsOut": 32271000, "weightedAverageShsOutDil": 32271000, "link": "https://www.sec.gov/Archives/edgar/data/927003/000103570404000086/0001035704-04-000086-index.htm", "finalLink": "https://www.sec.gov/Archives/edgar/data/927003/000103570404000086/d12827e10vk.htm", "calculatedOtherExpenses": 5481000, "calculatedOperatingExpenses": 111079000, "calculatedNetInterest": 12975000, "calculatedOtherIncome": -34084000, "calculatedIncomeNonControlling": -11801000, "calculatedEbitda": -1303000}, {"date": "2002-12-31", "symbol": "AEIS", "reportedCurrency": "USD", "cik": "0000927003", "fillingDate": "2003-03-27", "acceptedDate": "2003-03-27 16:49:05", "calendarYear": "2002", "period": "FY", "revenue": 238898000, "costOfRevenue": 170138000, "grossProfit": 68760000, "grossProfitRatio": 0.2878215808, "researchAndDevelopmentExpenses": 48995000, "generalAndAdministrativeExpenses": 30533000, "sellingAndMarketingExpenses": 34940000, "sellingGeneralAndAdministrativeExpenses": 65473000, "otherExpenses": 7217000, "operatingExpenses": 121685000, "costAndExpenses": 291823000, "interestIncome": 3314000, "interestExpense": -12460000, "depreciationAndAmortization": 23289000, "ebitda": -16575000, "ebitdaratio": -0.0693810748, "operatingIncome": -61985000, "operatingIncomeRatio": -0.2594621973, "totalOtherIncomeExpensesNet": -13061000, "incomeBeforeTax": -67915000, "incomeBeforeTaxRatio": -0.2842845064, "incomeTaxExpense": -23877000, "netIncome": -41399000, "netIncomeRatio": -0.1732915303, "eps": -1.29, "epsdiluted": -1.29, "weightedAverageShsOut": 31994000, "weightedAverageShsOutDil": 32026000, "link": "https://www.sec.gov/Archives/edgar/data/927003/000095013403004715/0000950134-03-004715-index.htm", "finalLink": "https://www.sec.gov/Archives/edgar/data/927003/000095013403004715/d04234e10vk.htm", "calculatedOtherExpenses": 16277000, "calculatedOperatingExpenses": 130745000, "calculatedNetInterest": 15774000, "calculatedOtherIncome": -21704000, "calculatedIncomeNonControlling": -2639000, "calculatedEbitda": -38696000}, {"date": "2001-12-31", "symbol": "AEIS", "reportedCurrency": "USD", "cik": "0000927003", "fillingDate": "2002-03-25", "acceptedDate": "2002-03-25 00:00:00", "calendarYear": "2001", "period": "FY", "revenue": 193600000, "costOfRevenue": 136168000, "grossProfit": 57432000, "grossProfitRatio": 0.2966528926, "researchAndDevelopmentExpenses": 45151000, "generalAndAdministrativeExpenses": 0, "sellingAndMarketingExpenses": 0, "sellingGeneralAndAdministrativeExpenses": 45306000, "otherExpenses": 10792000, "operatingExpenses": 101249000, "costAndExpenses": 237417000, "interestIncome": 0, "interestExpense": 0, "depreciationAndAmortization": 17288000, "ebitda": -11407000, "ebitdaratio": -0.0589204545, "operatingIncome": -46887000, "operatingIncomeRatio": -0.2421849174, "totalOtherIncomeExpensesNet": -15122000, "incomeBeforeTax": -48965000, "incomeBeforeTaxRatio": -0.2529183884, "incomeTaxExpense": -17441000, "netIncome": -31379000, "netIncomeRatio": -0.1620816116, "eps": -0.99, "epsdiluted": -0.99, "weightedAverageShsOut": 31712000, "weightedAverageShsOutDil": 31712000, "link": "https://www.sec.gov/Archives/edgar/data/927003/000095013402002563/0000950134-02-002563-index.htm", "finalLink": "https://www.sec.gov/Archives/edgar/data/927003/000095013402002563/d95071e10-k.txt", "calculatedOtherExpenses": 13862000, "calculatedOperatingExpenses": 104319000, "calculatedNetInterest": 0, "calculatedOtherIncome": -2078000, "calculatedIncomeNonControlling": -145000, "calculatedEbitda": -29599000}, {"date": "2000-12-31", "symbol": "AEIS", "reportedCurrency": "USD", "cik": "0000927003", "fillingDate": "2001-03-27", "acceptedDate": "2001-03-27 00:00:00", "calendarYear": "2000", "period": "FY", "revenue": 359782000, "costOfRevenue": 183329000, "grossProfit": 176453000, "grossProfitRatio": 0.4904442134, "researchAndDevelopmentExpenses": 36996000, "generalAndAdministrativeExpenses": 0, "sellingAndMarketingExpenses": 0, "sellingGeneralAndAdministrativeExpenses": 48674000, "otherExpenses": 0, "operatingExpenses": 85670000, "costAndExpenses": 268999000, "interestIncome": 0, "interestExpense": 0, "depreciationAndAmortization": 11583000, "ebitda": 103493000, "ebitdaratio": 0.2876547465, "operatingIncome": 85200000, "operatingIncomeRatio": 0.2368100683, "totalOtherIncomeExpensesNet": -1127000, "incomeBeforeTax": 92685000, "incomeBeforeTaxRatio": 0.2576143331, "incomeTaxExpense": 32241000, "netIncome": 68034000, "netIncomeRatio": 0.1890978426, "eps": 2.17, "epsdiluted": 2.1, "weightedAverageShsOut": 31336000, "weightedAverageShsOutDil": 32425000, "link": "https://www.sec.gov/Archives/edgar/data/927003/000103570401000256/0001035704-01-000256-index.htm", "finalLink": "https://www.sec.gov/Archives/edgar/data/927003/000103570401000256/d85235e10-k.txt", "calculatedOtherExpenses": 5583000, "calculatedOperatingExpenses": 91253000, "calculatedNetInterest": 0, "calculatedOtherIncome": 7485000, "calculatedIncomeNonControlling": -7590000, "calculatedEbitda": 96783000}, {"date": "1999-12-31", "symbol": "AEIS", "reportedCurrency": "USD", "cik": "0000927003", "fillingDate": "2000-03-20", "acceptedDate": "2000-03-20 00:00:00", "calendarYear": "1999", "period": "FY", "revenue": 183958000, "costOfRevenue": 102101000, "grossProfit": 81857000, "grossProfitRatio": 0.4449765707, "researchAndDevelopmentExpenses": 26517000, "generalAndAdministrativeExpenses": 0, "sellingAndMarketingExpenses": 0, "sellingGeneralAndAdministrativeExpenses": 29999000, "otherExpenses": 0, "operatingExpenses": 56516000, "costAndExpenses": 158617000, "interestIncome": 0, "interestExpense": 0, "depreciationAndAmortization": 7764000, "ebitda": 32275000, "ebitdaratio": 0.1754476565, "operatingIncome": 25341000, "operatingIncomeRatio": 0.13775427, "totalOtherIncomeExpensesNet": 830000, "incomeBeforeTax": 27084000, "incomeBeforeTaxRatio": 0.1472292589, "incomeTaxExpense": 10177000, "netIncome": 16838000, "netIncomeRatio": 0.0915317627, "eps": 0.64, "epsdiluted": 0.62, "weightedAverageShsOut": 29706000, "weightedAverageShsOutDil": 30934000, "link": "https://www.sec.gov/Archives/edgar/data/927003/000103570400000181/0001035704-00-000181-index.html", "finalLink": "https://www.sec.gov/Archives/edgar/data/927003/000103570400000181/", "calculatedOtherExpenses": 0, "calculatedOperatingExpenses": 56516000, "calculatedNetInterest": 0, "calculatedOtherIncome": 1743000, "calculatedIncomeNonControlling": 69000, "calculatedEbitda": 33105000}, {"date": "1998-12-31", "symbol": "AEIS", "reportedCurrency": "USD", "cik": "0000927003", "fillingDate": "1999-03-24", "acceptedDate": "1999-03-24 00:00:00", "calendarYear": "1998", "period": "FY", "revenue": 124698000, "costOfRevenue": 87985000, "grossProfit": 36713000, "grossProfitRatio": 0.2944153074, "researchAndDevelopmentExpenses": 23849000, "generalAndAdministrativeExpenses": 0, "sellingAndMarketingExpenses": 0, "sellingGeneralAndAdministrativeExpenses": 23014000, "otherExpenses": -1117000, "operatingExpenses": 45746000, "costAndExpenses": 133731000, "interestIncome": 0, "interestExpense": 0, "depreciationAndAmortization": 6578000, "ebitda": 733000, "ebitdaratio": 0.0058782017, "operatingIncome": -12775000, "operatingIncomeRatio": -0.1024475132, "totalOtherIncomeExpensesNet": -3188000, "incomeBeforeTax": -12417000, "incomeBeforeTaxRatio": -0.099576577, "incomeTaxExpense": -2900000, "netIncome": -9517000, "netIncomeRatio": -0.0763203901, "eps": -0.42, "epsdiluted": -0.33, "weightedAverageShsOut": 22543000, "weightedAverageShsOutDil": 29007000, "link": "https://www.sec.gov/Archives/edgar/data/927003/000104746999011142/0001047469-99-011142-index.html", "finalLink": "https://www.sec.gov/Archives/edgar/data/927003/", "calculatedOtherExpenses": 2625000, "calculatedOperatingExpenses": 49488000, "calculatedNetInterest": 0, "calculatedOtherIncome": 358000, "calculatedIncomeNonControlling": 0, "calculatedEbitda": -6197000}, {"date": "1997-12-31", "symbol": "AEIS", "reportedCurrency": "USD", "cik": "0000927003", "fillingDate": "1998-03-24", "acceptedDate": "1998-03-24 00:00:00", "calendarYear": "1997", "period": "FY", "revenue": 141923000, "costOfRevenue": 87538000, "grossProfit": 54385000, "grossProfitRatio": 0.3832007497, "researchAndDevelopmentExpenses": 14751000, "generalAndAdministrativeExpenses": 0, "sellingAndMarketingExpenses": 0, "sellingGeneralAndAdministrativeExpenses": 16849000, "otherExpenses": 2700000, "operatingExpenses": 34300000, "costAndExpenses": 121838000, "interestIncome": 0, "interestExpense": 0, "depreciationAndAmortization": 3758000, "ebitda": 29811000, "ebitdaratio": 0.2100505204, "operatingIncome": 17005000, "operatingIncomeRatio": 0.1198184931, "totalOtherIncomeExpensesNet": -5968000, "incomeBeforeTax": 17031000, "incomeBeforeTaxRatio": 0.1200016911, "incomeTaxExpense": 6669000, "netIncome": 10362000, "netIncomeRatio": 0.0730114217, "eps": 0.47, "epsdiluted": 0.46, "weightedAverageShsOut": 25744681, "weightedAverageShsOutDil": 26304348, "link": "https://www.sec.gov/Archives/edgar/data/927003/000104746998011248/0001047469-98-011248-index.html", "finalLink": "https://www.sec.gov/Archives/edgar/data/927003/", "calculatedOtherExpenses": 5780000, "calculatedOperatingExpenses": 37380000, "calculatedNetInterest": 0, "calculatedOtherIncome": 26000, "calculatedIncomeNonControlling": 0, "calculatedEbitda": 20763000}, {"date": "1996-12-31", "symbol": "AEIS", "reportedCurrency": "USD", "cik": "0000927003", "fillingDate": "1997-03-21", "acceptedDate": "1997-03-21 00:00:00", "calendarYear": "1996", "period": "FY", "revenue": 98852000, "costOfRevenue": 62038000, "grossProfit": 36814000, "grossProfitRatio": 0.372415328, "researchAndDevelopmentExpenses": 13760000, "generalAndAdministrativeExpenses": 0, "sellingAndMarketingExpenses": 0, "sellingGeneralAndAdministrativeExpenses": 14843000, "otherExpenses": 0, "operatingExpenses": 28603000, "costAndExpenses": 90641000, "interestIncome": 0, "interestExpense": 0, "depreciationAndAmortization": 2657000, "ebitda": 11062000, "ebitdaratio": 0.1119046656, "operatingIncome": 8211000, "operatingIncomeRatio": 0.0830635698, "totalOtherIncomeExpensesNet": -194000, "incomeBeforeTax": 8304000, "incomeBeforeTaxRatio": 0.0840043702, "incomeTaxExpense": 3160000, "netIncome": 5144000, "netIncomeRatio": 0.0520373892, "eps": 0.25, "epsdiluted": 0.25, "weightedAverageShsOut": 25600000, "weightedAverageShsOutDil": 25600000, "link": "https://www.sec.gov/Archives/edgar/data/927003/000091205797009716/0000912057-97-009716-index.html", "finalLink": "https://www.sec.gov/Archives/edgar/data/927003/", "calculatedOtherExpenses": 0, "calculatedOperatingExpenses": 28603000, "calculatedNetInterest": 0, "calculatedOtherIncome": 93000, "calculatedIncomeNonControlling": 0, "calculatedEbitda": 10868000}, {"date": "1995-12-31", "symbol": "AEIS", "reportedCurrency": "USD", "cik": "0000927003", "fillingDate": "1995-12-31", "acceptedDate": "1995-12-30 19:00:00", "calendarYear": "1995", "period": "FY", "revenue": 94700000, "costOfRevenue": 47700000, "grossProfit": 47000000, "grossProfitRatio": 0.4963041183, "researchAndDevelopmentExpenses": 0, "generalAndAdministrativeExpenses": 0, "sellingAndMarketingExpenses": 0, "sellingGeneralAndAdministrativeExpenses": 23900000, "otherExpenses": 1600000, "operatingExpenses": 25500000, "costAndExpenses": 73200000, "interestIncome": 0, "interestExpense": 0, "depreciationAndAmortization": 1600000, "ebitda": 22900000, "ebitdaratio": 0.2418162619, "operatingIncome": 21500000, "operatingIncomeRatio": 0.227032735, "totalOtherIncomeExpensesNet": 200000, "incomeBeforeTax": 21100000, "incomeBeforeTaxRatio": 0.2228088701, "incomeTaxExpense": 7800000, "netIncome": 13300000, "netIncomeRatio": 0.1404435058, "eps": 0.73, "epsdiluted": 0.69, "weightedAverageShsOut": 18219178, "weightedAverageShsOutDil": 19275362, "link": "", "finalLink": "", "calculatedOtherExpenses": 1600000, "calculatedOperatingExpenses": 25500000, "calculatedNetInterest": 0, "calculatedOtherIncome": -400000, "calculatedIncomeNonControlling": 0, "calculatedEbitda": 23100000}]}