{"originalCurrency": "USD", "convertedCurrency": "USD", "report": [{"date": "2023-12-31", "symbol": "AEM", "reportedCurrency": "USD", "cik": "0000002809", "fillingDate": "2023-12-31", "acceptedDate": "2023-12-29 19:00:00", "calendarYear": "2023", "period": "FY", "revenue": 6748438658, "costOfRevenue": 4759431505, "grossProfit": 1989007153, "grossProfitRatio": 0.2947359017, "researchAndDevelopmentExpenses": 0, "generalAndAdministrativeExpenses": 208451000, "sellingAndMarketingExpenses": 3822744, "sellingGeneralAndAdministrativeExpenses": 212273744, "otherExpenses": -51022851, "operatingExpenses": 263296595, "costAndExpenses": 5022728097, "interestIncome": 11658000, "interestExpense": 91216000, "depreciationAndAmortization": 1552637769, "ebitda": 3278348328, "ebitdaratio": 0.4857936027, "operatingIncome": 1725710560, "operatingIncomeRatio": 0.2557199743, "totalOtherIncomeExpensesNet": 676620969, "incomeBeforeTax": 2402331530, "incomeBeforeTaxRatio": 0.3559833099, "incomeTaxExpense": 425423260, "netIncome": 1941307000, "netIncomeRatio": 0.2876675774, "eps": 4.05, "epsdiluted": 4.04, "weightedAverageShsOut": 488723000, "weightedAverageShsOutDil": 489913000, "link": null, "finalLink": null, "calculatedOtherExpenses": 51022849, "calculatedOperatingExpenses": 263296593, "calculatedNetInterest": -79558000, "calculatedOtherIncome": 756178970, "calculatedIncomeNonControlling": 35601270, "calculatedEbitda": 3278348329}, {"date": "2022-12-31", "symbol": "AEM", "reportedCurrency": "USD", "cik": "0000002809", "fillingDate": "2022-12-31", "acceptedDate": "2022-12-31 00:00:00", "calendarYear": "2022", "period": "FY", "revenue": 5741162000, "costOfRevenue": 3738012000, "grossProfit": 2003150000, "grossProfitRatio": 0.3489102032, "researchAndDevelopmentExpenses": 0, "generalAndAdministrativeExpenses": 220861000, "sellingAndMarketingExpenses": 0, "sellingGeneralAndAdministrativeExpenses": 220861000, "otherExpenses": 313012000, "operatingExpenses": 533873000, "costAndExpenses": 4271885000, "interestIncome": 11110000, "interestExpense": 82935000, "depreciationAndAmortization": 1094691000, "ebitda": 2422660000, "ebitdaratio": 0.4219807767, "operatingIncome": 1327969000, "operatingIncomeRatio": 0.2313066588, "totalOtherIncomeExpensesNet": -212546000, "incomeBeforeTax": 1115423000, "incomeBeforeTaxRatio": 0.1942852335, "incomeTaxExpense": 445174000, "netIncome": 670249000, "netIncomeRatio": 0.1167444848, "eps": 1.47, "epsdiluted": 1.47, "weightedAverageShsOut": 437678000, "weightedAverageShsOutDil": 438533000, "link": null, "finalLink": null, "calculatedOtherExpenses": 454320000, "calculatedOperatingExpenses": 675181000, "calculatedNetInterest": -71825000, "calculatedOtherIncome": -140721000, "calculatedIncomeNonControlling": 0, "calculatedEbitda": 2422660000}, {"date": "2021-12-31", "symbol": "AEM", "reportedCurrency": "USD", "cik": "0000002809", "fillingDate": "2021-12-31", "acceptedDate": "2021-12-31 00:00:00", "calendarYear": "2021", "period": "FY", "revenue": 3823878000, "costOfRevenue": 2494817000, "grossProfit": 1329061000, "grossProfitRatio": 0.3475688816, "researchAndDevelopmentExpenses": 0, "generalAndAdministrativeExpenses": 142003000, "sellingAndMarketingExpenses": 0, "sellingGeneralAndAdministrativeExpenses": 142003000, "otherExpenses": 153090000, "operatingExpenses": 295093000, "costAndExpenses": 2789910000, "interestIncome": 3937000, "interestExpense": 92042000, "depreciationAndAmortization": 738129000, "ebitda": 1750355000, "ebitdaratio": 0.4577434217, "operatingIncome": 1012226000, "operatingIncomeRatio": 0.2647118972, "totalOtherIncomeExpensesNet": -108817000, "incomeBeforeTax": 903409000, "incomeBeforeTaxRatio": 0.2362546608, "incomeTaxExpense": 360400000, "netIncome": 561945000, "netIncomeRatio": 0.1469568328, "eps": 2.29, "epsdiluted": 2.28, "weightedAverageShsOut": 243708000, "weightedAverageShsOutDil": 244732000, "link": null, "finalLink": null, "calculatedOtherExpenses": 174832000, "calculatedOperatingExpenses": 316835000, "calculatedNetInterest": -88105000, "calculatedOtherIncome": -20712000, "calculatedIncomeNonControlling": -18936000, "calculatedEbitda": 1750355000}, {"date": "2020-12-31", "symbol": "AEM", "reportedCurrency": "USD", "cik": "0000002809", "fillingDate": "2020-12-31", "acceptedDate": "2020-12-31 00:00:00", "calendarYear": "2020", "period": "FY", "revenue": 3138113000, "costOfRevenue": 2055253000, "grossProfit": 1082860000, "grossProfitRatio": 0.3450672426, "researchAndDevelopmentExpenses": 0, "generalAndAdministrativeExpenses": 116288000, "sellingAndMarketingExpenses": 0, "sellingGeneralAndAdministrativeExpenses": 116288000, "otherExpenses": 141032000, "operatingExpenses": 257320000, "costAndExpenses": 2312573000, "interestIncome": 4867000, "interestExpense": 95134000, "depreciationAndAmortization": 631101000, "ebitda": 1408407000, "ebitdaratio": 0.4488069741, "operatingIncome": 777306000, "operatingIncomeRatio": 0.2476985373, "totalOtherIncomeExpensesNet": -9741000, "incomeBeforeTax": 767565000, "incomeBeforeTaxRatio": 0.2445944426, "incomeTaxExpense": 255958000, "netIncome": 511607000, "netIncomeRatio": 0.1630301395, "eps": 2.23, "epsdiluted": 2.22, "weightedAverageShsOut": 241508000, "weightedAverageShsOutDil": 243072000, "link": null, "finalLink": null, "calculatedOtherExpenses": 189266000, "calculatedOperatingExpenses": 305554000, "calculatedNetInterest": -90267000, "calculatedOtherIncome": 80526000, "calculatedIncomeNonControlling": 0, "calculatedEbitda": 1408407000}, {"date": "2019-12-31", "symbol": "AEM", "reportedCurrency": "USD", "cik": "0000002809", "fillingDate": "2019-12-31", "acceptedDate": "2019-12-31 00:00:00", "calendarYear": "2019", "period": "FY", "revenue": 2494892000, "costOfRevenue": 1793762000, "grossProfit": 701130000, "grossProfitRatio": 0.2810261927, "researchAndDevelopmentExpenses": 0, "generalAndAdministrativeExpenses": 120987000, "sellingAndMarketingExpenses": 0, "sellingGeneralAndAdministrativeExpenses": 120987000, "otherExpenses": 107583000, "operatingExpenses": 228570000, "costAndExpenses": 2022332000, "interestIncome": 6688000, "interestExpense": 105082000, "depreciationAndAmortization": 546057000, "ebitda": 1031786000, "ebitdaratio": 0.4135593845, "operatingIncome": 485729000, "operatingIncomeRatio": 0.1946893894, "totalOtherIncomeExpensesNet": 253013000, "incomeBeforeTax": 738742000, "incomeBeforeTaxRatio": 0.2961017952, "incomeTaxExpense": 265576000, "netIncome": 473166000, "netIncomeRatio": 0.1896539009, "eps": 2.04, "epsdiluted": 2.03, "weightedAverageShsOut": 236934000, "weightedAverageShsOutDil": 238230000, "link": null, "finalLink": null, "calculatedOtherExpenses": 94414000, "calculatedOperatingExpenses": 215401000, "calculatedNetInterest": -98394000, "calculatedOtherIncome": 351407000, "calculatedIncomeNonControlling": 0, "calculatedEbitda": 1031786000}, {"date": "2018-12-31", "symbol": "AEM", "reportedCurrency": "USD", "cik": "0000002809", "fillingDate": "2018-12-31", "acceptedDate": "2018-12-31 00:00:00", "calendarYear": "2018", "period": "FY", "revenue": 2191221000, "costOfRevenue": 1714288000, "grossProfit": 476933000, "grossProfitRatio": 0.2176562747, "researchAndDevelopmentExpenses": 0, "generalAndAdministrativeExpenses": 124873000, "sellingAndMarketingExpenses": 0, "sellingGeneralAndAdministrativeExpenses": 124873000, "otherExpenses": 35294000, "operatingExpenses": 276963000, "costAndExpenses": 1991251000, "interestIncome": 10245000, "interestExpense": 96567000, "depreciationAndAmortization": 553933000, "ebitda": 789197000, "ebitdaratio": 0.3601631237, "operatingIncome": 212500000, "operatingIncomeRatio": 0.096977895, "totalOtherIncomeExpensesNet": -362455000, "incomeBeforeTax": -259052000, "incomeBeforeTaxRatio": -0.1182226713, "incomeTaxExpense": 67649000, "netIncome": -326701000, "netIncomeRatio": -0.149095413, "eps": -1.4, "epsdiluted": -1.4, "weightedAverageShsOut": 233251000, "weightedAverageShsOutDil": 233251000, "link": null, "finalLink": null, "calculatedOtherExpenses": 139560000, "calculatedOperatingExpenses": 264433000, "calculatedNetInterest": -86322000, "calculatedOtherIncome": -385230000, "calculatedIncomeNonControlling": 0, "calculatedEbitda": 766433000}, {"date": "2017-12-31", "symbol": "AEM", "reportedCurrency": "USD", "cik": "0000002809", "fillingDate": "2017-12-31", "acceptedDate": "2017-12-31 00:00:00", "calendarYear": "2017", "period": "FY", "revenue": 2242604000, "costOfRevenue": 1566581000, "grossProfit": 676023000, "grossProfitRatio": 0.3014455517, "researchAndDevelopmentExpenses": 0, "generalAndAdministrativeExpenses": 115064000, "sellingAndMarketingExpenses": 22539000, "sellingGeneralAndAdministrativeExpenses": 115064000, "otherExpenses": 3709000, "operatingExpenses": 257733000, "costAndExpenses": 1824314000, "interestIncome": 0, "interestExpense": 78931000, "depreciationAndAmortization": 508739000, "ebitda": 930738000, "ebitdaratio": 0.4150255685, "operatingIncome": 421999000, "operatingIncomeRatio": 0.1881736588, "totalOtherIncomeExpensesNet": 3022000, "incomeBeforeTax": 342381000, "incomeBeforeTaxRatio": 0.1526711805, "incomeTaxExpense": 98494000, "netIncome": 243887000, "netIncomeRatio": 0.1087517011, "eps": 1.06, "epsdiluted": 1.05, "weightedAverageShsOut": 230252000, "weightedAverageShsOutDil": 232461000, "link": null, "finalLink": null, "calculatedOtherExpenses": 138960000, "calculatedOperatingExpenses": 254024000, "calculatedNetInterest": -78931000, "calculatedOtherIncome": -687000, "calculatedIncomeNonControlling": 0, "calculatedEbitda": 930738000}, {"date": "2016-12-31", "symbol": "AEM", "reportedCurrency": "USD", "cik": "0000002809", "fillingDate": "2016-12-31", "acceptedDate": "2016-12-31 00:00:00", "calendarYear": "2016", "period": "FY", "revenue": 2138232000, "costOfRevenue": 1645052000, "grossProfit": 493180000, "grossProfitRatio": 0.2306484984, "researchAndDevelopmentExpenses": 0, "generalAndAdministrativeExpenses": 102781000, "sellingAndMarketingExpenses": 0, "sellingGeneralAndAdministrativeExpenses": 102781000, "otherExpenses": -16233000, "operatingExpenses": 253817000, "costAndExpenses": 1898869000, "interestIncome": 0, "interestExpense": 74641000, "depreciationAndAmortization": 613160000, "ebitda": 836290000, "ebitdaratio": 0.3911128446, "operatingIncome": 223130000, "operatingIncomeRatio": 0.1043525679, "totalOtherIncomeExpensesNet": 103739000, "incomeBeforeTax": 268461000, "incomeBeforeTaxRatio": 0.1255527931, "incomeTaxExpense": 109637000, "netIncome": 158824000, "netIncomeRatio": 0.0742781887, "eps": 0.71, "epsdiluted": 0.7, "weightedAverageShsOut": 222737000, "weightedAverageShsOutDil": 225754000, "link": null, "finalLink": null, "calculatedOtherExpenses": 167269000, "calculatedOperatingExpenses": 270050000, "calculatedNetInterest": -74641000, "calculatedOtherIncome": 119972000, "calculatedIncomeNonControlling": 0, "calculatedEbitda": 836290000}, {"date": "2015-12-31", "symbol": "AEM", "reportedCurrency": "USD", "cik": "0000002809", "fillingDate": "2015-12-31", "acceptedDate": "2015-12-31 00:00:00", "calendarYear": "2015", "period": "FY", "revenue": 1985432000, "costOfRevenue": 1603904000, "grossProfit": 381528000, "grossProfitRatio": 0.1921637205, "researchAndDevelopmentExpenses": 0, "generalAndAdministrativeExpenses": 96973000, "sellingAndMarketingExpenses": 0, "sellingGeneralAndAdministrativeExpenses": 96973000, "otherExpenses": -12028000, "operatingExpenses": 209329000, "costAndExpenses": 1813233000, "interestIncome": 0, "interestExpense": 75228000, "depreciationAndAmortization": 608609000, "ebitda": 768780000, "ebitdaratio": 0.3872104409, "operatingIncome": 160171000, "operatingIncomeRatio": 0.080673123, "totalOtherIncomeExpensesNet": -14343000, "incomeBeforeTax": 82628000, "incomeBeforeTaxRatio": 0.0416171392, "incomeTaxExpense": 58045000, "netIncome": 24583000, "netIncomeRatio": 0.0123816882, "eps": 0.11, "epsdiluted": 0.11, "weightedAverageShsOut": 216168000, "weightedAverageShsOutDil": 217101000, "link": null, "finalLink": null, "calculatedOtherExpenses": 124384000, "calculatedOperatingExpenses": 221357000, "calculatedNetInterest": -75228000, "calculatedOtherIncome": -2315000, "calculatedIncomeNonControlling": 0, "calculatedEbitda": 768780000}, {"date": "2014-12-31", "symbol": "AEM", "reportedCurrency": "USD", "cik": "0000002809", "fillingDate": "2014-12-31", "acceptedDate": "2014-12-31 00:00:00", "calendarYear": "2014", "period": "FY", "revenue": 1896766000, "costOfRevenue": 1438187000, "grossProfit": 458579000, "grossProfitRatio": 0.2417688845, "researchAndDevelopmentExpenses": 0, "generalAndAdministrativeExpenses": 118771000, "sellingAndMarketingExpenses": 0, "sellingGeneralAndAdministrativeExpenses": 118771000, "otherExpenses": 7004000, "operatingExpenses": 182987000, "costAndExpenses": 1621174000, "interestIncome": 0, "interestExpense": 73393000, "depreciationAndAmortization": 433628000, "ebitda": 716224000, "ebitdaratio": 0.3776027196, "operatingIncome": 282596000, "operatingIncomeRatio": 0.1489883307, "totalOtherIncomeExpensesNet": -13061000, "incomeBeforeTax": 189138000, "incomeBeforeTaxRatio": 0.099716043, "incomeTaxExpense": 106168000, "netIncome": 82970000, "netIncomeRatio": 0.043742876, "eps": 0.43, "epsdiluted": 0.39, "weightedAverageShsOut": 195223000, "weightedAverageShsOutDil": 196201000, "link": null, "finalLink": null, "calculatedOtherExpenses": 57212000, "calculatedOperatingExpenses": 175983000, "calculatedNetInterest": -73393000, "calculatedOtherIncome": -20065000, "calculatedIncomeNonControlling": 0, "calculatedEbitda": 716224000}, {"date": "2013-12-31", "symbol": "AEM", "reportedCurrency": "USD", "cik": "0000002809", "fillingDate": "2013-12-31", "acceptedDate": "2013-12-31 00:00:00", "calendarYear": "2013", "period": "FY", "revenue": 1638406000, "costOfRevenue": 1221005000, "grossProfit": 417401000, "grossProfitRatio": 0.2547604196, "researchAndDevelopmentExpenses": 0, "generalAndAdministrativeExpenses": 115800000, "sellingAndMarketingExpenses": 0, "sellingGeneralAndAdministrativeExpenses": 115800000, "otherExpenses": -8824000, "operatingExpenses": 158532000, "costAndExpenses": 1379537000, "interestIncome": 0, "interestExpense": 57999000, "depreciationAndAmortization": 296078000, "ebitda": 546123000, "ebitdaratio": 0.3333258057, "operatingIncome": 258869000, "operatingIncomeRatio": 0.15800052, "totalOtherIncomeExpensesNet": -571552000, "incomeBeforeTax": -370682000, "incomeBeforeTaxRatio": -0.2262455094, "incomeTaxExpense": 35844000, "netIncome": -406526000, "netIncomeRatio": -0.2481228706, "eps": -2.35, "epsdiluted": -2.35, "weightedAverageShsOut": 172892679, "weightedAverageShsOutDil": 172893000, "link": null, "finalLink": null, "calculatedOtherExpenses": 42732000, "calculatedOperatingExpenses": 158532000, "calculatedNetInterest": -57999000, "calculatedOtherIncome": -571552000, "calculatedIncomeNonControlling": 0, "calculatedEbitda": 554947000}, {"date": "2012-12-31", "symbol": "AEM", "reportedCurrency": "USD", "cik": "0000002809", "fillingDate": "2013-03-28", "acceptedDate": "2013-03-28 16:23:27", "calendarYear": "2012", "period": "FY", "revenue": 1917714000, "costOfRevenue": 1169573000, "grossProfit": 748141000, "grossProfitRatio": 0.390121259, "researchAndDevelopmentExpenses": 0, "generalAndAdministrativeExpenses": 119085000, "sellingAndMarketingExpenses": 0, "sellingGeneralAndAdministrativeExpenses": 119085000, "otherExpenses": 847000, "operatingExpenses": 236641000, "costAndExpenses": 1406214000, "interestIncome": 0, "interestExpense": 57887000, "depreciationAndAmortization": 271861000, "ebitda": 784208000, "ebitdaratio": 0.4089285472, "operatingIncome": 506000000, "operatingIncomeRatio": 0.26385582, "totalOtherIncomeExpensesNet": -18472000, "incomeBeforeTax": 435141000, "incomeBeforeTaxRatio": 0.2269060976, "incomeTaxExpense": 124225000, "netIncome": 310916000, "netIncomeRatio": 0.1621284509, "eps": 1.82, "epsdiluted": 1.81, "weightedAverageShsOut": 171250000, "weightedAverageShsOutDil": 171486000, "link": "https://www.sec.gov/Archives/edgar/data/2809/000104746913003581/0001047469-13-003581-index.htm", "finalLink": "https://www.sec.gov/Archives/edgar/data/2809/000104746913003581/a2211934z20-f.htm", "calculatedOtherExpenses": 123056000, "calculatedOperatingExpenses": 242141000, "calculatedNetInterest": -57887000, "calculatedOtherIncome": -12972000, "calculatedIncomeNonControlling": 0, "calculatedEbitda": 777861000}, {"date": "2011-12-31", "symbol": "AEM", "reportedCurrency": "USD", "cik": "0000002809", "fillingDate": "2012-03-29", "acceptedDate": "2012-03-28 20:57:49", "calendarYear": "2011", "period": "FY", "revenue": 1816632000, "costOfRevenue": 876078000, "grossProfit": 940554000, "grossProfitRatio": 0.5177460267, "researchAndDevelopmentExpenses": 0, "generalAndAdministrativeExpenses": 0, "sellingAndMarketingExpenses": 0, "sellingGeneralAndAdministrativeExpenses": 107926000, "otherExpenses": 346725000, "operatingExpenses": 454651000, "costAndExpenses": 1330729000, "interestIncome": 0, "interestExpense": 55039000, "depreciationAndAmortization": 261781000, "ebitda": 747684000, "ebitdaratio": 0.4115770283, "operatingIncome": 491070000, "operatingIncomeRatio": 0.2703189198, "totalOtherIncomeExpensesNet": -1209492000, "incomeBeforeTax": -778628000, "incomeBeforeTaxRatio": -0.4286107478, "incomeTaxExpense": -209673000, "netIncome": -568895000, "netIncomeRatio": -0.3131591869, "eps": -3.36, "epsdiluted": -3.36, "weightedAverageShsOut": 169353000, "weightedAverageShsOutDil": 169410000, "link": "https://www.sec.gov/Archives/edgar/data/2809/000104746912003484/0001047469-12-003484-index.htm", "finalLink": "https://www.sec.gov/Archives/edgar/data/2809/000104746912003484/a2208447z20-f.htm", "calculatedOtherExpenses": 341558000, "calculatedOperatingExpenses": 449484000, "calculatedNetInterest": -55039000, "calculatedOtherIncome": -1214659000, "calculatedIncomeNonControlling": -60000, "calculatedEbitda": 752851000}, {"date": "2010-12-31", "symbol": "AEM", "reportedCurrency": "USD", "cik": "0000002809", "fillingDate": "2011-03-28", "acceptedDate": "2011-03-28 17:09:55", "calendarYear": "2010", "period": "FY", "revenue": 1517400000, "costOfRevenue": 677472000, "grossProfit": 839928000, "grossProfitRatio": 0.5535310399, "researchAndDevelopmentExpenses": 0, "generalAndAdministrativeExpenses": 0, "sellingAndMarketingExpenses": 0, "sellingGeneralAndAdministrativeExpenses": 94327000, "otherExpenses": 241369000, "operatingExpenses": 335696000, "costAndExpenses": 1013168000, "interestIncome": 75392000, "interestExpense": 49493000, "depreciationAndAmortization": 192486000, "ebitda": 696718000, "ebitdaratio": 0.4591524977, "operatingIncome": 477133000, "operatingIncomeRatio": 0.3144411493, "totalOtherIncomeExpensesNet": -19536000, "incomeBeforeTax": 435203000, "incomeBeforeTaxRatio": 0.2868083564, "incomeTaxExpense": 103087000, "netIncome": 332116000, "netIncomeRatio": 0.2188717543, "eps": 2.05, "epsdiluted": 2, "weightedAverageShsOut": 162386000, "weightedAverageShsOutDil": 165842000, "link": "https://www.sec.gov/Archives/edgar/data/2809/000104746911002754/0001047469-11-002754-index.htm", "finalLink": "https://www.sec.gov/Archives/edgar/data/2809/000104746911002754/a2202678z20-f.htm", "calculatedOtherExpenses": 268468000, "calculatedOperatingExpenses": 362795000, "calculatedNetInterest": 25899000, "calculatedOtherIncome": -67829000, "calculatedIncomeNonControlling": 0, "calculatedEbitda": 669619000}, {"date": "2009-12-31", "symbol": "AEM", "reportedCurrency": "USD", "cik": "0000002809", "fillingDate": "2010-03-26", "acceptedDate": "2010-03-26 16:06:37", "calendarYear": "2009", "period": "FY", "revenue": 623904000, "costOfRevenue": 306318000, "grossProfit": 317586000, "grossProfitRatio": 0.5090302354, "researchAndDevelopmentExpenses": 0, "generalAndAdministrativeExpenses": 0, "sellingAndMarketingExpenses": 0, "sellingGeneralAndAdministrativeExpenses": 63687000, "otherExpenses": 113754000, "operatingExpenses": 177441000, "costAndExpenses": 483759000, "interestIncome": 16172000, "interestExpense": 8448000, "depreciationAndAmortization": 72461000, "ebitda": 228778000, "ebitdaratio": 0.3666878238, "operatingIncome": 156317000, "operatingIncomeRatio": 0.2505465584, "totalOtherIncomeExpensesNet": -39831000, "incomeBeforeTax": 108038000, "incomeBeforeTaxRatio": 0.1731644612, "incomeTaxExpense": 21500000, "netIncome": 86538000, "netIncomeRatio": 0.1387040314, "eps": 0.55, "epsdiluted": 0.55, "weightedAverageShsOut": 155942151, "weightedAverageShsOutDil": 158620888, "link": "https://www.sec.gov/Archives/edgar/data/2809/000104746910002778/0001047469-10-002778-index.htm", "finalLink": "https://www.sec.gov/Archives/edgar/data/2809/000104746910002778/a2197435z20-f.htm", "calculatedOtherExpenses": 97582000, "calculatedOperatingExpenses": 161269000, "calculatedNetInterest": 7724000, "calculatedOtherIncome": -56003000, "calculatedIncomeNonControlling": 0, "calculatedEbitda": 228778000}, {"date": "2008-12-31", "symbol": "AEM", "reportedCurrency": "USD", "cik": "0000002809", "fillingDate": "2009-03-31", "acceptedDate": "2009-03-31 15:30:15", "calendarYear": "2008", "period": "FY", "revenue": 380659000, "costOfRevenue": 192194000, "grossProfit": 188465000, "grossProfitRatio": 0.4951019154, "researchAndDevelopmentExpenses": 0, "generalAndAdministrativeExpenses": 0, "sellingAndMarketingExpenses": 0, "sellingGeneralAndAdministrativeExpenses": 47187000, "otherExpenses": 70837000, "operatingExpenses": 118024000, "costAndExpenses": 310218000, "interestIncome": 0, "interestExpense": -54052000, "depreciationAndAmortization": 36133000, "ebitda": 78072000, "ebitdaratio": 0.2050969503, "operatingIncome": 41939000, "operatingIncomeRatio": 0.1101747233, "totalOtherIncomeExpensesNet": 28502000, "incomeBeforeTax": 95991000, "incomeBeforeTaxRatio": 0.2521705779, "incomeTaxExpense": 22824000, "netIncome": 73167000, "netIncomeRatio": 0.1922114018, "eps": 0.51, "epsdiluted": 0.5, "weightedAverageShsOut": 144740658, "weightedAverageShsOutDil": 145888728, "link": "https://www.sec.gov/Archives/edgar/data/2809/000104746909003515/0001047469-09-003515-index.htm", "finalLink": "https://www.sec.gov/Archives/edgar/data/2809/000104746909003515/a2191825z20-f.htm", "calculatedOtherExpenses": 99339000, "calculatedOperatingExpenses": 146526000, "calculatedNetInterest": 54052000, "calculatedOtherIncome": 0, "calculatedIncomeNonControlling": 0, "calculatedEbitda": 78072000}, {"date": "2007-12-31", "symbol": "AEM", "reportedCurrency": "USD", "cik": "0000002809", "fillingDate": "2008-03-28", "acceptedDate": "2008-03-28 11:44:49", "calendarYear": "2007", "period": "FY", "revenue": 461435000, "costOfRevenue": 169306000, "grossProfit": 292129000, "grossProfitRatio": 0.6330880839, "researchAndDevelopmentExpenses": 0, "generalAndAdministrativeExpenses": 0, "sellingAndMarketingExpenses": 0, "sellingGeneralAndAdministrativeExpenses": 38167000, "otherExpenses": 53264000, "operatingExpenses": 91431000, "costAndExpenses": 260737000, "interestIncome": 0, "interestExpense": 75458000, "depreciationAndAmortization": 27757000, "ebitda": 262493000, "ebitdaratio": 0.5688623533, "operatingIncome": 234736000, "operatingIncomeRatio": 0.5087087022, "totalOtherIncomeExpensesNet": -34038000, "incomeBeforeTax": 159278000, "incomeBeforeTaxRatio": 0.3451797111, "incomeTaxExpense": 19933000, "netIncome": 139345000, "netIncomeRatio": 0.3019818609, "eps": 1.05, "epsdiluted": 1.04, "weightedAverageShsOut": 132768049, "weightedAverageShsOutDil": 133957869, "link": "https://www.sec.gov/Archives/edgar/data/2809/000104746908003612/0001047469-08-003612-index.htm", "finalLink": "https://www.sec.gov/Archives/edgar/data/2809/000104746908003612/a2183565z20-f.htm", "calculatedOtherExpenses": 19226000, "calculatedOperatingExpenses": 57393000, "calculatedNetInterest": -75458000, "calculatedOtherIncome": 0, "calculatedIncomeNonControlling": 0, "calculatedEbitda": 262493000}, {"date": "2006-12-31", "symbol": "AEM", "reportedCurrency": "USD", "cik": "0000002809", "fillingDate": "2007-03-30", "acceptedDate": "2007-03-30 15:05:27", "calendarYear": "2006", "period": "FY", "revenue": 510547000, "costOfRevenue": 147511000, "grossProfit": 363036000, "grossProfitRatio": 0.7110726339, "researchAndDevelopmentExpenses": 0, "generalAndAdministrativeExpenses": 0, "sellingAndMarketingExpenses": 0, "sellingGeneralAndAdministrativeExpenses": 25884000, "otherExpenses": 55669000, "operatingExpenses": 81553000, "costAndExpenses": 229064000, "interestIncome": 0, "interestExpense": 13997000, "depreciationAndAmortization": 25543000, "ebitda": 300183000, "ebitdaratio": 0.587963498, "operatingIncome": 274640000, "operatingIncomeRatio": 0.5379328446, "totalOtherIncomeExpensesNet": 6180000, "incomeBeforeTax": 260643000, "incomeBeforeTaxRatio": 0.5105171512, "incomeTaxExpense": 99306000, "netIncome": 161337000, "netIncomeRatio": 0.3160081246, "eps": 1.4, "epsdiluted": 1.35, "weightedAverageShsOut": 115240714, "weightedAverageShsOutDil": 119508889, "link": "https://www.sec.gov/Archives/edgar/data/2809/000104746907002366/0001047469-07-002366-index.htm", "finalLink": "https://www.sec.gov/Archives/edgar/data/2809/000104746907002366/a2176731z20-f.htm", "calculatedOtherExpenses": 62512000, "calculatedOperatingExpenses": 88396000, "calculatedNetInterest": -13997000, "calculatedOtherIncome": 0, "calculatedIncomeNonControlling": 0, "calculatedEbitda": 300183000}, {"date": "2005-12-31", "symbol": "AEM", "reportedCurrency": "USD", "cik": "0000002809", "fillingDate": "2006-03-28", "acceptedDate": "2006-03-27 18:05:33", "calendarYear": "2005", "period": "FY", "revenue": 246334000, "costOfRevenue": 128717000, "grossProfit": 117617000, "grossProfitRatio": 0.4774696144, "researchAndDevelopmentExpenses": 0, "generalAndAdministrativeExpenses": 0, "sellingAndMarketingExpenses": 0, "sellingGeneralAndAdministrativeExpenses": 11727000, "otherExpenses": 42643000, "operatingExpenses": 54370000, "costAndExpenses": 183087000, "interestIncome": 0, "interestExpense": 45224000, "depreciationAndAmortization": 33076000, "ebitda": 113579000, "ebitdaratio": 0.4610772366, "operatingIncome": 80503000, "operatingIncomeRatio": 0.3268042576, "totalOtherIncomeExpensesNet": -20155000, "incomeBeforeTax": 35279000, "incomeBeforeTaxRatio": 0.1432161212, "incomeTaxExpense": -1715000, "netIncome": 36994000, "netIncomeRatio": 0.1501782133, "eps": 0.42, "epsdiluted": 0.42, "weightedAverageShsOut": 88080952, "weightedAverageShsOutDil": 88080952, "link": "https://www.sec.gov/Archives/edgar/data/2809/000104746906004056/0001047469-06-004056-index.htm", "finalLink": "https://www.sec.gov/Archives/edgar/data/2809/000104746906004056/a2168598z20-f.htm", "calculatedOtherExpenses": 25387000, "calculatedOperatingExpenses": 37114000, "calculatedNetInterest": -45224000, "calculatedOtherIncome": 0, "calculatedIncomeNonControlling": 0, "calculatedEbitda": 113579000}, {"date": "2004-12-31", "symbol": "AEM", "reportedCurrency": "USD", "cik": "0000002809", "fillingDate": "2005-04-01", "acceptedDate": "2005-03-31 21:59:08", "calendarYear": "2004", "period": "FY", "revenue": 188704000, "costOfRevenue": 98591000, "grossProfit": 90113000, "grossProfitRatio": 0.4775362472, "researchAndDevelopmentExpenses": 0, "generalAndAdministrativeExpenses": 0, "sellingAndMarketingExpenses": 0, "sellingGeneralAndAdministrativeExpenses": 6864000, "otherExpenses": 25347000, "operatingExpenses": 32211000, "costAndExpenses": 130802000, "interestIncome": 0, "interestExpense": 13309000, "depreciationAndAmortization": 26555000, "ebitda": 85897000, "ebitdaratio": 0.4551943785, "operatingIncome": 59342000, "operatingIncomeRatio": 0.3144713414, "totalOtherIncomeExpensesNet": -3664000, "incomeBeforeTax": 46033000, "incomeBeforeTaxRatio": 0.2439428947, "incomeTaxExpense": -1846000, "netIncome": 47879000, "netIncomeRatio": 0.2537254112, "eps": 0.56, "epsdiluted": 0.56, "weightedAverageShsOut": 85498214, "weightedAverageShsOutDil": 85498214, "link": "https://www.sec.gov/Archives/edgar/data/2809/000104746905008704/0001047469-05-008704-index.htm", "finalLink": "https://www.sec.gov/Archives/edgar/data/2809/000104746905008704/a2153918z20-f.htm", "calculatedOtherExpenses": 23907000, "calculatedOperatingExpenses": 30771000, "calculatedNetInterest": -13309000, "calculatedOtherIncome": 0, "calculatedIncomeNonControlling": 0, "calculatedEbitda": 85897000}, {"date": "2003-12-31", "symbol": "AEM", "reportedCurrency": "USD", "cik": "0000002809", "fillingDate": "2004-05-18", "acceptedDate": "2004-05-18 09:14:13", "calendarYear": "2003", "period": "FY", "revenue": 129599000, "costOfRevenue": 106233000, "grossProfit": 23366000, "grossProfitRatio": 0.180294601, "researchAndDevelopmentExpenses": 0, "generalAndAdministrativeExpenses": 0, "sellingAndMarketingExpenses": 0, "sellingGeneralAndAdministrativeExpenses": 7121000, "otherExpenses": 23480000, "operatingExpenses": 30601000, "costAndExpenses": 136834000, "interestIncome": 0, "interestExpense": 12694000, "depreciationAndAmortization": 22883000, "ebitda": 15720000, "ebitdaratio": 0.1212972322, "operatingIncome": -7163000, "operatingIncomeRatio": -0.0552704882, "totalOtherIncomeExpensesNet": -1698000, "incomeBeforeTax": -18113000, "incomeBeforeTaxRatio": -0.1397618809, "incomeTaxExpense": -358000, "netIncome": -19499000, "netIncomeRatio": -0.1504564078, "eps": -0.23, "epsdiluted": -0.23, "weightedAverageShsOut": 84778261, "weightedAverageShsOutDil": 84778261, "link": "https://www.sec.gov/Archives/edgar/data/2809/000104746904017690/0001047469-04-017690-index.htm", "finalLink": "https://www.sec.gov/Archives/edgar/data/2809/000104746904017690/a2136089z20-f.htm", "calculatedOtherExpenses": 23408000, "calculatedOperatingExpenses": 30529000, "calculatedNetInterest": -12694000, "calculatedOtherIncome": 1744000, "calculatedIncomeNonControlling": 1744000, "calculatedEbitda": 15720000}, {"date": "2002-12-31", "symbol": "AEM", "reportedCurrency": "USD", "cik": "0000002809", "fillingDate": "2003-05-20", "acceptedDate": "2003-05-20 15:11:24", "calendarYear": "2002", "period": "FY", "revenue": 109970000, "costOfRevenue": 76798000, "grossProfit": 33172000, "grossProfitRatio": 0.3016459034, "researchAndDevelopmentExpenses": 0, "generalAndAdministrativeExpenses": 0, "sellingAndMarketingExpenses": 0, "sellingGeneralAndAdministrativeExpenses": 5530000, "otherExpenses": 16764000, "operatingExpenses": 22294000, "costAndExpenses": 99092000, "interestIncome": 0, "interestExpense": 5193000, "depreciationAndAmortization": 16838000, "ebitda": 26642000, "ebitdaratio": 0.2422660726, "operatingIncome": 9804000, "operatingIncomeRatio": 0.0891515868, "totalOtherIncomeExpensesNet": 1074000, "incomeBeforeTax": 4611000, "incomeBeforeTaxRatio": 0.0419296172, "incomeTaxExpense": 588000, "netIncome": 4023000, "netIncomeRatio": 0.0365827044, "eps": 0.06, "epsdiluted": 0.06, "weightedAverageShsOut": 67050000, "weightedAverageShsOutDil": 80237000, "link": "https://www.sec.gov/Archives/edgar/data/2809/000104746903019303/0001047469-03-019303-index.htm", "finalLink": "https://www.sec.gov/Archives/edgar/data/2809/000104746903019303/a2111663z20-f.htm", "calculatedOtherExpenses": 17838000, "calculatedOperatingExpenses": 23368000, "calculatedNetInterest": -5193000, "calculatedOtherIncome": 0, "calculatedIncomeNonControlling": 0, "calculatedEbitda": 26642000}, {"date": "2001-12-31", "symbol": "AEM", "reportedCurrency": "USD", "cik": "0000002809", "fillingDate": "2002-05-13", "acceptedDate": "2002-05-14 11:44:55", "calendarYear": "2001", "period": "FY", "revenue": 95461000, "costOfRevenue": 67340000, "grossProfit": 28121000, "grossProfitRatio": 0.2945810331, "researchAndDevelopmentExpenses": 0, "generalAndAdministrativeExpenses": 0, "sellingAndMarketingExpenses": 0, "sellingGeneralAndAdministrativeExpenses": 4461000, "otherExpenses": 17070000, "operatingExpenses": 21531000, "costAndExpenses": 88871000, "interestIncome": 0, "interestExpense": 13946000, "depreciationAndAmortization": 15617000, "ebitda": 21871000, "ebitdaratio": 0.2291092698, "operatingIncome": 6254000, "operatingIncomeRatio": 0.0655136653, "totalOtherIncomeExpensesNet": 336000, "incomeBeforeTax": 7692000, "incomeBeforeTaxRatio": 0.0805774086, "incomeTaxExpense": -37000, "netIncome": -7655000, "netIncomeRatio": -0.0801898157, "eps": -0.12, "epsdiluted": -0.0984, "weightedAverageShsOut": 63533333, "weightedAverageShsOutDil": 77813997, "link": "https://www.sec.gov/Archives/edgar/data/2809/999999999702028289/9999999997-02-028289-index.htm", "finalLink": "https://www.sec.gov/Archives/edgar/data/2809/999999999702028289/9999999997-02-028289.paper", "calculatedOtherExpenses": 17406000, "calculatedOperatingExpenses": 21867000, "calculatedNetInterest": -13946000, "calculatedOtherIncome": 15384000, "calculatedIncomeNonControlling": 15384000, "calculatedEbitda": 21871000}, {"date": "2000-12-31", "symbol": "AEM", "reportedCurrency": "USD", "cik": "0000002809", "fillingDate": "2000-12-31", "acceptedDate": "2000-12-31 00:00:00", "calendarYear": "2000", "period": "FY", "revenue": 66971000, "costOfRevenue": 48500000, "grossProfit": 18471000, "grossProfitRatio": 0.2758059459, "researchAndDevelopmentExpenses": 0, "generalAndAdministrativeExpenses": 0, "sellingAndMarketingExpenses": 0, "sellingGeneralAndAdministrativeExpenses": 4223000, "otherExpenses": 13623000, "operatingExpenses": 17846000, "costAndExpenses": 66346000, "interestIncome": 0, "interestExpense": 11428000, "depreciationAndAmortization": 10410000, "ebitda": 12868000, "ebitdaratio": 0.1921428678, "operatingIncome": 2458000, "operatingIncomeRatio": 0.0367024533, "totalOtherIncomeExpensesNet": -1833000, "incomeBeforeTax": -8970000, "incomeBeforeTaxRatio": -0.1339385704, "incomeTaxExpense": -3801000, "netIncome": -5169000, "netIncomeRatio": -0.0771826612, "eps": -0.0949, "epsdiluted": -0.0949, "weightedAverageShsOut": 54446693, "weightedAverageShsOutDil": 54446693, "link": null, "finalLink": null, "calculatedOtherExpenses": 11790000, "calculatedOperatingExpenses": 16013000, "calculatedNetInterest": -11428000, "calculatedOtherIncome": 0, "calculatedIncomeNonControlling": 0, "calculatedEbitda": 12868000}, {"date": "1999-12-31", "symbol": "AEM", "reportedCurrency": "USD", "cik": "0000002809", "fillingDate": "1999-12-31", "acceptedDate": "1999-12-31 00:00:00", "calendarYear": "1999", "period": "FY", "revenue": 29583000, "costOfRevenue": 31726000, "grossProfit": -2143000, "grossProfitRatio": -0.0724402528, "researchAndDevelopmentExpenses": 0, "generalAndAdministrativeExpenses": 0, "sellingAndMarketingExpenses": 0, "sellingGeneralAndAdministrativeExpenses": 4078000, "otherExpenses": 9331000, "operatingExpenses": 13409000, "costAndExpenses": 45135000, "interestIncome": 0, "interestExpense": 8708000, "depreciationAndAmortization": 5460000, "ebitda": -8779000, "ebitdaratio": -0.2967582733, "operatingIncome": -14239000, "operatingIncomeRatio": -0.4813237332, "totalOtherIncomeExpensesNet": -1313000, "incomeBeforeTax": -22947000, "incomeBeforeTaxRatio": -0.7756819795, "incomeTaxExpense": -8294000, "netIncome": -14653000, "netIncomeRatio": -0.4953182571, "eps": -0.27, "epsdiluted": -0.27, "weightedAverageShsOut": 53331000, "weightedAverageShsOutDil": 53331000, "link": null, "finalLink": null, "calculatedOtherExpenses": 8018000, "calculatedOperatingExpenses": 12096000, "calculatedNetInterest": -8708000, "calculatedOtherIncome": 0, "calculatedIncomeNonControlling": 0, "calculatedEbitda": -8779000}, {"date": "1998-12-31", "symbol": "AEM", "reportedCurrency": "USD", "cik": "0000002809", "fillingDate": "1998-12-31", "acceptedDate": "1998-12-31 00:00:00", "calendarYear": "1998", "period": "FY", "revenue": 40763000, "costOfRevenue": 27843000, "grossProfit": 12920000, "grossProfitRatio": 0.3169541005, "researchAndDevelopmentExpenses": 0, "generalAndAdministrativeExpenses": 0, "sellingAndMarketingExpenses": 0, "sellingGeneralAndAdministrativeExpenses": 3553000, "otherExpenses": 13954000, "operatingExpenses": 17507000, "costAndExpenses": 45350000, "interestIncome": 0, "interestExpense": 3682000, "depreciationAndAmortization": 11628000, "ebitda": 4586000, "ebitdaratio": 0.1125039865, "operatingIncome": -7042000, "operatingIncomeRatio": -0.172754704, "totalOtherIncomeExpensesNet": 2455000, "incomeBeforeTax": -10724000, "incomeBeforeTaxRatio": -0.2630817163, "incomeTaxExpense": -3295000, "netIncome": -7429000, "netIncomeRatio": -0.1822486078, "eps": -0.15, "epsdiluted": -0.15, "weightedAverageShsOut": 50437475, "weightedAverageShsOutDil": 50437475, "link": null, "finalLink": null, "calculatedOtherExpenses": 16409000, "calculatedOperatingExpenses": 19962000, "calculatedNetInterest": -3682000, "calculatedOtherIncome": 0, "calculatedIncomeNonControlling": 0, "calculatedEbitda": 4586000}, {"date": "1997-12-31", "symbol": "AEM", "reportedCurrency": "USD", "cik": "0000002809", "fillingDate": "1997-12-31", "acceptedDate": "1997-12-31 00:00:00", "calendarYear": "1997", "period": "FY", "revenue": 44348000, "costOfRevenue": 29029000, "grossProfit": 15319000, "grossProfitRatio": 0.3454270768, "researchAndDevelopmentExpenses": 0, "generalAndAdministrativeExpenses": 0, "sellingAndMarketingExpenses": 0, "sellingGeneralAndAdministrativeExpenses": 5106000, "otherExpenses": 16368000, "operatingExpenses": 21474000, "costAndExpenses": 50503000, "interestIncome": 0, "interestExpense": 176064000, "depreciationAndAmortization": 11961000, "ebitda": 89606000, "ebitdaratio": 2.0205195274, "operatingIncome": 77645000, "operatingIncomeRatio": 1.7508117615, "totalOtherIncomeExpensesNet": -83800000, "incomeBeforeTax": -98419000, "incomeBeforeTaxRatio": -2.2192432579, "incomeTaxExpense": -13360000, "netIncome": -85059000, "netIncomeRatio": -1.9179895373, "eps": -1.98, "epsdiluted": -1.98, "weightedAverageShsOut": 42954383, "weightedAverageShsOutDil": 42954383, "link": null, "finalLink": null, "calculatedOtherExpenses": -67432000, "calculatedOperatingExpenses": -62326000, "calculatedNetInterest": -176064000, "calculatedOtherIncome": 0, "calculatedIncomeNonControlling": 0, "calculatedEbitda": 89606000}, {"date": "1996-12-31", "symbol": "AEM", "reportedCurrency": "USD", "cik": "0000002809", "fillingDate": "1996-12-31", "acceptedDate": "1996-12-31 00:00:00", "calendarYear": "1996", "period": "FY", "revenue": 59033000, "costOfRevenue": 29991000, "grossProfit": 29042000, "grossProfitRatio": 0.4919621229, "researchAndDevelopmentExpenses": 0, "generalAndAdministrativeExpenses": 0, "sellingAndMarketingExpenses": 0, "sellingGeneralAndAdministrativeExpenses": 5254000, "otherExpenses": 15323000, "operatingExpenses": 20577000, "costAndExpenses": 50568000, "interestIncome": 0, "interestExpense": 7881000, "depreciationAndAmortization": 11529000, "ebitda": 19775000, "ebitdaratio": 0.3349821286, "operatingIncome": 8246000, "operatingIncomeRatio": 0.1396845832, "totalOtherIncomeExpensesNet": 219000, "incomeBeforeTax": 365000, "incomeBeforeTaxRatio": 0.0061829824, "incomeTaxExpense": 146000, "netIncome": 219000, "netIncomeRatio": 0.0037097894, "eps": 0.0073, "epsdiluted": 0.0073, "weightedAverageShsOut": 30012334, "weightedAverageShsOutDil": 30012334, "link": null, "finalLink": null, "calculatedOtherExpenses": 15542000, "calculatedOperatingExpenses": 20796000, "calculatedNetInterest": -7881000, "calculatedOtherIncome": 0, "calculatedIncomeNonControlling": 0, "calculatedEbitda": 19775000}, {"date": "1995-12-31", "symbol": "AEM", "reportedCurrency": "USD", "cik": "0000002809", "fillingDate": "1995-12-31", "acceptedDate": "1995-12-31 00:00:00", "calendarYear": "1995", "period": "FY", "revenue": 64800000, "costOfRevenue": 0, "grossProfit": 64800000, "grossProfitRatio": 1, "researchAndDevelopmentExpenses": 0, "generalAndAdministrativeExpenses": 0, "sellingAndMarketingExpenses": 0, "sellingGeneralAndAdministrativeExpenses": 0, "otherExpenses": -7.450580596923828e-09, "operatingExpenses": -7.450580596923828e-09, "costAndExpenses": -7.450580596923828e-09, "interestIncome": 0, "interestExpense": 0, "depreciationAndAmortization": 9971844, "ebitda": 74771844, "ebitdaratio": 1.1538864846, "operatingIncome": 64799999, "operatingIncomeRatio": 1, "totalOtherIncomeExpensesNet": 0, "incomeBeforeTax": 0, "incomeBeforeTaxRatio": 0, "incomeTaxExpense": 49699999, "netIncome": 15100000, "netIncomeRatio": 0.2330246914, "eps": 0.37, "epsdiluted": 0.37, "weightedAverageShsOut": 37027027, "weightedAverageShsOutDil": 37027027, "link": null, "finalLink": null, "calculatedOtherExpenses": 1, "calculatedOperatingExpenses": 1, "calculatedNetInterest": 0, "calculatedOtherIncome": -64799999, "calculatedIncomeNonControlling": -64799999, "calculatedEbitda": 74771843}, {"date": "1994-12-31", "symbol": "AEM", "reportedCurrency": "USD", "cik": "0000002809", "fillingDate": "1994-12-31", "acceptedDate": "1994-12-31 00:00:00", "calendarYear": "1994", "period": "FY", "revenue": 54600000, "costOfRevenue": 0, "grossProfit": 54600000, "grossProfitRatio": 1, "researchAndDevelopmentExpenses": 0, "generalAndAdministrativeExpenses": 0, "sellingAndMarketingExpenses": 0, "sellingGeneralAndAdministrativeExpenses": 0, "otherExpenses": 0, "operatingExpenses": 0, "costAndExpenses": 0, "interestIncome": 0, "interestExpense": 0, "depreciationAndAmortization": 9339664, "ebitda": 63939664, "ebitdaratio": 1.1710561235, "operatingIncome": 54600000, "operatingIncomeRatio": 1, "totalOtherIncomeExpensesNet": 0, "incomeBeforeTax": 0, "incomeBeforeTaxRatio": 0, "incomeTaxExpense": 44700000, "netIncome": 9900000, "netIncomeRatio": 0.1813186813, "eps": 0.24, "epsdiluted": 0.24, "weightedAverageShsOut": 36250000, "weightedAverageShsOutDil": 36250000, "link": null, "finalLink": null, "calculatedOtherExpenses": 0, "calculatedOperatingExpenses": 0, "calculatedNetInterest": 0, "calculatedOtherIncome": -54600000, "calculatedIncomeNonControlling": -54600000, "calculatedEbitda": 63939664}, {"date": "1993-12-31", "symbol": "AEM", "reportedCurrency": "USD", "cik": "0000002809", "fillingDate": "1993-12-31", "acceptedDate": "1993-12-31 00:00:00", "calendarYear": "1993", "period": "FY", "revenue": 58500000, "costOfRevenue": 0, "grossProfit": 58500000, "grossProfitRatio": 1, "researchAndDevelopmentExpenses": 0, "generalAndAdministrativeExpenses": 0, "sellingAndMarketingExpenses": 0, "sellingGeneralAndAdministrativeExpenses": 0, "otherExpenses": 0, "operatingExpenses": 0, "costAndExpenses": 0, "interestIncome": 0, "interestExpense": 0, "depreciationAndAmortization": 5966947, "ebitda": 64466947, "ebitdaratio": 1.101999105, "operatingIncome": 58500000, "operatingIncomeRatio": 1, "totalOtherIncomeExpensesNet": 0, "incomeBeforeTax": 0, "incomeBeforeTaxRatio": 0, "incomeTaxExpense": 52900000, "netIncome": 5600000, "netIncomeRatio": 0.0957264957, "eps": 0.16, "epsdiluted": 0.16, "weightedAverageShsOut": 35000000, "weightedAverageShsOutDil": 35000000, "link": null, "finalLink": null, "calculatedOtherExpenses": 0, "calculatedOperatingExpenses": 0, "calculatedNetInterest": 0, "calculatedOtherIncome": -58500000, "calculatedIncomeNonControlling": -58500000, "calculatedEbitda": 64466947}, {"date": "1992-12-31", "symbol": "AEM", "reportedCurrency": "USD", "cik": "0000002809", "fillingDate": "1992-12-31", "acceptedDate": "1992-12-31 00:00:00", "calendarYear": "1992", "period": "FY", "revenue": 55500000, "costOfRevenue": 0, "grossProfit": 55500000, "grossProfitRatio": 1, "researchAndDevelopmentExpenses": 0, "generalAndAdministrativeExpenses": 0, "sellingAndMarketingExpenses": 0, "sellingGeneralAndAdministrativeExpenses": 0, "otherExpenses": 0, "operatingExpenses": 0, "costAndExpenses": 0, "interestIncome": 0, "interestExpense": 0, "depreciationAndAmortization": 0, "ebitda": 55500000, "ebitdaratio": 1, "operatingIncome": 55500000, "operatingIncomeRatio": 1, "totalOtherIncomeExpensesNet": 0, "incomeBeforeTax": 0, "incomeBeforeTaxRatio": 0, "incomeTaxExpense": 50600000, "netIncome": 4900000, "netIncomeRatio": 0.0882882883, "eps": 0.16, "epsdiluted": 0.16, "weightedAverageShsOut": 30625000, "weightedAverageShsOutDil": 30625000, "link": null, "finalLink": null, "calculatedOtherExpenses": 0, "calculatedOperatingExpenses": 0, "calculatedNetInterest": 0, "calculatedOtherIncome": -55500000, "calculatedIncomeNonControlling": -55500000, "calculatedEbitda": 55500000}, {"date": "1991-12-31", "symbol": "AEM", "reportedCurrency": "USD", "cik": "0000002809", "fillingDate": "1991-12-31", "acceptedDate": "1991-12-31 00:00:00", "calendarYear": "1991", "period": "FY", "revenue": 67000000, "costOfRevenue": 0, "grossProfit": 67000000, "grossProfitRatio": 1, "researchAndDevelopmentExpenses": 0, "generalAndAdministrativeExpenses": 0, "sellingAndMarketingExpenses": 0, "sellingGeneralAndAdministrativeExpenses": 0, "otherExpenses": 0, "operatingExpenses": 0, "costAndExpenses": 0, "interestIncome": 0, "interestExpense": 0, "depreciationAndAmortization": 0, "ebitda": 67000000, "ebitdaratio": 1, "operatingIncome": 67000000, "operatingIncomeRatio": 1, "totalOtherIncomeExpensesNet": 0, "incomeBeforeTax": 0, "incomeBeforeTaxRatio": 0, "incomeTaxExpense": 137900000, "netIncome": -70900000, "netIncomeRatio": -1.0582089552, "eps": -2.47, "epsdiluted": -2.47, "weightedAverageShsOut": 28704453, "weightedAverageShsOutDil": 28704453, "link": null, "finalLink": null, "calculatedOtherExpenses": 0, "calculatedOperatingExpenses": 0, "calculatedNetInterest": 0, "calculatedOtherIncome": -67000000, "calculatedIncomeNonControlling": -67000000, "calculatedEbitda": 67000000}, {"date": "1990-12-31", "symbol": "AEM", "reportedCurrency": "USD", "cik": "0000002809", "fillingDate": "1990-12-31", "acceptedDate": "1990-12-31 00:00:00", "calendarYear": "1990", "period": "FY", "revenue": 61700000, "costOfRevenue": 0, "grossProfit": 61700000, "grossProfitRatio": 1, "researchAndDevelopmentExpenses": 0, "generalAndAdministrativeExpenses": 0, "sellingAndMarketingExpenses": 0, "sellingGeneralAndAdministrativeExpenses": 0, "otherExpenses": 0, "operatingExpenses": 0, "costAndExpenses": 0, "interestIncome": 0, "interestExpense": 0, "depreciationAndAmortization": 0, "ebitda": 61700000, "ebitdaratio": 1, "operatingIncome": 61700000, "operatingIncomeRatio": 1, "totalOtherIncomeExpensesNet": 0, "incomeBeforeTax": 0, "incomeBeforeTaxRatio": 0, "incomeTaxExpense": 102800000, "netIncome": -41100000, "netIncomeRatio": -0.6661264182, "eps": -1.57, "epsdiluted": -1.57, "weightedAverageShsOut": 26178344, "weightedAverageShsOutDil": 26178344, "link": null, "finalLink": null, "calculatedOtherExpenses": 0, "calculatedOperatingExpenses": 0, "calculatedNetInterest": 0, "calculatedOtherIncome": -61700000, "calculatedIncomeNonControlling": -61700000, "calculatedEbitda": 61700000}, {"date": "1989-12-31", "symbol": "AEM", "reportedCurrency": "USD", "cik": "0000002809", "fillingDate": "1989-12-31", "acceptedDate": "1989-12-31 00:00:00", "calendarYear": "1989", "period": "FY", "revenue": 31900000, "costOfRevenue": 0, "grossProfit": 31900000, "grossProfitRatio": 1, "researchAndDevelopmentExpenses": 0, "generalAndAdministrativeExpenses": 0, "sellingAndMarketingExpenses": 0, "sellingGeneralAndAdministrativeExpenses": 0, "otherExpenses": 0, "operatingExpenses": 0, "costAndExpenses": 0, "interestIncome": 0, "interestExpense": 0, "depreciationAndAmortization": 0, "ebitda": 31900000, "ebitdaratio": 1, "operatingIncome": 31900000, "operatingIncomeRatio": 1, "totalOtherIncomeExpensesNet": 0, "incomeBeforeTax": 0, "incomeBeforeTaxRatio": 0, "incomeTaxExpense": 40600000, "netIncome": -8700000, "netIncomeRatio": -0.2727272727, "eps": -0.33, "epsdiluted": -0.33, "weightedAverageShsOut": 26178344, "weightedAverageShsOutDil": 26178344, "link": null, "finalLink": null, "calculatedOtherExpenses": 0, "calculatedOperatingExpenses": 0, "calculatedNetInterest": 0, "calculatedOtherIncome": -31900000, "calculatedIncomeNonControlling": -31900000, "calculatedEbitda": 31900000}, {"date": "1988-12-31", "symbol": "AEM", "reportedCurrency": "USD", "cik": "0000002809", "fillingDate": "1988-12-31", "acceptedDate": "1988-12-31 00:00:00", "calendarYear": "1988", "period": "FY", "revenue": 35500000, "costOfRevenue": 0, "grossProfit": 35500000, "grossProfitRatio": 1, "researchAndDevelopmentExpenses": 0, "generalAndAdministrativeExpenses": 0, "sellingAndMarketingExpenses": 0, "sellingGeneralAndAdministrativeExpenses": 0, "otherExpenses": 0, "operatingExpenses": 0, "costAndExpenses": 0, "interestIncome": 0, "interestExpense": 0, "depreciationAndAmortization": 0, "ebitda": 35500000, "ebitdaratio": 1, "operatingIncome": 35500000, "operatingIncomeRatio": 1, "totalOtherIncomeExpensesNet": 0, "incomeBeforeTax": 0, "incomeBeforeTaxRatio": 0, "incomeTaxExpense": 40100000, "netIncome": -4600000, "netIncomeRatio": -0.1295774648, "eps": -0.31, "epsdiluted": -0.31, "weightedAverageShsOut": 14838710, "weightedAverageShsOutDil": 14838710, "link": null, "finalLink": null, "calculatedOtherExpenses": 0, "calculatedOperatingExpenses": 0, "calculatedNetInterest": 0, "calculatedOtherIncome": -35500000, "calculatedIncomeNonControlling": -35500000, "calculatedEbitda": 35500000}, {"date": "1987-12-31", "symbol": "AEM", "reportedCurrency": "USD", "cik": "0000002809", "fillingDate": "1987-12-31", "acceptedDate": "1987-12-31 00:00:00", "calendarYear": "1987", "period": "FY", "revenue": 39900000, "costOfRevenue": 0, "grossProfit": 39900000, "grossProfitRatio": 1, "researchAndDevelopmentExpenses": 0, "generalAndAdministrativeExpenses": 0, "sellingAndMarketingExpenses": 0, "sellingGeneralAndAdministrativeExpenses": 0, "otherExpenses": 0, "operatingExpenses": 0, "costAndExpenses": 0, "interestIncome": 0, "interestExpense": 0, "depreciationAndAmortization": 0, "ebitda": 39900000, "ebitdaratio": 1, "operatingIncome": 39900000, "operatingIncomeRatio": 1, "totalOtherIncomeExpensesNet": 0, "incomeBeforeTax": 0, "incomeBeforeTaxRatio": 0, "incomeTaxExpense": 32400000, "netIncome": 7500000, "netIncomeRatio": 0.1879699248, "eps": 0.52, "epsdiluted": 0.52, "weightedAverageShsOut": 14423077, "weightedAverageShsOutDil": 14423077, "link": null, "finalLink": null, "calculatedOtherExpenses": 0, "calculatedOperatingExpenses": 0, "calculatedNetInterest": 0, "calculatedOtherIncome": -39900000, "calculatedIncomeNonControlling": -39900000, "calculatedEbitda": 39900000}, {"date": "1986-12-31", "symbol": "AEM", "reportedCurrency": "USD", "cik": "0000002809", "fillingDate": "1986-12-31", "acceptedDate": "1986-12-31 00:00:00", "calendarYear": "1986", "period": "FY", "revenue": 27100000, "costOfRevenue": 0, "grossProfit": 27100000, "grossProfitRatio": 1, "researchAndDevelopmentExpenses": 0, "generalAndAdministrativeExpenses": 0, "sellingAndMarketingExpenses": 0, "sellingGeneralAndAdministrativeExpenses": 0, "otherExpenses": 0, "operatingExpenses": 0, "costAndExpenses": 0, "interestIncome": 0, "interestExpense": 0, "depreciationAndAmortization": 0, "ebitda": 27100000, "ebitdaratio": 1, "operatingIncome": 27100000, "operatingIncomeRatio": 1, "totalOtherIncomeExpensesNet": 0, "incomeBeforeTax": 0, "incomeBeforeTaxRatio": 0, "incomeTaxExpense": 23300000, "netIncome": 3800000, "netIncomeRatio": 0.1402214022, "eps": 0.27, "epsdiluted": 0.27, "weightedAverageShsOut": 14074074, "weightedAverageShsOutDil": 14074074, "link": null, "finalLink": null, "calculatedOtherExpenses": 0, "calculatedOperatingExpenses": 0, "calculatedNetInterest": 0, "calculatedOtherIncome": -27100000, "calculatedIncomeNonControlling": -27100000, "calculatedEbitda": 27100000}, {"date": "1985-12-31", "symbol": "AEM", "reportedCurrency": "USD", "cik": "0000002809", "fillingDate": "1985-12-31", "acceptedDate": "1985-12-31 00:00:00", "calendarYear": "1985", "period": "FY", "revenue": 33200000, "costOfRevenue": 0, "grossProfit": 33200000, "grossProfitRatio": 1, "researchAndDevelopmentExpenses": 0, "generalAndAdministrativeExpenses": 0, "sellingAndMarketingExpenses": 0, "sellingGeneralAndAdministrativeExpenses": 0, "otherExpenses": 0, "operatingExpenses": 0, "costAndExpenses": 0, "interestIncome": 0, "interestExpense": 0, "depreciationAndAmortization": 0, "ebitda": 33200000, "ebitdaratio": 1, "operatingIncome": 33200000, "operatingIncomeRatio": 1, "totalOtherIncomeExpensesNet": 0, "incomeBeforeTax": 0, "incomeBeforeTaxRatio": 0, "incomeTaxExpense": 28600000, "netIncome": 4600000, "netIncomeRatio": 0.1385542169, "eps": 0.34, "epsdiluted": 0.34, "weightedAverageShsOut": 13529412, "weightedAverageShsOutDil": 13529412, "link": null, "finalLink": null, "calculatedOtherExpenses": 0, "calculatedOperatingExpenses": 0, "calculatedNetInterest": 0, "calculatedOtherIncome": -33200000, "calculatedIncomeNonControlling": -33200000, "calculatedEbitda": 33200000}]}