{"originalCurrency": "USD", "convertedCurrency": "USD", "report": [{"date": "2024-02-03", "symbol": "AEO", "reportedCurrency": "USD", "cik": "0000919012", "fillingDate": "2024-03-15", "acceptedDate": "2024-03-15 17:05:59", "calendarYear": "2023", "period": "FY", "revenue": 5261770000, "costOfRevenue": 3449508000, "grossProfit": 1812262000, "grossProfitRatio": 0.3444206037, "researchAndDevelopmentExpenses": 0, "generalAndAdministrativeExpenses": 1246400000, "sellingAndMarketingExpenses": 186900000, "sellingGeneralAndAdministrativeExpenses": 1433300000, "otherExpenses": -10950000, "operatingExpenses": 1444250000, "costAndExpenses": 4893758000, "interestIncome": 6190000, "interestExpense": 1180000, "depreciationAndAmortization": 235981000, "ebitda": 603993000, "ebitdaratio": 0.1147889398, "operatingIncome": 368012000, "operatingIncomeRatio": 0.0699407234, "totalOtherIncomeExpensesNet": -128154000, "incomeBeforeTax": 239858000, "incomeBeforeTaxRatio": 0.0455850408, "incomeTaxExpense": 69820000, "netIncome": 170038000, "netIncomeRatio": 0.0323157417, "eps": 0.87, "epsdiluted": 0.86, "weightedAverageShsOut": 195646000, "weightedAverageShsOutDil": 196863000, "link": "https://www.sec.gov/Archives/edgar/data/919012/000095017024032294/0000950170-24-032294-index.htm", "finalLink": "https://www.sec.gov/Archives/edgar/data/919012/000095017024032294/aeo-20240203.htm", "calculatedOtherExpenses": 10950000, "calculatedOperatingExpenses": 1444250000, "calculatedNetInterest": 5010000, "calculatedOtherIncome": -133164000, "calculatedIncomeNonControlling": 0, "calculatedEbitda": 603993000}, {"date": "2023-01-28", "symbol": "AEO", "reportedCurrency": "USD", "cik": "0000919012", "fillingDate": "2023-03-13", "acceptedDate": "2023-03-13 16:49:42", "calendarYear": "2022", "period": "FY", "revenue": 4989833000, "costOfRevenue": 3244585000, "grossProfit": 1745248000, "grossProfitRatio": 0.3497608036, "researchAndDevelopmentExpenses": 0, "generalAndAdministrativeExpenses": 1093895000, "sellingAndMarketingExpenses": 175200000, "sellingGeneralAndAdministrativeExpenses": 1269095000, "otherExpenses": 206897000, "operatingExpenses": 1475992000, "costAndExpenses": 4720577000, "interestIncome": 14297000, "interestExpense": 79018000, "depreciationAndAmortization": 239571000, "ebitda": 486618000, "ebitdaratio": 0.097521901, "operatingIncome": 247047000, "operatingIncomeRatio": 0.0495100738, "totalOtherIncomeExpensesNet": -68553000, "incomeBeforeTax": 178494000, "incomeBeforeTaxRatio": 0.0357715378, "incomeTaxExpense": 53358000, "netIncome": 125136000, "netIncomeRatio": 0.025078194, "eps": 0.69, "epsdiluted": 0.64, "weightedAverageShsOut": 181778000, "weightedAverageShsOutDil": 205226000, "link": "https://www.sec.gov/Archives/edgar/data/919012/000095017023007604/0000950170-23-007604-index.htm", "finalLink": "https://www.sec.gov/Archives/edgar/data/919012/000095017023007604/aeo-20230128.htm", "calculatedOtherExpenses": 229106000, "calculatedOperatingExpenses": 1498201000, "calculatedNetInterest": -64721000, "calculatedOtherIncome": -3832000, "calculatedIncomeNonControlling": 0, "calculatedEbitda": 486618000}, {"date": "2022-01-29", "symbol": "AEO", "reportedCurrency": "USD", "cik": "0000919012", "fillingDate": "2022-03-14", "acceptedDate": "2022-03-14 16:32:40", "calendarYear": "2021", "period": "FY", "revenue": 5010785000, "costOfRevenue": 3018995000, "grossProfit": 1991790000, "grossProfitRatio": 0.3975005912, "researchAndDevelopmentExpenses": 0, "generalAndAdministrativeExpenses": 1048400000, "sellingAndMarketingExpenses": 173600000, "sellingGeneralAndAdministrativeExpenses": 1222000000, "otherExpenses": 166781000, "operatingExpenses": 1388781000, "costAndExpenses": 4407776000, "interestIncome": 34632000, "interestExpense": 34632000, "depreciationAndAmortization": 181214000, "ebitda": 772279000, "ebitdaratio": 0.1541233559, "operatingIncome": 591065000, "operatingIncomeRatio": 0.1179585634, "totalOtherIncomeExpensesNet": -32143000, "incomeBeforeTax": 558922000, "incomeBeforeTaxRatio": 0.1115438, "incomeTaxExpense": 139293000, "netIncome": 419629000, "netIncomeRatio": 0.0837451617, "eps": 2.5, "epsdiluted": 2.03, "weightedAverageShsOut": 168156000, "weightedAverageShsOutDil": 206529000, "link": "https://www.sec.gov/Archives/edgar/data/919012/000095017022003587/0000950170-22-003587-index.htm", "finalLink": "https://www.sec.gov/Archives/edgar/data/919012/000095017022003587/aeo-20220129.htm", "calculatedOtherExpenses": 178725000, "calculatedOperatingExpenses": 1400725000, "calculatedNetInterest": 0, "calculatedOtherIncome": -32143000, "calculatedIncomeNonControlling": 0, "calculatedEbitda": 772279000}, {"date": "2021-01-30", "symbol": "AEO", "reportedCurrency": "USD", "cik": "0000919012", "fillingDate": "2021-03-11", "acceptedDate": "2021-03-11 16:31:15", "calendarYear": "2020", "period": "FY", "revenue": 3759113000, "costOfRevenue": 2610966000, "grossProfit": 1148147000, "grossProfitRatio": 0.305430297, "researchAndDevelopmentExpenses": 0, "generalAndAdministrativeExpenses": 827264000, "sellingAndMarketingExpenses": 150000000, "sellingGeneralAndAdministrativeExpenses": 977264000, "otherExpenses": 162402000, "operatingExpenses": 1139666000, "costAndExpenses": 3750632000, "interestIncome": 24610000, "interestExpense": 24610000, "depreciationAndAmortization": 162402000, "ebitda": 450709000, "ebitdaratio": 0.1198976993, "operatingIncome": 288307000, "operatingIncomeRatio": 0.0766954864, "totalOtherIncomeExpensesNet": -580580000, "incomeBeforeTax": -292273000, "incomeBeforeTaxRatio": -0.0777505225, "incomeTaxExpense": -82999000, "netIncome": -209274000, "netIncomeRatio": -0.0556711118, "eps": -1.26, "epsdiluted": -1.26, "weightedAverageShsOut": 166455000, "weightedAverageShsOutDil": 166455000, "link": "https://www.sec.gov/Archives/edgar/data/919012/000156459021012543/0001564590-21-012543-index.htm", "finalLink": "https://www.sec.gov/Archives/edgar/data/919012/000156459021012543/aeo-10k_20210130.htm", "calculatedOtherExpenses": -117424000, "calculatedOperatingExpenses": 859840000, "calculatedNetInterest": 0, "calculatedOtherIncome": -580580000, "calculatedIncomeNonControlling": 0, "calculatedEbitda": 450709000}, {"date": "2020-02-01", "symbol": "AEO", "reportedCurrency": "USD", "cik": "0000919012", "fillingDate": "2020-03-12", "acceptedDate": "2020-03-12 16:17:08", "calendarYear": "2019", "period": "FY", "revenue": 4308212000, "costOfRevenue": 2785911000, "grossProfit": 1522301000, "grossProfitRatio": 0.3533486746, "researchAndDevelopmentExpenses": 0, "generalAndAdministrativeExpenses": 877912000, "sellingAndMarketingExpenses": 151500000, "sellingGeneralAndAdministrativeExpenses": 1029412000, "otherExpenses": 179050000, "operatingExpenses": 1208462000, "costAndExpenses": 3994373000, "interestIncome": 6202000, "interestExpense": 0, "depreciationAndAmortization": 179050000, "ebitda": 573383000, "ebitdaratio": 0.1330907114, "operatingIncome": 394333000, "operatingIncomeRatio": 0.0915305468, "totalOtherIncomeExpensesNet": -149055000, "incomeBeforeTax": 245278000, "incomeBeforeTaxRatio": 0.0569326672, "incomeTaxExpense": 54021000, "netIncome": 191257000, "netIncomeRatio": 0.0443935907, "eps": 1.13, "epsdiluted": 1.12, "weightedAverageShsOut": 169711000, "weightedAverageShsOutDil": 170867000, "link": "https://www.sec.gov/Archives/edgar/data/919012/000156459020010469/0001564590-20-010469-index.htm", "finalLink": "https://www.sec.gov/Archives/edgar/data/919012/000156459020010469/aeo-10k_20200201.htm", "calculatedOtherExpenses": 98556000, "calculatedOperatingExpenses": 1127968000, "calculatedNetInterest": 6202000, "calculatedOtherIncome": -155257000, "calculatedIncomeNonControlling": 0, "calculatedEbitda": 573383000}, {"date": "2019-02-02", "symbol": "AEO", "reportedCurrency": "USD", "cik": "0000919012", "fillingDate": "2019-03-14", "acceptedDate": "2019-03-14 16:16:51", "calendarYear": "2018", "period": "FY", "revenue": 4035720000, "costOfRevenue": 2548082000, "grossProfit": 1487638000, "grossProfitRatio": 0.3686177436, "researchAndDevelopmentExpenses": 0, "generalAndAdministrativeExpenses": 837410000, "sellingAndMarketingExpenses": 143200000, "sellingGeneralAndAdministrativeExpenses": 980610000, "otherExpenses": 7971000, "operatingExpenses": 1148941000, "costAndExpenses": 3697023000, "interestIncome": 0, "interestExpense": 0, "depreciationAndAmortization": 168331000, "ebitda": 508596000, "ebitdaratio": 0.1260236092, "operatingIncome": 337129000, "operatingIncomeRatio": 0.0835362711, "totalOtherIncomeExpensesNet": 6403000, "incomeBeforeTax": 345100000, "incomeBeforeTaxRatio": 0.0855113833, "incomeTaxExpense": 83198000, "netIncome": 261902000, "netIncomeRatio": 0.0648959789, "eps": 1.48, "epsdiluted": 1.47, "weightedAverageShsOut": 176476000, "weightedAverageShsOutDil": 178035000, "link": "https://www.sec.gov/Archives/edgar/data/919012/000156459019007828/0001564590-19-007828-index.htm", "finalLink": "https://www.sec.gov/Archives/edgar/data/919012/000156459019007828/aeo-10k_20190202.htm", "calculatedOtherExpenses": 169899000, "calculatedOperatingExpenses": 1150509000, "calculatedNetInterest": 0, "calculatedOtherIncome": 7971000, "calculatedIncomeNonControlling": 0, "calculatedEbitda": 505460000}, {"date": "2018-02-03", "symbol": "AEO", "reportedCurrency": "USD", "cik": "0000919012", "fillingDate": "2018-03-16", "acceptedDate": "2018-03-16 16:02:31", "calendarYear": "2017", "period": "FY", "revenue": 3795549000, "costOfRevenue": 2425044000, "grossProfit": 1370505000, "grossProfitRatio": 0.3610821518, "researchAndDevelopmentExpenses": 0, "generalAndAdministrativeExpenses": 749885000, "sellingAndMarketingExpenses": 129800000, "sellingGeneralAndAdministrativeExpenses": 879685000, "otherExpenses": -15615000, "operatingExpenses": 1047106000, "costAndExpenses": 3472150000, "interestIncome": 0, "interestExpense": 0, "depreciationAndAmortization": 167421000, "ebitda": 511431000, "ebitdaratio": 0.1347449341, "operatingIncome": 302788000, "operatingIncomeRatio": 0.0797744938, "totalOtherIncomeExpensesNet": -36226000, "incomeBeforeTax": 287173000, "incomeBeforeTaxRatio": 0.0756604644, "incomeTaxExpense": 83010000, "netIncome": 204163000, "netIncomeRatio": 0.0537901105, "eps": 1.15, "epsdiluted": 1.13, "weightedAverageShsOut": 177938000, "weightedAverageShsOutDil": 180156000, "link": "https://www.sec.gov/Archives/edgar/data/919012/000156459018006045/0001564590-18-006045-index.htm", "finalLink": "https://www.sec.gov/Archives/edgar/data/919012/000156459018006045/aeo-10k_20180203.htm", "calculatedOtherExpenses": 188032000, "calculatedOperatingExpenses": 1067717000, "calculatedNetInterest": 0, "calculatedOtherIncome": -15615000, "calculatedIncomeNonControlling": 0, "calculatedEbitda": 470209000}, {"date": "2017-01-28", "symbol": "AEO", "reportedCurrency": "USD", "cik": "0000919012", "fillingDate": "2017-03-10", "acceptedDate": "2017-03-10 15:59:14", "calendarYear": "2016", "period": "FY", "revenue": 3609865000, "costOfRevenue": 2242938000, "grossProfit": 1366927000, "grossProfitRatio": 0.3786642991, "researchAndDevelopmentExpenses": 0, "generalAndAdministrativeExpenses": 733062000, "sellingAndMarketingExpenses": 124500000, "sellingGeneralAndAdministrativeExpenses": 857562000, "otherExpenses": 3786000, "operatingExpenses": 1014285000, "costAndExpenses": 3257223000, "interestIncome": 0, "interestExpense": 0, "depreciationAndAmortization": 156723000, "ebitda": 530531000, "ebitdaratio": 0.1469669918, "operatingIncome": 331476000, "operatingIncomeRatio": 0.0918250405, "totalOtherIncomeExpensesNet": -17380000, "incomeBeforeTax": 335262000, "incomeBeforeTaxRatio": 0.0928738332, "incomeTaxExpense": 122813000, "netIncome": 212449000, "netIncomeRatio": 0.0588523394, "eps": 1.17, "epsdiluted": 1.16, "weightedAverageShsOut": 181429000, "weightedAverageShsOutDil": 183835000, "link": "https://www.sec.gov/Archives/edgar/data/919012/000156459017003969/0001564590-17-003969-index.htm", "finalLink": "https://www.sec.gov/Archives/edgar/data/919012/000156459017003969/aeo-10k_20170128.htm", "calculatedOtherExpenses": 177889000, "calculatedOperatingExpenses": 1035451000, "calculatedNetInterest": 0, "calculatedOtherIncome": 3786000, "calculatedIncomeNonControlling": 0, "calculatedEbitda": 488199000}, {"date": "2016-01-30", "symbol": "AEO", "reportedCurrency": "USD", "cik": "0000919012", "fillingDate": "2016-03-10", "acceptedDate": "2016-03-10 16:23:46", "calendarYear": "2015", "period": "FY", "revenue": 3521848000, "costOfRevenue": 2219114000, "grossProfit": 1302734000, "grossProfitRatio": 0.3699006885, "researchAndDevelopmentExpenses": 0, "generalAndAdministrativeExpenses": 730600000, "sellingAndMarketingExpenses": 104100000, "sellingGeneralAndAdministrativeExpenses": 834700000, "otherExpenses": 1993000, "operatingExpenses": 982856000, "costAndExpenses": 3201970000, "interestIncome": 0, "interestExpense": 0, "depreciationAndAmortization": 148156000, "ebitda": 468034000, "ebitdaratio": 0.132894435, "operatingIncome": 319878000, "operatingIncomeRatio": 0.0908267478, "totalOtherIncomeExpensesNet": 1993000, "incomeBeforeTax": 321871000, "incomeBeforeTaxRatio": 0.0913926439, "incomeTaxExpense": 108580000, "netIncome": 218138000, "netIncomeRatio": 0.061938505, "eps": 1.12, "epsdiluted": 1.11, "weightedAverageShsOut": 194351000, "weightedAverageShsOutDil": 196237000, "link": "https://www.sec.gov/Archives/edgar/data/919012/000156459016014422/0001564590-16-014422-index.htm", "finalLink": "https://www.sec.gov/Archives/edgar/data/919012/000156459016014422/aeo-10k_20160130.htm", "calculatedOtherExpenses": 148156000, "calculatedOperatingExpenses": 982856000, "calculatedNetInterest": 0, "calculatedOtherIncome": 1993000, "calculatedIncomeNonControlling": -4847000, "calculatedEbitda": 468034000}, {"date": "2015-01-31", "symbol": "AEO", "reportedCurrency": "USD", "cik": "0000919012", "fillingDate": "2015-03-11", "acceptedDate": "2015-03-11 16:55:13", "calendarYear": "2014", "period": "FY", "revenue": 3282867000, "costOfRevenue": 2128193000, "grossProfit": 1154674000, "grossProfitRatio": 0.3517273164, "researchAndDevelopmentExpenses": 0, "generalAndAdministrativeExpenses": 712298000, "sellingAndMarketingExpenses": 94200000, "sellingGeneralAndAdministrativeExpenses": 806498000, "otherExpenses": 3737000, "operatingExpenses": 947689000, "costAndExpenses": 3075882000, "interestIncome": 0, "interestExpense": 0, "depreciationAndAmortization": 141191000, "ebitda": 399396000, "ebitdaratio": 0.1216607313, "operatingIncome": 155765000, "operatingIncomeRatio": 0.0474478558, "totalOtherIncomeExpensesNet": -47483000, "incomeBeforeTax": 159502000, "incomeBeforeTaxRatio": 0.0485861901, "incomeTaxExpense": 70715000, "netIncome": 80322000, "netIncomeRatio": 0.0244670284, "eps": 0.42, "epsdiluted": 0.42, "weightedAverageShsOut": 194437000, "weightedAverageShsOutDil": 195135000, "link": "https://www.sec.gov/Archives/edgar/data/919012/000119312515087519/0001193125-15-087519-index.htm", "finalLink": "https://www.sec.gov/Archives/edgar/data/919012/000119312515087519/d848537d10k.htm", "calculatedOtherExpenses": 192411000, "calculatedOperatingExpenses": 998909000, "calculatedNetInterest": 0, "calculatedOtherIncome": 3737000, "calculatedIncomeNonControlling": 8465000, "calculatedEbitda": 296956000}, {"date": "2014-02-01", "symbol": "AEO", "reportedCurrency": "USD", "cik": "0000919012", "fillingDate": "2014-03-13", "acceptedDate": "2014-03-13 17:23:08", "calendarYear": "2013", "period": "FY", "revenue": 3305802000, "costOfRevenue": 2191803000, "grossProfit": 1113999000, "grossProfitRatio": 0.3369829772, "researchAndDevelopmentExpenses": 0, "generalAndAdministrativeExpenses": 709505000, "sellingAndMarketingExpenses": 87000000, "sellingGeneralAndAdministrativeExpenses": 796505000, "otherExpenses": 1022000, "operatingExpenses": 928479000, "costAndExpenses": 3120282000, "interestIncome": 0, "interestExpense": 0, "depreciationAndAmortization": 131974000, "ebitda": 361959000, "ebitdaratio": 0.1094920385, "operatingIncome": 141055000, "operatingIncomeRatio": 0.0426689197, "totalOtherIncomeExpensesNet": -43443000, "incomeBeforeTax": 142077000, "incomeBeforeTaxRatio": 0.0429780731, "incomeTaxExpense": 59094000, "netIncome": 82983000, "netIncomeRatio": 0.0251022294, "eps": 0.43, "epsdiluted": 0.43, "weightedAverageShsOut": 192802000, "weightedAverageShsOutDil": 194475000, "link": "https://www.sec.gov/Archives/edgar/data/919012/000119312514098050/0001193125-14-098050-index.htm", "finalLink": "https://www.sec.gov/Archives/edgar/data/919012/000119312514098050/d657823d10k.htm", "calculatedOtherExpenses": 176439000, "calculatedOperatingExpenses": 972944000, "calculatedNetInterest": 0, "calculatedOtherIncome": 1022000, "calculatedIncomeNonControlling": 0, "calculatedEbitda": 273029000}, {"date": "2013-02-02", "symbol": "AEO", "reportedCurrency": "USD", "cik": "0000919012", "fillingDate": "2013-03-12", "acceptedDate": "2013-03-12 08:48:11", "calendarYear": "2012", "period": "FY", "revenue": 3475802000, "costOfRevenue": 2085480000, "grossProfit": 1390322000, "grossProfitRatio": 0.4000003452, "researchAndDevelopmentExpenses": 0, "generalAndAdministrativeExpenses": 744601000, "sellingAndMarketingExpenses": 90000000, "sellingGeneralAndAdministrativeExpenses": 834601000, "otherExpenses": 7432000, "operatingExpenses": 960847000, "costAndExpenses": 3046327000, "interestIncome": 0, "interestExpense": 0, "depreciationAndAmortization": 128397000, "ebitda": 592741000, "ebitdaratio": 0.170533592, "operatingIncome": 394606000, "operatingIncomeRatio": 0.1135294818, "totalOtherIncomeExpensesNet": -27437000, "incomeBeforeTax": 402038000, "incomeBeforeTaxRatio": 0.1156676934, "incomeTaxExpense": 137940000, "netIncome": 232108000, "netIncomeRatio": 0.0667782572, "eps": 1.19, "epsdiluted": 1.16, "weightedAverageShsOut": 196211000, "weightedAverageShsOutDil": 200665000, "link": "https://www.sec.gov/Archives/edgar/data/919012/000119312513102293/0001193125-13-102293-index.htm", "finalLink": "https://www.sec.gov/Archives/edgar/data/919012/000119312513102293/d468081d10k.htm", "calculatedOtherExpenses": 161115000, "calculatedOperatingExpenses": 995716000, "calculatedNetInterest": 0, "calculatedOtherIncome": 7432000, "calculatedIncomeNonControlling": 31990000, "calculatedEbitda": 523003000}, {"date": "2012-01-28", "symbol": "AEO", "reportedCurrency": "USD", "cik": "0000919012", "fillingDate": "2012-03-15", "acceptedDate": "2012-03-15 16:36:34", "calendarYear": "2011", "period": "FY", "revenue": 3159818000, "costOfRevenue": 2031477000, "grossProfit": 1128341000, "grossProfitRatio": 0.3570905033, "researchAndDevelopmentExpenses": 0, "generalAndAdministrativeExpenses": 0, "sellingAndMarketingExpenses": 0, "sellingGeneralAndAdministrativeExpenses": 735828000, "otherExpenses": 140647000, "operatingExpenses": 876475000, "costAndExpenses": 2907952000, "interestIncome": 0, "interestExpense": 0, "depreciationAndAmortization": 143156000, "ebitda": 409878000, "ebitdaratio": 0.1297156988, "operatingIncome": 231136000, "operatingIncomeRatio": 0.0731485168, "totalOtherIncomeExpensesNet": -14856000, "incomeBeforeTax": 237010000, "incomeBeforeTaxRatio": 0.0750074846, "incomeTaxExpense": 85305000, "netIncome": 151705000, "netIncomeRatio": 0.0480106766, "eps": 0.78, "epsdiluted": 0.77, "weightedAverageShsOut": 194445000, "weightedAverageShsOutDil": 196314000, "link": "https://www.sec.gov/Archives/edgar/data/919012/000119312512117468/0001193125-12-117468-index.htm", "finalLink": "https://www.sec.gov/Archives/edgar/data/919012/000119312512117468/d277416d10k.htm", "calculatedOtherExpenses": 161377000, "calculatedOperatingExpenses": 897205000, "calculatedNetInterest": 0, "calculatedOtherIncome": 5874000, "calculatedIncomeNonControlling": 0, "calculatedEbitda": 374292000}, {"date": "2011-01-29", "symbol": "AEO", "reportedCurrency": "USD", "cik": "0000919012", "fillingDate": "2011-03-11", "acceptedDate": "2011-03-11 16:43:02", "calendarYear": "2010", "period": "FY", "revenue": 2967559000, "costOfRevenue": 1796600000, "grossProfit": 1170959000, "grossProfitRatio": 0.3945865946, "researchAndDevelopmentExpenses": 0, "generalAndAdministrativeExpenses": 0, "sellingAndMarketingExpenses": 0, "sellingGeneralAndAdministrativeExpenses": 713197000, "otherExpenses": 140501000, "operatingExpenses": 853698000, "costAndExpenses": 2650298000, "interestIncome": 0, "interestExpense": 0, "depreciationAndAmortization": 145548000, "ebitda": 484986000, "ebitdaratio": 0.1634292696, "operatingIncome": 317261000, "operatingIncomeRatio": 0.1069097531, "totalOtherIncomeExpensesNet": -22177000, "incomeBeforeTax": 295084000, "incomeBeforeTaxRatio": 0.0994366077, "incomeTaxExpense": 113150000, "netIncome": 140647000, "netIncomeRatio": 0.0473948454, "eps": 0.7, "epsdiluted": 0.7, "weightedAverageShsOut": 199979000, "weightedAverageShsOutDil": 201818000, "link": "https://www.sec.gov/Archives/edgar/data/919012/000095012311024788/0000950123-11-024788-index.htm", "finalLink": "https://www.sec.gov/Archives/edgar/data/919012/000095012311024788/l41576e10vk.htm", "calculatedOtherExpenses": 140501000, "calculatedOperatingExpenses": 853698000, "calculatedNetInterest": 0, "calculatedOtherIncome": -22177000, "calculatedIncomeNonControlling": 41287000, "calculatedEbitda": 462809000}, {"date": "2010-01-30", "symbol": "AEO", "reportedCurrency": "USD", "cik": "0000919012", "fillingDate": "2010-03-26", "acceptedDate": "2010-03-26 16:26:20", "calendarYear": "2009", "period": "FY", "revenue": 2990520000, "costOfRevenue": 1832471000, "grossProfit": 1158049000, "grossProfitRatio": 0.3872400118, "researchAndDevelopmentExpenses": 0, "generalAndAdministrativeExpenses": 0, "sellingAndMarketingExpenses": 0, "sellingGeneralAndAdministrativeExpenses": 756256000, "otherExpenses": 145408000, "operatingExpenses": 901664000, "costAndExpenses": 2734135000, "interestIncome": 0, "interestExpense": 0, "depreciationAndAmortization": 147483000, "ebitda": 427862000, "ebitdaratio": 0.1430727766, "operatingIncome": 238393000, "operatingIncomeRatio": 0.0797162366, "totalOtherIncomeExpensesNet": -23994000, "incomeBeforeTax": 232391000, "incomeBeforeTaxRatio": 0.0777092278, "incomeTaxExpense": 63369000, "netIncome": 169022000, "netIncomeRatio": 0.0565192676, "eps": 0.82, "epsdiluted": 0.81, "weightedAverageShsOut": 206171000, "weightedAverageShsOutDil": 209512000, "link": "https://www.sec.gov/Archives/edgar/data/919012/000095012310028815/0000950123-10-028815-index.htm", "finalLink": "https://www.sec.gov/Archives/edgar/data/919012/000095012310028815/l39237e10vk.htm", "calculatedOtherExpenses": 163400000, "calculatedOperatingExpenses": 919656000, "calculatedNetInterest": 0, "calculatedOtherIncome": -6002000, "calculatedIncomeNonControlling": 0, "calculatedEbitda": 385876000}, {"date": "2009-01-31", "symbol": "AEO", "reportedCurrency": "USD", "cik": "0000919012", "fillingDate": "2009-03-30", "acceptedDate": "2009-03-30 16:50:55", "calendarYear": "2008", "period": "FY", "revenue": 2988866000, "costOfRevenue": 1814765000, "grossProfit": 1174101000, "grossProfitRatio": 0.3928249042, "researchAndDevelopmentExpenses": 0, "generalAndAdministrativeExpenses": 0, "sellingAndMarketingExpenses": 0, "sellingGeneralAndAdministrativeExpenses": 740742000, "otherExpenses": 131219000, "operatingExpenses": 871961000, "costAndExpenses": 2686726000, "interestIncome": 0, "interestExpense": 0, "depreciationAndAmortization": 133141000, "ebitda": 440380000, "ebitdaratio": 0.1473401618, "operatingIncome": 302140000, "operatingIncomeRatio": 0.1010885065, "totalOtherIncomeExpensesNet": -5099000, "incomeBeforeTax": 297041000, "incomeBeforeTaxRatio": 0.0993825083, "incomeTaxExpense": 117980000, "netIncome": 179061000, "netIncomeRatio": 0.0599093435, "eps": 0.87, "epsdiluted": 0.86, "weightedAverageShsOut": 205169000, "weightedAverageShsOutDil": 207582000, "link": "https://www.sec.gov/Archives/edgar/data/919012/000095015209003261/0000950152-09-003261-index.htm", "finalLink": "https://www.sec.gov/Archives/edgar/data/919012/000095015209003261/l35102ae10vk.htm", "calculatedOtherExpenses": 131219000, "calculatedOperatingExpenses": 871961000, "calculatedNetInterest": 0, "calculatedOtherIncome": -5099000, "calculatedIncomeNonControlling": 0, "calculatedEbitda": 435281000}, {"date": "2008-02-02", "symbol": "AEO", "reportedCurrency": "USD", "cik": "0000919012", "fillingDate": "2008-04-02", "acceptedDate": "2008-04-02 16:29:58", "calendarYear": "2007", "period": "FY", "revenue": 3055419000, "costOfRevenue": 1632281000, "grossProfit": 1423138000, "grossProfitRatio": 0.4657750705, "researchAndDevelopmentExpenses": 0, "generalAndAdministrativeExpenses": 0, "sellingAndMarketingExpenses": 0, "sellingGeneralAndAdministrativeExpenses": 715180000, "otherExpenses": 109203000, "operatingExpenses": 824383000, "costAndExpenses": 2456664000, "interestIncome": 0, "interestExpense": 0, "depreciationAndAmortization": 109203000, "ebitda": 670332000, "ebitdaratio": 0.2193911866, "operatingIncome": 598755000, "operatingIncomeRatio": 0.1959649397, "totalOtherIncomeExpensesNet": 37626000, "incomeBeforeTax": 636381000, "incomeBeforeTaxRatio": 0.2082794537, "incomeTaxExpense": 236362000, "netIncome": 400019000, "netIncomeRatio": 0.1309211601, "eps": 1.85, "epsdiluted": 1.82, "weightedAverageShsOut": 216119000, "weightedAverageShsOutDil": 220280000, "link": "https://www.sec.gov/Archives/edgar/data/919012/000095015208002525/0000950152-08-002525-index.htm", "finalLink": "https://www.sec.gov/Archives/edgar/data/919012/000095015208002525/l30693ae10vk.htm", "calculatedOtherExpenses": 109203000, "calculatedOperatingExpenses": 824383000, "calculatedNetInterest": 0, "calculatedOtherIncome": 37626000, "calculatedIncomeNonControlling": 0, "calculatedEbitda": 707958000}, {"date": "2007-02-03", "symbol": "AEO", "reportedCurrency": "USD", "cik": "0000919012", "fillingDate": "2007-04-04", "acceptedDate": "2007-04-04 16:23:19", "calendarYear": "2006", "period": "FY", "revenue": 2794409000, "costOfRevenue": 1453980000, "grossProfit": 1340429000, "grossProfitRatio": 0.479682466, "researchAndDevelopmentExpenses": 0, "generalAndAdministrativeExpenses": 0, "sellingAndMarketingExpenses": 0, "sellingGeneralAndAdministrativeExpenses": 665606000, "otherExpenses": 88033000, "operatingExpenses": 753639000, "costAndExpenses": 2207619000, "interestIncome": 0, "interestExpense": 0, "depreciationAndAmortization": 88033000, "ebitda": 632546000, "ebitdaratio": 0.2263612807, "operatingIncome": 586790000, "operatingIncomeRatio": 0.2099871565, "totalOtherIncomeExpensesNet": 42277000, "incomeBeforeTax": 629067000, "incomeBeforeTaxRatio": 0.2251162947, "incomeTaxExpense": 241708000, "netIncome": 387359000, "netIncomeRatio": 0.138619293, "eps": 1.74, "epsdiluted": 1.7, "weightedAverageShsOut": 222662000, "weightedAverageShsOutDil": 228384000, "link": "https://www.sec.gov/Archives/edgar/data/919012/000119312507074428/0001193125-07-074428-index.htm", "finalLink": "https://www.sec.gov/Archives/edgar/data/919012/000119312507074428/d10k.htm", "calculatedOtherExpenses": 88033000, "calculatedOperatingExpenses": 753639000, "calculatedNetInterest": 0, "calculatedOtherIncome": 42277000, "calculatedIncomeNonControlling": 0, "calculatedEbitda": 674823000}, {"date": "2006-01-28", "symbol": "AEO", "reportedCurrency": "USD", "cik": "0000919012", "fillingDate": "2006-04-05", "acceptedDate": "2006-04-05 16:56:40", "calendarYear": "2005", "period": "FY", "revenue": 2309371000, "costOfRevenue": 1235620000, "grossProfit": 1073751000, "grossProfitRatio": 0.4649538771, "researchAndDevelopmentExpenses": 0, "generalAndAdministrativeExpenses": 0, "sellingAndMarketingExpenses": 0, "sellingGeneralAndAdministrativeExpenses": 538091000, "otherExpenses": 74578000, "operatingExpenses": 612669000, "costAndExpenses": 1848289000, "interestIncome": 0, "interestExpense": 0, "depreciationAndAmortization": 74578000, "ebitda": 519775000, "ebitdaratio": 0.2250721084, "operatingIncome": 461082000, "operatingIncomeRatio": 0.1996569629, "totalOtherIncomeExpensesNet": 15885000, "incomeBeforeTax": 476967000, "incomeBeforeTaxRatio": 0.2065354592, "incomeTaxExpense": 183256000, "netIncome": 294153000, "netIncomeRatio": 0.1273736442, "eps": 1.29, "epsdiluted": 1.26, "weightedAverageShsOut": 227406000, "weightedAverageShsOutDil": 233031000, "link": "https://www.sec.gov/Archives/edgar/data/919012/000119312506073893/0001193125-06-073893-index.htm", "finalLink": "https://www.sec.gov/Archives/edgar/data/919012/000119312506073893/d10k.htm", "calculatedOtherExpenses": 74578000, "calculatedOperatingExpenses": 612669000, "calculatedNetInterest": 0, "calculatedOtherIncome": 15885000, "calculatedIncomeNonControlling": -442000, "calculatedEbitda": 535660000}, {"date": "2005-01-29", "symbol": "AEO", "reportedCurrency": "USD", "cik": "0000919012", "fillingDate": "2005-04-14", "acceptedDate": "2005-04-14 17:21:19", "calendarYear": "2004", "period": "FY", "revenue": 1881241000, "costOfRevenue": 1003433000, "grossProfit": 877808000, "grossProfitRatio": 0.4666111359, "researchAndDevelopmentExpenses": 0, "generalAndAdministrativeExpenses": 0, "sellingAndMarketingExpenses": 0, "sellingGeneralAndAdministrativeExpenses": 446829000, "otherExpenses": 68273000, "operatingExpenses": 515102000, "costAndExpenses": 1518535000, "interestIncome": 0, "interestExpense": 0, "depreciationAndAmortization": 68273000, "ebitda": 426850000, "ebitdaratio": 0.2268980955, "operatingIncome": 362706000, "operatingIncomeRatio": 0.1928014539, "totalOtherIncomeExpensesNet": 4129000, "incomeBeforeTax": 366835000, "incomeBeforeTaxRatio": 0.1949962817, "incomeTaxExpense": 142603000, "netIncome": 213343000, "netIncomeRatio": 0.1134054595, "eps": 0.98, "epsdiluted": 0.95, "weightedAverageShsOut": 217725000, "weightedAverageShsOutDil": 225366000, "link": "https://www.sec.gov/Archives/edgar/data/919012/000119312505076660/0001193125-05-076660-index.htm", "finalLink": "https://www.sec.gov/Archives/edgar/data/919012/000119312505076660/d10k.htm", "calculatedOtherExpenses": 68273000, "calculatedOperatingExpenses": 515102000, "calculatedNetInterest": 0, "calculatedOtherIncome": 4129000, "calculatedIncomeNonControlling": 10889000, "calculatedEbitda": 430979000}, {"date": "2004-01-31", "symbol": "AEO", "reportedCurrency": "USD", "cik": "0000919012", "fillingDate": "2004-04-01", "acceptedDate": "2004-03-31 21:53:17", "calendarYear": "2003", "period": "FY", "revenue": 1519968000, "costOfRevenue": 965716000, "grossProfit": 554252000, "grossProfitRatio": 0.3646471505, "researchAndDevelopmentExpenses": 0, "generalAndAdministrativeExpenses": 0, "sellingAndMarketingExpenses": 0, "sellingGeneralAndAdministrativeExpenses": 379289000, "otherExpenses": 70399000, "operatingExpenses": 449688000, "costAndExpenses": 1415404000, "interestIncome": 0, "interestExpense": 0, "depreciationAndAmortization": 56281000, "ebitda": 172942000, "ebitdaratio": 0.1137800269, "operatingIncome": 104564000, "operatingIncomeRatio": 0.0687935535, "totalOtherIncomeExpensesNet": -12097000, "incomeBeforeTax": 106585000, "incomeBeforeTaxRatio": 0.0701231868, "incomeTaxExpense": 46585000, "netIncome": 60000000, "netIncomeRatio": 0.0394745153, "eps": 0.39, "epsdiluted": 0.38, "weightedAverageShsOut": 213339000, "weightedAverageShsOutDil": 216621000, "link": "https://www.sec.gov/Archives/edgar/data/919012/000091901204000006/0000919012-04-000006-index.htm", "finalLink": "https://www.sec.gov/Archives/edgar/data/919012/000091901204000006/form10k2003final.htm", "calculatedOtherExpenses": 70399000, "calculatedOperatingExpenses": 449688000, "calculatedNetInterest": 0, "calculatedOtherIncome": 2021000, "calculatedIncomeNonControlling": 0, "calculatedEbitda": 160845000}, {"date": "2003-02-01", "symbol": "AEO", "reportedCurrency": "USD", "cik": "0000919012", "fillingDate": "2003-04-02", "acceptedDate": "2003-04-01 18:42:34", "calendarYear": "2002", "period": "FY", "revenue": 1463141000, "costOfRevenue": 920643000, "grossProfit": 542498000, "grossProfitRatio": 0.3707762957, "researchAndDevelopmentExpenses": 0, "generalAndAdministrativeExpenses": 0, "sellingAndMarketingExpenses": 0, "sellingGeneralAndAdministrativeExpenses": 350752000, "otherExpenses": 50661000, "operatingExpenses": 401413000, "costAndExpenses": 1322056000, "interestIncome": 0, "interestExpense": 0, "depreciationAndAmortization": 50661000, "ebitda": 189218000, "ebitdaratio": 0.1293231479, "operatingIncome": 141085000, "operatingIncomeRatio": 0.0964261134, "totalOtherIncomeExpensesNet": 2528000, "incomeBeforeTax": 143613000, "incomeBeforeTaxRatio": 0.0981539031, "incomeTaxExpense": 54878000, "netIncome": 88735000, "netIncomeRatio": 0.0606469233, "eps": 0.41, "epsdiluted": 0.4, "weightedAverageShsOut": 215019490, "weightedAverageShsOutDil": 218239880, "link": "https://www.sec.gov/Archives/edgar/data/919012/000091901203000010/0000919012-03-000010-index.htm", "finalLink": "https://www.sec.gov/Archives/edgar/data/919012/000091901203000010/form10kf.htm", "calculatedOtherExpenses": 50661000, "calculatedOperatingExpenses": 401413000, "calculatedNetInterest": 0, "calculatedOtherIncome": 2528000, "calculatedIncomeNonControlling": 0, "calculatedEbitda": 191746000}, {"date": "2002-02-02", "symbol": "AEO", "reportedCurrency": "USD", "cik": "0000919012", "fillingDate": "2002-05-01", "acceptedDate": "2002-05-01 17:25:22", "calendarYear": "2001", "period": "FY", "revenue": 1371899000, "costOfRevenue": 824531000, "grossProfit": 547368000, "grossProfitRatio": 0.3989856396, "researchAndDevelopmentExpenses": 0, "generalAndAdministrativeExpenses": 0, "sellingAndMarketingExpenses": 0, "sellingGeneralAndAdministrativeExpenses": 339020000, "otherExpenses": 41875000, "operatingExpenses": 380895000, "costAndExpenses": 1205426000, "interestIncome": 0, "interestExpense": 0, "depreciationAndAmortization": 41875000, "ebitda": 205576000, "ebitdaratio": 0.1498477658, "operatingIncome": 166473000, "operatingIncomeRatio": 0.1213449387, "totalOtherIncomeExpensesNet": 2772000, "incomeBeforeTax": 169245000, "incomeBeforeTaxRatio": 0.1233654956, "incomeTaxExpense": 63750000, "netIncome": 105495000, "netIncomeRatio": 0.0768970602, "eps": 0.49, "epsdiluted": 0.48, "weightedAverageShsOut": 214479760, "weightedAverageShsOutDil": 221280360, "link": "https://www.sec.gov/Archives/edgar/data/919012/000095016802001211/0000950168-02-001211-index.htm", "finalLink": "https://www.sec.gov/Archives/edgar/data/919012/000095016802001211/d10k.htm", "calculatedOtherExpenses": 41875000, "calculatedOperatingExpenses": 380895000, "calculatedNetInterest": 0, "calculatedOtherIncome": 2772000, "calculatedIncomeNonControlling": 0, "calculatedEbitda": 208348000}, {"date": "2001-02-03", "symbol": "AEO", "reportedCurrency": "USD", "cik": "0000919012", "fillingDate": "2001-04-27", "acceptedDate": "2001-04-27 00:00:00", "calendarYear": "2000", "period": "FY", "revenue": 1093477000, "costOfRevenue": 657252000, "grossProfit": 436225000, "grossProfitRatio": 0.3989338596, "researchAndDevelopmentExpenses": 0, "generalAndAdministrativeExpenses": 0, "sellingAndMarketingExpenses": 0, "sellingGeneralAndAdministrativeExpenses": 266474000, "otherExpenses": 23200000, "operatingExpenses": 289674000, "costAndExpenses": 946926000, "interestIncome": 0, "interestExpense": 0, "depreciationAndAmortization": 23200000, "ebitda": 163502000, "ebitdaratio": 0.1495248643, "operatingIncome": 146551000, "operatingIncomeRatio": 0.1340229378, "totalOtherIncomeExpensesNet": 6249000, "incomeBeforeTax": 152800000, "incomeBeforeTaxRatio": 0.1397377357, "incomeTaxExpense": 59042000, "netIncome": 93758000, "netIncomeRatio": 0.0857430015, "eps": 0.45, "epsdiluted": 0.43, "weightedAverageShsOut": 208851574, "weightedAverageShsOutDil": 216287856, "link": "https://www.sec.gov/Archives/edgar/data/919012/000095013201500164/0000950132-01-500164-index.htm", "finalLink": "https://www.sec.gov/Archives/edgar/data/919012/000095013201500164/d10k.htm", "calculatedOtherExpenses": 23200000, "calculatedOperatingExpenses": 289674000, "calculatedNetInterest": 0, "calculatedOtherIncome": 6249000, "calculatedIncomeNonControlling": 0, "calculatedEbitda": 169751000}, {"date": "2000-01-29", "symbol": "AEO", "reportedCurrency": "USD", "cik": "0000919012", "fillingDate": "2000-04-12", "acceptedDate": "2000-04-12 00:00:00", "calendarYear": "1999", "period": "FY", "revenue": 832104000, "costOfRevenue": 475596000, "grossProfit": 356508000, "grossProfitRatio": 0.4284416371, "researchAndDevelopmentExpenses": 0, "generalAndAdministrativeExpenses": 0, "sellingAndMarketingExpenses": 0, "sellingGeneralAndAdministrativeExpenses": 194795000, "otherExpenses": 12199000, "operatingExpenses": 206994000, "costAndExpenses": 682590000, "interestIncome": 0, "interestExpense": 0, "depreciationAndAmortization": 12199000, "ebitda": 161873000, "ebitdaratio": 0.1945345774, "operatingIncome": 149514000, "operatingIncomeRatio": 0.1796818667, "totalOtherIncomeExpensesNet": -160000, "incomeBeforeTax": 149354000, "incomeBeforeTaxRatio": 0.179489583, "incomeTaxExpense": 58694000, "netIncome": 90660000, "netIncomeRatio": 0.1089527271, "eps": 0.44, "epsdiluted": 0.41, "weightedAverageShsOut": 208560720, "weightedAverageShsOutDil": 219229385, "link": "https://www.sec.gov/Archives/edgar/data/919012/000095013200000266/0000950132-00-000266-index.html", "finalLink": "https://www.sec.gov/Archives/edgar/data/919012/000095013200000266/0000950132-00-000266-d1.html", "calculatedOtherExpenses": 12199000, "calculatedOperatingExpenses": 206994000, "calculatedNetInterest": 0, "calculatedOtherIncome": -160000, "calculatedIncomeNonControlling": 0, "calculatedEbitda": 161713000}, {"date": "1999-01-30", "symbol": "AEO", "reportedCurrency": "USD", "cik": "0000919012", "fillingDate": "1999-04-21", "acceptedDate": "1999-04-21 00:00:00", "calendarYear": "1998", "period": "FY", "revenue": 587600000, "costOfRevenue": 353089000, "grossProfit": 234511000, "grossProfitRatio": 0.3990997277, "researchAndDevelopmentExpenses": 0, "generalAndAdministrativeExpenses": 0, "sellingAndMarketingExpenses": 0, "sellingGeneralAndAdministrativeExpenses": 138847000, "otherExpenses": 8611000, "operatingExpenses": 147458000, "costAndExpenses": 500547000, "interestIncome": 0, "interestExpense": 0, "depreciationAndAmortization": 8611000, "ebitda": 95664000, "ebitdaratio": 0.162804629, "operatingIncome": 87053000, "operatingIncomeRatio": 0.1481501021, "totalOtherIncomeExpensesNet": 2436000, "incomeBeforeTax": 89489000, "incomeBeforeTaxRatio": 0.1522957794, "incomeTaxExpense": 35371000, "netIncome": 54118000, "netIncomeRatio": 0.0921000681, "eps": 0.27, "epsdiluted": 0.25, "weightedAverageShsOut": 203562219, "weightedAverageShsOutDil": 215568216, "link": "https://www.sec.gov/Archives/edgar/data/919012/000095015299003415/0000950152-99-003415-index.html", "finalLink": "https://www.sec.gov/Archives/edgar/data/919012/", "calculatedOtherExpenses": 8611000, "calculatedOperatingExpenses": 147458000, "calculatedNetInterest": 0, "calculatedOtherIncome": 2436000, "calculatedIncomeNonControlling": 0, "calculatedEbitda": 95664000}, {"date": "1998-01-31", "symbol": "AEO", "reportedCurrency": "USD", "cik": "0000919012", "fillingDate": "1998-04-24", "acceptedDate": "1998-04-24 00:00:00", "calendarYear": "1997", "period": "FY", "revenue": 405713000, "costOfRevenue": 268746000, "grossProfit": 136967000, "grossProfitRatio": 0.3375957882, "researchAndDevelopmentExpenses": 0, "generalAndAdministrativeExpenses": 0, "sellingAndMarketingExpenses": 0, "sellingGeneralAndAdministrativeExpenses": 98529000, "otherExpenses": 7318000, "operatingExpenses": 105847000, "costAndExpenses": 374593000, "interestIncome": 0, "interestExpense": 0, "depreciationAndAmortization": 7318000, "ebitda": 38438000, "ebitdaratio": 0.0947418495, "operatingIncome": 31120000, "operatingIncomeRatio": 0.0767044684, "totalOtherIncomeExpensesNet": 1158000, "incomeBeforeTax": 32278000, "incomeBeforeTaxRatio": 0.0795587028, "incomeTaxExpense": 12741000, "netIncome": 19537000, "netIncomeRatio": 0.0481547301, "eps": 0.0978, "epsdiluted": 0.0956, "weightedAverageShsOut": 198814500, "weightedAverageShsOutDil": 205348500, "link": "https://www.sec.gov/Archives/edgar/data/919012/000095015298003590/0000950152-98-003590-index.html", "finalLink": "https://www.sec.gov/Archives/edgar/data/919012/", "calculatedOtherExpenses": 7318000, "calculatedOperatingExpenses": 105847000, "calculatedNetInterest": 0, "calculatedOtherIncome": 1158000, "calculatedIncomeNonControlling": 0, "calculatedEbitda": 38438000}, {"date": "1997-02-01", "symbol": "AEO", "reportedCurrency": "USD", "cik": "0000919012", "fillingDate": "1997-04-16", "acceptedDate": "1997-04-16 00:00:00", "calendarYear": "1996", "period": "FY", "revenue": 326404000, "costOfRevenue": 227648000, "grossProfit": 98756000, "grossProfitRatio": 0.3025575667, "researchAndDevelopmentExpenses": 0, "generalAndAdministrativeExpenses": 0, "sellingAndMarketingExpenses": 0, "sellingGeneralAndAdministrativeExpenses": 83810000, "otherExpenses": 6087000, "operatingExpenses": 89897000, "costAndExpenses": 317545000, "interestIncome": 0, "interestExpense": 0, "depreciationAndAmortization": 6087000, "ebitda": 14946000, "ebitdaratio": 0.04578988, "operatingIncome": 8859000, "operatingIncomeRatio": 0.0271412115, "totalOtherIncomeExpensesNet": 973000, "incomeBeforeTax": 9832000, "incomeBeforeTaxRatio": 0.0301221799, "incomeTaxExpense": 3907000, "netIncome": 5925000, "netIncomeRatio": 0.0181523511, "eps": 0.0667, "epsdiluted": 0.0667, "weightedAverageShsOut": 131565217, "weightedAverageShsOutDil": 131565217, "link": "https://www.sec.gov/Archives/edgar/data/919012/000095015297002882/0000950152-97-002882-index.html", "finalLink": "https://www.sec.gov/Archives/edgar/data/919012/", "calculatedOtherExpenses": 6087000, "calculatedOperatingExpenses": 89897000, "calculatedNetInterest": 0, "calculatedOtherIncome": 973000, "calculatedIncomeNonControlling": 0, "calculatedEbitda": 14946000}, {"date": "1996-01-31", "symbol": "AEO", "reportedCurrency": "USD", "cik": "0000919012", "fillingDate": "1996-01-31", "acceptedDate": "1996-01-30 19:00:00", "calendarYear": "1995", "period": "FY", "revenue": 226600000, "costOfRevenue": 160100000, "grossProfit": 66500000, "grossProfitRatio": 0.2934686673, "researchAndDevelopmentExpenses": 0, "generalAndAdministrativeExpenses": 0, "sellingAndMarketingExpenses": 0, "sellingGeneralAndAdministrativeExpenses": 46700000, "otherExpenses": 4100000, "operatingExpenses": 50800000, "costAndExpenses": 210900000, "interestIncome": 0, "interestExpense": 0, "depreciationAndAmortization": 4100000, "ebitda": 22900000, "ebitdaratio": 0.101059135, "operatingIncome": 15700000, "operatingIncomeRatio": 0.0692850838, "totalOtherIncomeExpensesNet": -3100000, "incomeBeforeTax": 11700000, "incomeBeforeTaxRatio": 0.0516328332, "incomeTaxExpense": 4600000, "netIncome": 7100000, "netIncomeRatio": 0.0313327449, "eps": -0.0133, "epsdiluted": -0.0133, "weightedAverageShsOut": 9964000, "weightedAverageShsOutDil": 9964000, "link": null, "finalLink": null, "calculatedOtherExpenses": 4100000, "calculatedOperatingExpenses": 50800000, "calculatedNetInterest": 0, "calculatedOtherIncome": -4000000, "calculatedIncomeNonControlling": 0, "calculatedEbitda": 19800000}, {"date": "1994-07-31", "symbol": "AEO", "reportedCurrency": "USD", "cik": "0000919012", "fillingDate": "1994-07-31", "acceptedDate": "1994-07-30 20:00:00", "calendarYear": "1994", "period": "FY", "revenue": 197900000, "costOfRevenue": 135200000, "grossProfit": 62700000, "grossProfitRatio": 0.3168266801, "researchAndDevelopmentExpenses": 0, "generalAndAdministrativeExpenses": 0, "sellingAndMarketingExpenses": 0, "sellingGeneralAndAdministrativeExpenses": 47100000, "otherExpenses": 3700000, "operatingExpenses": 50800000, "costAndExpenses": 186000000, "interestIncome": 0, "interestExpense": 0, "depreciationAndAmortization": 3700000, "ebitda": 15600000, "ebitdaratio": 0.0788276908, "operatingIncome": 11900000, "operatingIncomeRatio": 0.0601313795, "totalOtherIncomeExpensesNet": -700000, "incomeBeforeTax": 11200000, "incomeBeforeTaxRatio": 0.0565942395, "incomeTaxExpense": -1000000, "netIncome": 12200000, "netIncomeRatio": 0.0616472966, "eps": 0.04, "epsdiluted": 0.04, "weightedAverageShsOut": 155922039, "weightedAverageShsOutDil": 155922039, "link": "", "finalLink": "", "calculatedOtherExpenses": 3700000, "calculatedOperatingExpenses": 50800000, "calculatedNetInterest": 0, "calculatedOtherIncome": -700000, "calculatedIncomeNonControlling": 0, "calculatedEbitda": 15600000}, {"date": "1993-07-31", "symbol": "AEO", "reportedCurrency": "USD", "cik": "0000919012", "fillingDate": "1993-07-31", "acceptedDate": "1993-07-30 20:00:00", "calendarYear": "1993", "period": "FY", "revenue": 168100000, "costOfRevenue": 119500000, "grossProfit": 48600000, "grossProfitRatio": 0.2891136228, "researchAndDevelopmentExpenses": 0, "generalAndAdministrativeExpenses": 0, "sellingAndMarketingExpenses": 0, "sellingGeneralAndAdministrativeExpenses": 37700000, "otherExpenses": 3300000, "operatingExpenses": 41000000, "costAndExpenses": 160500000, "interestIncome": 0, "interestExpense": 0, "depreciationAndAmortization": 3300000, "ebitda": 10900000, "ebitdaratio": 0.0648423557, "operatingIncome": 7600000, "operatingIncomeRatio": 0.0452111838, "totalOtherIncomeExpensesNet": -1200000, "incomeBeforeTax": 6400000, "incomeBeforeTaxRatio": 0.0380725758, "incomeTaxExpense": 2600000, "netIncome": 3800000, "netIncomeRatio": 0.0226055919, "eps": 0.0233, "epsdiluted": 0.0233, "weightedAverageShsOut": 162775755, "weightedAverageShsOutDil": 162775755, "link": "", "finalLink": "", "calculatedOtherExpenses": 3300000, "calculatedOperatingExpenses": 41000000, "calculatedNetInterest": 0, "calculatedOtherIncome": -1200000, "calculatedIncomeNonControlling": 0, "calculatedEbitda": 10900000}]}