{"originalCurrency": "USD", "convertedCurrency": "USD", "report": [{"date": "2023-12-31", "symbol": "AEP", "reportedCurrency": "USD", "cik": "0000004904", "fillingDate": "2024-02-26", "acceptedDate": "2024-02-26 16:44:18", "calendarYear": "2023", "period": "FY", "revenue": 18982300000, "costOfRevenue": 6578300000, "grossProfit": 12404000000, "grossProfitRatio": 0.6534508463, "researchAndDevelopmentExpenses": 0, "generalAndAdministrativeExpenses": 0, "sellingAndMarketingExpenses": 0, "sellingGeneralAndAdministrativeExpenses": 221100000, "otherExpenses": 284500000, "operatingExpenses": 8847800000, "costAndExpenses": 15426100000, "interestIncome": 0, "interestExpense": -1806900000, "depreciationAndAmortization": 3090400000, "ebitda": 3492200000, "ebitdaratio": 0.1839713839, "operatingIncome": 3556200000, "operatingIncomeRatio": 0.1873429458, "totalOtherIncomeExpensesNet": -1347500000, "incomeBeforeTax": 2208700000, "incomeBeforeTaxRatio": 0.116355763, "incomeTaxExpense": 54600000, "netIncome": 2208100000, "netIncomeRatio": 0.1163241546, "eps": 4.26, "epsdiluted": 4.24, "weightedAverageShsOut": 518903682, "weightedAverageShsOutDil": 520206258, "link": "https://www.sec.gov/Archives/edgar/data/4904/000000490424000020/0000004904-24-000020-index.htm", "finalLink": "https://www.sec.gov/Archives/edgar/data/4904/000000490424000020/aep-20231231.htm", "calculatedOtherExpenses": 8626700000, "calculatedOperatingExpenses": 8847800000, "calculatedNetInterest": 1806900000, "calculatedOtherIncome": -3154400000, "calculatedIncomeNonControlling": -54000000, "calculatedEbitda": 6646600000}, {"date": "2022-12-31", "symbol": "AEP", "reportedCurrency": "USD", "cik": "0000004904", "fillingDate": "2023-02-23", "acceptedDate": "2023-02-23 08:24:42", "calendarYear": "2022", "period": "FY", "revenue": 19639500000, "costOfRevenue": 8347300000, "grossProfit": 11292200000, "grossProfitRatio": 0.5749739046, "researchAndDevelopmentExpenses": 0, "generalAndAdministrativeExpenses": 0, "sellingAndMarketingExpenses": 0, "sellingGeneralAndAdministrativeExpenses": 188500000, "otherExpenses": 7513700000, "operatingExpenses": 7513700000, "costAndExpenses": 15861000000, "interestIncome": 1396100000, "interestExpense": 1396100000, "depreciationAndAmortization": 3781600000, "ebitda": 7264300000, "ebitdaratio": 0.3698821253, "operatingIncome": 3482700000, "operatingIncomeRatio": 0.1773313985, "totalOtherIncomeExpensesNet": -1062300000, "incomeBeforeTax": 2420400000, "incomeBeforeTaxRatio": 0.1232414267, "incomeTaxExpense": 5400000, "netIncome": 2307200000, "netIncomeRatio": 0.1174775325, "eps": 4.51, "epsdiluted": 4.49, "weightedAverageShsOut": 511841946, "weightedAverageShsOutDil": 513484609, "link": "https://www.sec.gov/Archives/edgar/data/4904/000000490423000011/0000004904-23-000011-index.htm", "finalLink": "https://www.sec.gov/Archives/edgar/data/4904/000000490423000011/aep-20221231.htm", "calculatedOtherExpenses": 7621000000, "calculatedOperatingExpenses": 7809500000, "calculatedNetInterest": 0, "calculatedOtherIncome": -1062300000, "calculatedIncomeNonControlling": 107800000, "calculatedEbitda": 7264300000}, {"date": "2021-12-31", "symbol": "AEP", "reportedCurrency": "USD", "cik": "0000004904", "fillingDate": "2022-02-24", "acceptedDate": "2022-02-24 07:46:11", "calendarYear": "2021", "period": "FY", "revenue": 16792000000, "costOfRevenue": 6588100000, "grossProfit": 10203900000, "grossProfitRatio": 0.607664364, "researchAndDevelopmentExpenses": 0, "generalAndAdministrativeExpenses": 0, "sellingAndMarketingExpenses": 0, "sellingGeneralAndAdministrativeExpenses": 118600000, "otherExpenses": 6781000000, "operatingExpenses": 6781000000, "costAndExpenses": 13369100000, "interestIncome": 1199100000, "interestExpense": 1199100000, "depreciationAndAmortization": 3218000000, "ebitda": 6629300000, "ebitdaratio": 0.3947891853, "operatingIncome": 3411300000, "operatingIncomeRatio": 0.2031503097, "totalOtherIncomeExpensesNet": -899400000, "incomeBeforeTax": 2511900000, "incomeBeforeTaxRatio": 0.14958909, "incomeTaxExpense": 115500000, "netIncome": 2488100000, "netIncomeRatio": 0.1481717485, "eps": 4.97, "epsdiluted": 4.96, "weightedAverageShsOut": 500522177, "weightedAverageShsOutDil": 501784032, "link": "https://www.sec.gov/Archives/edgar/data/4904/000000490422000024/0000004904-22-000024-index.htm", "finalLink": "https://www.sec.gov/Archives/edgar/data/4904/000000490422000024/aep-20211231.htm", "calculatedOtherExpenses": 6674000000, "calculatedOperatingExpenses": 6792600000, "calculatedNetInterest": 0, "calculatedOtherIncome": -899400000, "calculatedIncomeNonControlling": -91700000, "calculatedEbitda": 6629300000}, {"date": "2020-12-31", "symbol": "AEP", "reportedCurrency": "USD", "cik": "0000004904", "fillingDate": "2021-02-25", "acceptedDate": "2021-02-25 08:27:36", "calendarYear": "2020", "period": "FY", "revenue": 14918500000, "costOfRevenue": 5380100000, "grossProfit": 9538400000, "grossProfitRatio": 0.6393672286, "researchAndDevelopmentExpenses": 0, "generalAndAdministrativeExpenses": 0, "sellingAndMarketingExpenses": 0, "sellingGeneralAndAdministrativeExpenses": 119000000, "otherExpenses": 6550700000, "operatingExpenses": 6550700000, "costAndExpenses": 11930800000, "interestIncome": 1165700000, "interestExpense": 1165700000, "depreciationAndAmortization": 3082800000, "ebitda": 6070500000, "ebitdaratio": 0.4069108825, "operatingIncome": 2987700000, "operatingIncomeRatio": 0.2002681235, "totalOtherIncomeExpensesNet": -841600000, "incomeBeforeTax": 2146100000, "incomeBeforeTaxRatio": 0.1438549452, "incomeTaxExpense": 40500000, "netIncome": 2200100000, "netIncomeRatio": 0.1474746121, "eps": 4.44, "epsdiluted": 4.42, "weightedAverageShsOut": 495718223, "weightedAverageShsOutDil": 497226867, "link": "https://www.sec.gov/Archives/edgar/data/4904/000000490421000010/0000004904-21-000010-index.htm", "finalLink": "https://www.sec.gov/Archives/edgar/data/4904/000000490421000010/aep-20201231.htm", "calculatedOtherExpenses": 6431700000, "calculatedOperatingExpenses": 6550700000, "calculatedNetInterest": 0, "calculatedOtherIncome": -841600000, "calculatedIncomeNonControlling": -94500000, "calculatedEbitda": 6070500000}, {"date": "2019-12-31", "symbol": "AEP", "reportedCurrency": "USD", "cik": "0000004904", "fillingDate": "2020-02-20", "acceptedDate": "2020-02-20 08:52:40", "calendarYear": "2019", "period": "FY", "revenue": 15561400000, "costOfRevenue": 6320000000, "grossProfit": 9241400000, "grossProfitRatio": 0.5938668757, "researchAndDevelopmentExpenses": 0, "generalAndAdministrativeExpenses": 0, "sellingAndMarketingExpenses": 0, "sellingGeneralAndAdministrativeExpenses": 120000000, "otherExpenses": 6492700000, "operatingExpenses": 6492700000, "costAndExpenses": 12812700000, "interestIncome": 53500000, "interestExpense": 1072500000, "depreciationAndAmortization": 3043100000, "ebitda": 5635400000, "ebitdaratio": 0.3621396532, "operatingIncome": 2592300000, "operatingIncomeRatio": 0.1665852687, "totalOtherIncomeExpensesNet": -757500000, "incomeBeforeTax": 1834800000, "incomeBeforeTaxRatio": 0.1179071292, "incomeTaxExpense": -12900000, "netIncome": 1921100000, "netIncomeRatio": 0.1234529027, "eps": 3.89, "epsdiluted": 3.88, "weightedAverageShsOut": 493694345, "weightedAverageShsOutDil": 495306238, "link": "https://www.sec.gov/Archives/edgar/data/4904/000000490420000007/0000004904-20-000007-index.htm", "finalLink": "https://www.sec.gov/Archives/edgar/data/4904/000000490420000007/aep10klegal20194q.htm", "calculatedOtherExpenses": 6529100000, "calculatedOperatingExpenses": 6649100000, "calculatedNetInterest": -1019000000, "calculatedOtherIncome": 261500000, "calculatedIncomeNonControlling": -73400000, "calculatedEbitda": 5635400000}, {"date": "2018-12-31", "symbol": "AEP", "reportedCurrency": "USD", "cik": "0000004904", "fillingDate": "2019-02-21", "acceptedDate": "2019-02-21 16:27:59", "calendarYear": "2018", "period": "FY", "revenue": 16195700000, "costOfRevenue": 7033900000, "grossProfit": 9161800000, "grossProfitRatio": 0.5656933631, "researchAndDevelopmentExpenses": 0, "generalAndAdministrativeExpenses": 0, "sellingAndMarketingExpenses": 0, "sellingGeneralAndAdministrativeExpenses": 124500000, "otherExpenses": 124500000, "operatingExpenses": 6408500000, "costAndExpenses": 13442400000, "interestIncome": 11600000, "interestExpense": 984400000, "depreciationAndAmortization": 2400400000, "ebitda": 5289800000, "ebitdaratio": 0.326617559, "operatingIncome": 2682700000, "operatingIncomeRatio": 0.1656427323, "totalOtherIncomeExpensesNet": 193000000, "incomeBeforeTax": 1973500000, "incomeBeforeTaxRatio": 0.1218533314, "incomeTaxExpense": 115300000, "netIncome": 1923800000, "netIncomeRatio": 0.1187846157, "eps": 3.9, "epsdiluted": 3.9, "weightedAverageShsOut": 492774600, "weightedAverageShsOutDil": 493758277, "link": "https://www.sec.gov/Archives/edgar/data/4904/000000490419000009/0000004904-19-000009-index.htm", "finalLink": "https://www.sec.gov/Archives/edgar/data/4904/000000490419000009/aep10klegal20184q.htm", "calculatedOtherExpenses": 6354600000, "calculatedOperatingExpenses": 6479100000, "calculatedNetInterest": -972800000, "calculatedOtherIncome": 263600000, "calculatedIncomeNonControlling": -65600000, "calculatedEbitda": 5083100000}, {"date": "2017-12-31", "symbol": "AEP", "reportedCurrency": "USD", "cik": "0000004904", "fillingDate": "2018-02-23", "acceptedDate": "2018-02-22 17:53:21", "calendarYear": "2017", "period": "FY", "revenue": 15424900000, "costOfRevenue": 6453100000, "grossProfit": 8971800000, "grossProfitRatio": 0.5816439653, "researchAndDevelopmentExpenses": 0, "generalAndAdministrativeExpenses": 0, "sellingAndMarketingExpenses": 0, "sellingGeneralAndAdministrativeExpenses": 45500000, "otherExpenses": 5540600000, "operatingExpenses": 5540600000, "costAndExpenses": 11993700000, "interestIncome": 16000000, "interestExpense": 895000000, "depreciationAndAmortization": 2126300000, "ebitda": 5573500000, "ebitdaratio": 0.3613313538, "operatingIncome": 3570500000, "operatingIncomeRatio": 0.2314763791, "totalOtherIncomeExpensesNet": 264000000, "incomeBeforeTax": 2816200000, "incomeBeforeTaxRatio": 0.1825749276, "incomeTaxExpense": 969700000, "netIncome": 1912600000, "netIncomeRatio": 0.1239943209, "eps": 3.89, "epsdiluted": 3.88, "weightedAverageShsOut": 491814651, "weightedAverageShsOutDil": 492611067, "link": "https://www.sec.gov/Archives/edgar/data/4904/000000490418000009/0000004904-18-000009-index.htm", "finalLink": "https://www.sec.gov/Archives/edgar/data/4904/000000490418000009/aep10klegal20174q.htm", "calculatedOtherExpenses": 5355800000, "calculatedOperatingExpenses": 5401300000, "calculatedNetInterest": -879000000, "calculatedOtherIncome": 124700000, "calculatedIncomeNonControlling": -66100000, "calculatedEbitda": 5696800000}, {"date": "2016-12-31", "symbol": "AEP", "reportedCurrency": "USD", "cik": "0000004904", "fillingDate": "2017-02-28", "acceptedDate": "2017-02-27 18:59:56", "calendarYear": "2016", "period": "FY", "revenue": 16380100000, "costOfRevenue": 6968000000, "grossProfit": 9412100000, "grossProfitRatio": 0.5746057716, "researchAndDevelopmentExpenses": 0, "generalAndAdministrativeExpenses": 0, "sellingAndMarketingExpenses": 0, "sellingGeneralAndAdministrativeExpenses": 43200000, "otherExpenses": 5937200000, "operatingExpenses": 5937200000, "costAndExpenses": 12905200000, "interestIncome": 16300000, "interestExpense": 877200000, "depreciationAndAmortization": 2090900000, "ebitda": 5582100000, "ebitdaratio": 0.3407854653, "operatingIncome": 1207100000, "operatingIncomeRatio": 0.0736930788, "totalOtherIncomeExpensesNet": -2138400000, "incomeBeforeTax": 475600000, "incomeBeforeTaxRatio": 0.0290352318, "incomeTaxExpense": -73700000, "netIncome": 610900000, "netIncomeRatio": 0.0372952546, "eps": 1.24, "epsdiluted": 1.24, "weightedAverageShsOut": 491495458, "weightedAverageShsOutDil": 491662007, "link": "https://www.sec.gov/Archives/edgar/data/4904/000000490417000019/0000004904-17-000019-index.htm", "finalLink": "https://www.sec.gov/Archives/edgar/data/4904/000000490417000019/aep10klegal20164q.htm", "calculatedOtherExpenses": 8161800000, "calculatedOperatingExpenses": 8205000000, "calculatedNetInterest": -860900000, "calculatedOtherIncome": 129400000, "calculatedIncomeNonControlling": -61600000, "calculatedEbitda": 3298000000}, {"date": "2015-12-31", "symbol": "AEP", "reportedCurrency": "USD", "cik": "0000004904", "fillingDate": "2016-02-24", "acceptedDate": "2016-02-23 18:04:17", "calendarYear": "2015", "period": "FY", "revenue": 16453200000, "costOfRevenue": 7433500000, "grossProfit": 9019700000, "grossProfitRatio": 0.548203389, "researchAndDevelopmentExpenses": 0, "generalAndAdministrativeExpenses": 0, "sellingAndMarketingExpenses": 0, "sellingGeneralAndAdministrativeExpenses": 0, "otherExpenses": 5686200000, "operatingExpenses": 5686200000, "costAndExpenses": 13119700000, "interestIncome": 7900000, "interestExpense": 873900000, "depreciationAndAmortization": 2154700000, "ebitda": 5496100000, "ebitdaratio": 0.3340444412, "operatingIncome": 3333500000, "operatingIncomeRatio": 0.2026049644, "totalOtherIncomeExpensesNet": 155400000, "incomeBeforeTax": 2622900000, "incomeBeforeTaxRatio": 0.1594157975, "incomeTaxExpense": 919600000, "netIncome": 2047100000, "netIncomeRatio": 0.1244195658, "eps": 4.17, "epsdiluted": 4.17, "weightedAverageShsOut": 490340522, "weightedAverageShsOutDil": 490574568, "link": "https://www.sec.gov/Archives/edgar/data/4904/000000490416000056/0000004904-16-000056-index.htm", "finalLink": "https://www.sec.gov/Archives/edgar/data/4904/000000490416000056/ye15aep10k.htm", "calculatedOtherExpenses": 5686200000, "calculatedOperatingExpenses": 5686200000, "calculatedNetInterest": -866000000, "calculatedOtherIncome": 155400000, "calculatedIncomeNonControlling": -343800000, "calculatedEbitda": 5488200000}, {"date": "2014-12-31", "symbol": "AEP", "reportedCurrency": "USD", "cik": "0000004904", "fillingDate": "2015-02-20", "acceptedDate": "2015-02-20 17:19:29", "calendarYear": "2014", "period": "FY", "revenue": 17020000000, "costOfRevenue": 7719000000, "grossProfit": 9301000000, "grossProfitRatio": 0.5464747356, "researchAndDevelopmentExpenses": 0, "generalAndAdministrativeExpenses": 0, "sellingAndMarketingExpenses": 0, "sellingGeneralAndAdministrativeExpenses": 0, "otherExpenses": 6069000000, "operatingExpenses": 6069000000, "costAndExpenses": 13788000000, "interestIncome": 7000000, "interestExpense": 885000000, "depreciationAndAmortization": 2073000000, "ebitda": 5312000000, "ebitdaratio": 0.3121034078, "operatingIncome": 3232000000, "operatingIncomeRatio": 0.1898942421, "totalOtherIncomeExpensesNet": 136000000, "incomeBeforeTax": 2490000000, "incomeBeforeTaxRatio": 0.1462984724, "incomeTaxExpense": 942000000, "netIncome": 1634000000, "netIncomeRatio": 0.0960047004, "eps": 3.34, "epsdiluted": 3.34, "weightedAverageShsOut": 488592997, "weightedAverageShsOutDil": 488899840, "link": "https://www.sec.gov/Archives/edgar/data/4904/000000490415000008/0000004904-15-000008-index.htm", "finalLink": "https://www.sec.gov/Archives/edgar/data/4904/000000490415000008/ye14aep10k.htm", "calculatedOtherExpenses": 6069000000, "calculatedOperatingExpenses": 6069000000, "calculatedNetInterest": -878000000, "calculatedOtherIncome": 136000000, "calculatedIncomeNonControlling": -86000000, "calculatedEbitda": 5305000000}, {"date": "2013-12-31", "symbol": "AEP", "reportedCurrency": "USD", "cik": "0000004904", "fillingDate": "2014-02-25", "acceptedDate": "2014-02-25 14:26:50", "calendarYear": "2013", "period": "FY", "revenue": 15357000000, "costOfRevenue": 6738000000, "grossProfit": 8619000000, "grossProfitRatio": 0.5612424302, "researchAndDevelopmentExpenses": 0, "generalAndAdministrativeExpenses": 0, "sellingAndMarketingExpenses": 0, "sellingGeneralAndAdministrativeExpenses": 0, "otherExpenses": 5538000000, "operatingExpenses": 5538000000, "costAndExpenses": 12276000000, "interestIncome": 58000000, "interestExpense": 906000000, "depreciationAndAmortization": 1874000000, "ebitda": 5013000000, "ebitdaratio": 0.3264309435, "operatingIncome": 2855000000, "operatingIncomeRatio": 0.1859087061, "totalOtherIncomeExpensesNet": -123000000, "incomeBeforeTax": 2110000000, "incomeBeforeTaxRatio": 0.1373966269, "incomeTaxExpense": 684000000, "netIncome": 1480000000, "netIncomeRatio": 0.0963729895, "eps": 3.04, "epsdiluted": 3.04, "weightedAverageShsOut": 486619555, "weightedAverageShsOutDil": 487040956, "link": "https://www.sec.gov/Archives/edgar/data/4904/000000490414000019/0000004904-14-000019-index.htm", "finalLink": "https://www.sec.gov/Archives/edgar/data/4904/000000490414000019/ye13aep10k.htm", "calculatedOtherExpenses": 5764000000, "calculatedOperatingExpenses": 5764000000, "calculatedNetInterest": -848000000, "calculatedOtherIncome": 103000000, "calculatedIncomeNonControlling": -54000000, "calculatedEbitda": 4729000000}, {"date": "2012-12-31", "symbol": "AEP", "reportedCurrency": "USD", "cik": "0000004904", "fillingDate": "2013-02-26", "acceptedDate": "2013-02-26 14:40:37", "calendarYear": "2012", "period": "FY", "revenue": 14945000000, "costOfRevenue": 6395000000, "grossProfit": 8550000000, "grossProfitRatio": 0.5720976915, "researchAndDevelopmentExpenses": 0, "generalAndAdministrativeExpenses": 0, "sellingAndMarketingExpenses": 0, "sellingGeneralAndAdministrativeExpenses": 0, "otherExpenses": 5594000000, "operatingExpenses": 5594000000, "costAndExpenses": 11989000000, "interestIncome": 8000000, "interestExpense": 988000000, "depreciationAndAmortization": 1918000000, "ebitda": 4882000000, "ebitdaratio": 0.3266644363, "operatingIncome": 2656000000, "operatingIncomeRatio": 0.1777183004, "totalOtherIncomeExpensesNet": -154000000, "incomeBeforeTax": 1822000000, "incomeBeforeTaxRatio": 0.1219136835, "incomeTaxExpense": 604000000, "netIncome": 1259000000, "netIncomeRatio": 0.0842422215, "eps": 2.6, "epsdiluted": 2.6, "weightedAverageShsOut": 484682469, "weightedAverageShsOutDil": 485084694, "link": "https://www.sec.gov/Archives/edgar/data/4904/000000490413000025/0000004904-13-000025-index.htm", "finalLink": "https://www.sec.gov/Archives/edgar/data/4904/000000490413000025/ye12aep10k.htm", "calculatedOtherExpenses": 5894000000, "calculatedOperatingExpenses": 5894000000, "calculatedNetInterest": -980000000, "calculatedOtherIncome": 146000000, "calculatedIncomeNonControlling": -41000000, "calculatedEbitda": 4574000000}, {"date": "2011-12-31", "symbol": "AEP", "reportedCurrency": "USD", "cik": "0000004904", "fillingDate": "2012-02-28", "acceptedDate": "2012-02-28 11:42:07", "calendarYear": "2011", "period": "FY", "revenue": 15116000000, "costOfRevenue": 5612000000, "grossProfit": 9504000000, "grossProfitRatio": 0.6287377613, "researchAndDevelopmentExpenses": 0, "generalAndAdministrativeExpenses": 0, "sellingAndMarketingExpenses": 0, "sellingGeneralAndAdministrativeExpenses": 0, "otherExpenses": 6583000000, "operatingExpenses": 6583000000, "costAndExpenses": 12195000000, "interestIncome": 27000000, "interestExpense": 933000000, "depreciationAndAmortization": 1792000000, "ebitda": 4740000000, "ebitdaratio": 0.3135750198, "operatingIncome": 2782000000, "operatingIncomeRatio": 0.1840433977, "totalOtherIncomeExpensesNet": 352000000, "incomeBeforeTax": 2367000000, "incomeBeforeTaxRatio": 0.1565890447, "incomeTaxExpense": -818000000, "netIncome": 1946000000, "netIncomeRatio": 0.1287377613, "eps": 4.02, "epsdiluted": 4.02, "weightedAverageShsOut": 482169282, "weightedAverageShsOutDil": 482460328, "link": "https://www.sec.gov/Archives/edgar/data/4904/000000490412000013/0000004904-12-000013-index.htm", "finalLink": "https://www.sec.gov/Archives/edgar/data/4904/000000490412000013/ye11aep10k.htm", "calculatedOtherExpenses": 6722000000, "calculatedOperatingExpenses": 6722000000, "calculatedNetInterest": -906000000, "calculatedOtherIncome": 491000000, "calculatedIncomeNonControlling": 1239000000, "calculatedEbitda": 4574000000}, {"date": "2010-12-31", "symbol": "AEP", "reportedCurrency": "USD", "cik": "0000004904", "fillingDate": "2011-02-25", "acceptedDate": "2011-02-25 13:48:40", "calendarYear": "2010", "period": "FY", "revenue": 14427000000, "costOfRevenue": 5029000000, "grossProfit": 9398000000, "grossProfitRatio": 0.6514174811, "researchAndDevelopmentExpenses": 0, "generalAndAdministrativeExpenses": 0, "sellingAndMarketingExpenses": 0, "sellingGeneralAndAdministrativeExpenses": 0, "otherExpenses": 6735000000, "operatingExpenses": 6735000000, "costAndExpenses": 11764000000, "interestIncome": 38000000, "interestExpense": 999000000, "depreciationAndAmortization": 1780000000, "ebitda": 4481000000, "ebitdaratio": 0.310598184, "operatingIncome": 2663000000, "operatingIncomeRatio": 0.1845844597, "totalOtherIncomeExpensesNet": 147000000, "incomeBeforeTax": 1849000000, "incomeBeforeTaxRatio": 0.1281624731, "incomeTaxExpense": 643000000, "netIncome": 1214000000, "netIncomeRatio": 0.0841477785, "eps": 2.53, "epsdiluted": 2.53, "weightedAverageShsOut": 479373306, "weightedAverageShsOutDil": 479601442, "link": "https://www.sec.gov/Archives/edgar/data/4904/000000490411000023/0000004904-11-000023-index.htm", "finalLink": "https://www.sec.gov/Archives/edgar/data/4904/000000490411000023/ye10aep10k.htm", "calculatedOtherExpenses": 6735000000, "calculatedOperatingExpenses": 6735000000, "calculatedNetInterest": -961000000, "calculatedOtherIncome": 147000000, "calculatedIncomeNonControlling": -8000000, "calculatedEbitda": 4443000000}, {"date": "2009-12-31", "symbol": "AEP", "reportedCurrency": "USD", "cik": "0000004904", "fillingDate": "2010-02-26", "acceptedDate": "2010-02-26 15:29:54", "calendarYear": "2009", "period": "FY", "revenue": 13489000000, "costOfRevenue": 4531000000, "grossProfit": 8958000000, "grossProfitRatio": 0.6640966714, "researchAndDevelopmentExpenses": 0, "generalAndAdministrativeExpenses": 0, "sellingAndMarketingExpenses": 0, "sellingGeneralAndAdministrativeExpenses": 0, "otherExpenses": 6187000000, "operatingExpenses": 6187000000, "costAndExpenses": 10718000000, "interestIncome": 11000000, "interestExpense": 973000000, "depreciationAndAmortization": 1660000000, "ebitda": 4442000000, "ebitdaratio": 0.3293053599, "operatingIncome": 2771000000, "operatingIncomeRatio": 0.2054266439, "totalOtherIncomeExpensesNet": 129000000, "incomeBeforeTax": 1938000000, "incomeBeforeTaxRatio": 0.1436726221, "incomeTaxExpense": 575000000, "netIncome": 1360000000, "netIncomeRatio": 0.1008228927, "eps": 2.96, "epsdiluted": 2.96, "weightedAverageShsOut": 458677534, "weightedAverageShsOutDil": 458982292, "link": "https://www.sec.gov/Archives/edgar/data/4904/000000490410000018/0000004904-10-000018-index.htm", "finalLink": "https://www.sec.gov/Archives/edgar/data/4904/000000490410000018/ye09aep10k.htm", "calculatedOtherExpenses": 6187000000, "calculatedOperatingExpenses": 6187000000, "calculatedNetInterest": -962000000, "calculatedOtherIncome": 129000000, "calculatedIncomeNonControlling": 3000000, "calculatedEbitda": 4431000000}, {"date": "2008-12-31", "symbol": "AEP", "reportedCurrency": "USD", "cik": "0000004904", "fillingDate": "2009-02-27", "acceptedDate": "2009-02-27 17:13:37", "calendarYear": "2008", "period": "FY", "revenue": 14440000000, "costOfRevenue": 5755000000, "grossProfit": 8685000000, "grossProfitRatio": 0.6014542936, "researchAndDevelopmentExpenses": 0, "generalAndAdministrativeExpenses": 0, "sellingAndMarketingExpenses": 0, "sellingGeneralAndAdministrativeExpenses": 0, "otherExpenses": 6153000000, "operatingExpenses": 6153000000, "costAndExpenses": 11908000000, "interestIncome": 57000000, "interestExpense": 958000000, "depreciationAndAmortization": 1571000000, "ebitda": 4157000000, "ebitdaratio": 0.2878808864, "operatingIncome": 2787000000, "operatingIncomeRatio": 0.1930055402, "totalOtherIncomeExpensesNet": 383000000, "incomeBeforeTax": 2011000000, "incomeBeforeTaxRatio": 0.139265928, "incomeTaxExpense": 642000000, "netIncome": 1380000000, "netIncomeRatio": 0.095567867, "eps": 3.43, "epsdiluted": 3.42, "weightedAverageShsOut": 402083847, "weightedAverageShsOutDil": 403640708, "link": "https://www.sec.gov/Archives/edgar/data/4904/000000490409000040/0000004904-09-000040-index.htm", "finalLink": "https://www.sec.gov/Archives/edgar/data/4904/000000490409000040/ye08aep10k.htm", "calculatedOtherExpenses": 5898000000, "calculatedOperatingExpenses": 5898000000, "calculatedNetInterest": -901000000, "calculatedOtherIncome": 125000000, "calculatedIncomeNonControlling": -11000000, "calculatedEbitda": 4358000000}, {"date": "2007-12-31", "symbol": "AEP", "reportedCurrency": "USD", "cik": "0000004904", "fillingDate": "2008-02-28", "acceptedDate": "2008-02-28 14:36:24", "calendarYear": "2007", "period": "FY", "revenue": 13380000000, "costOfRevenue": 4967000000, "grossProfit": 8413000000, "grossProfitRatio": 0.62877429, "researchAndDevelopmentExpenses": 0, "generalAndAdministrativeExpenses": 0, "sellingAndMarketingExpenses": 0, "sellingGeneralAndAdministrativeExpenses": 0, "otherExpenses": 6135000000, "operatingExpenses": 6135000000, "costAndExpenses": 11102000000, "interestIncome": 0, "interestExpense": 0, "depreciationAndAmortization": 1578000000, "ebitda": 3711000000, "ebitdaratio": 0.2773542601, "operatingIncome": 2278000000, "operatingIncomeRatio": 0.1702541106, "totalOtherIncomeExpensesNet": 145000000, "incomeBeforeTax": 1660000000, "incomeBeforeTaxRatio": 0.1240657698, "incomeTaxExpense": 516000000, "netIncome": 1089000000, "netIncomeRatio": 0.0813901345, "eps": 2.73, "epsdiluted": 2.72, "weightedAverageShsOut": 398784745, "weightedAverageShsOutDil": 400198799, "link": "https://www.sec.gov/Archives/edgar/data/4904/000000490408000022/0000004904-08-000022-index.htm", "finalLink": "https://www.sec.gov/Archives/edgar/data/4904/000000490408000022/ye07aep10k.htm", "calculatedOtherExpenses": 6135000000, "calculatedOperatingExpenses": 6135000000, "calculatedNetInterest": 0, "calculatedOtherIncome": -618000000, "calculatedIncomeNonControlling": 55000000, "calculatedEbitda": 3856000000}, {"date": "2006-12-31", "symbol": "AEP", "reportedCurrency": "USD", "cik": "0000004904", "fillingDate": "2007-02-28", "acceptedDate": "2007-02-28 16:00:13", "calendarYear": "2006", "period": "FY", "revenue": 12622000000, "costOfRevenue": 4673000000, "grossProfit": 7949000000, "grossProfitRatio": 0.6297734115, "researchAndDevelopmentExpenses": 0, "generalAndAdministrativeExpenses": 0, "sellingAndMarketingExpenses": 0, "sellingGeneralAndAdministrativeExpenses": 0, "otherExpenses": 6052000000, "operatingExpenses": 6052000000, "costAndExpenses": 10725000000, "interestIncome": 0, "interestExpense": 0, "depreciationAndAmortization": 1517000000, "ebitda": 3225000000, "ebitdaratio": 0.2555062589, "operatingIncome": 1897000000, "operatingIncomeRatio": 0.150293139, "totalOtherIncomeExpensesNet": 189000000, "incomeBeforeTax": 1477000000, "incomeBeforeTaxRatio": 0.1170179052, "incomeTaxExpense": 485000000, "netIncome": 1002000000, "netIncomeRatio": 0.0793852004, "eps": 2.54, "epsdiluted": 2.53, "weightedAverageShsOut": 394219523, "weightedAverageShsOutDil": 396483464, "link": "https://www.sec.gov/Archives/edgar/data/4904/000000490407000041/0000004904-07-000041-index.htm", "finalLink": "https://www.sec.gov/Archives/edgar/data/4904/000000490407000041/ye06aep10k.htm", "calculatedOtherExpenses": 6052000000, "calculatedOperatingExpenses": 6052000000, "calculatedNetInterest": 0, "calculatedOtherIncome": -420000000, "calculatedIncomeNonControlling": -10000000, "calculatedEbitda": 3414000000}, {"date": "2005-12-31", "symbol": "AEP", "reportedCurrency": "USD", "cik": "0000004904", "fillingDate": "2006-03-01", "acceptedDate": "2006-02-28 18:52:47", "calendarYear": "2005", "period": "FY", "revenue": 12111000000, "costOfRevenue": 4535000000, "grossProfit": 7576000000, "grossProfitRatio": 0.6255470234, "researchAndDevelopmentExpenses": 0, "generalAndAdministrativeExpenses": 0, "sellingAndMarketingExpenses": 0, "sellingGeneralAndAdministrativeExpenses": 0, "otherExpenses": 5658000000, "operatingExpenses": 5658000000, "costAndExpenses": 10193000000, "interestIncome": 0, "interestExpense": 0, "depreciationAndAmortization": 1301000000, "ebitda": 3113000000, "ebitdaratio": 0.2570390554, "operatingIncome": 1918000000, "operatingIncomeRatio": 0.1583684254, "totalOtherIncomeExpensesNet": 123000000, "incomeBeforeTax": 1459000000, "incomeBeforeTaxRatio": 0.1204689951, "incomeTaxExpense": 430000000, "netIncome": 814000000, "netIncomeRatio": 0.0672116258, "eps": 2.09, "epsdiluted": 2.08, "weightedAverageShsOut": 389969636, "weightedAverageShsOutDil": 391423842, "link": "https://www.sec.gov/Archives/edgar/data/4904/000000490406000034/0000004904-06-000034-index.htm", "finalLink": "https://www.sec.gov/Archives/edgar/data/4904/000000490406000034/ye05aep10k.htm", "calculatedOtherExpenses": 5658000000, "calculatedOperatingExpenses": 5658000000, "calculatedNetInterest": 0, "calculatedOtherIncome": -459000000, "calculatedIncomeNonControlling": 215000000, "calculatedEbitda": 3219000000}, {"date": "2004-12-31", "symbol": "AEP", "reportedCurrency": "USD", "cik": "0000004904", "fillingDate": "2005-03-01", "acceptedDate": "2005-03-01 19:16:45", "calendarYear": "2004", "period": "FY", "revenue": 14057000000, "costOfRevenue": 6445000000, "grossProfit": 7612000000, "grossProfitRatio": 0.5415095682, "researchAndDevelopmentExpenses": 0, "generalAndAdministrativeExpenses": 0, "sellingAndMarketingExpenses": 0, "sellingGeneralAndAdministrativeExpenses": 0, "otherExpenses": 5166000000, "operatingExpenses": 5166000000, "costAndExpenses": 11611000000, "interestIncome": 0, "interestExpense": 0, "depreciationAndAmortization": 1297000000, "ebitda": 3739000000, "ebitdaratio": 0.2659884755, "operatingIncome": 2446000000, "operatingIncomeRatio": 0.1740058334, "totalOtherIncomeExpensesNet": 7000000, "incomeBeforeTax": 1699000000, "incomeBeforeTaxRatio": 0.1208650494, "incomeTaxExpense": 572000000, "netIncome": 1089000000, "netIncomeRatio": 0.0774702995, "eps": 2.75, "epsdiluted": 2.75, "weightedAverageShsOut": 396000000, "weightedAverageShsOutDil": 396000000, "link": "https://www.sec.gov/Archives/edgar/data/4904/000101540205001007/0001015402-05-001007-index.htm", "finalLink": "https://www.sec.gov/Archives/edgar/data/4904/000101540205001007/aep10k04.htm", "calculatedOtherExpenses": 5166000000, "calculatedOperatingExpenses": 5166000000, "calculatedNetInterest": 0, "calculatedOtherIncome": -747000000, "calculatedIncomeNonControlling": 38000000, "calculatedEbitda": 3743000000}, {"date": "2003-12-31", "symbol": "AEP", "reportedCurrency": "USD", "cik": "0000004904", "fillingDate": "2004-03-11", "acceptedDate": "2004-03-11 15:47:52", "calendarYear": "2003", "period": "FY", "revenue": 14545000000, "costOfRevenue": 6610000000, "grossProfit": 7935000000, "grossProfitRatio": 0.5455482984, "researchAndDevelopmentExpenses": 0, "generalAndAdministrativeExpenses": 0, "sellingAndMarketingExpenses": 0, "sellingGeneralAndAdministrativeExpenses": 0, "otherExpenses": 6373000000, "operatingExpenses": 6373000000, "costAndExpenses": 12983000000, "interestIncome": 0, "interestExpense": 0, "depreciationAndAmortization": 1337000000, "ebitda": 2748000000, "ebitdaratio": 0.1889309041, "operatingIncome": 1562000000, "operatingIncomeRatio": 0.107390856, "totalOtherIncomeExpensesNet": 151000000, "incomeBeforeTax": 880000000, "incomeBeforeTaxRatio": 0.0605018907, "incomeTaxExpense": 358000000, "netIncome": 110000000, "netIncomeRatio": 0.0075627363, "eps": 0.29, "epsdiluted": 0.29, "weightedAverageShsOut": 379310345, "weightedAverageShsOutDil": 379310345, "link": "https://www.sec.gov/Archives/edgar/data/4904/000000490404000055/0000004904-04-000055-index.htm", "finalLink": "https://www.sec.gov/Archives/edgar/data/4904/000000490404000055/form10k.txt", "calculatedOtherExpenses": 6373000000, "calculatedOperatingExpenses": 6373000000, "calculatedNetInterest": 0, "calculatedOtherIncome": -682000000, "calculatedIncomeNonControlling": 412000000, "calculatedEbitda": 2899000000}, {"date": "2002-12-31", "symbol": "AEP", "reportedCurrency": "USD", "cik": "0000004904", "fillingDate": "2003-03-20", "acceptedDate": "2003-03-20 17:04:58", "calendarYear": "2002", "period": "FY", "revenue": 14555000000, "costOfRevenue": 6307000000, "grossProfit": 8248000000, "grossProfitRatio": 0.5666781175, "researchAndDevelopmentExpenses": 0, "generalAndAdministrativeExpenses": 0, "sellingAndMarketingExpenses": 0, "sellingGeneralAndAdministrativeExpenses": 0, "otherExpenses": 6118000000, "operatingExpenses": 6118000000, "costAndExpenses": 12425000000, "interestIncome": 0, "interestExpense": 0, "depreciationAndAmortization": 1443000000, "ebitda": 4637000000, "ebitdaratio": 0.3185846788, "operatingIncome": 2130000000, "operatingIncomeRatio": 0.1463414634, "totalOtherIncomeExpensesNet": -1064000000, "incomeBeforeTax": 235000000, "incomeBeforeTaxRatio": 0.0161456544, "incomeTaxExpense": 214000000, "netIncome": -519000000, "netIncomeRatio": -0.0356578495, "eps": -1.56, "epsdiluted": -1.56, "weightedAverageShsOut": 332000000, "weightedAverageShsOutDil": 332000000, "link": "https://www.sec.gov/Archives/edgar/data/4904/000000490403000086/0000004904-03-000086-index.htm", "finalLink": "https://www.sec.gov/Archives/edgar/data/4904/000000490403000086/module.txt", "calculatedOtherExpenses": 6118000000, "calculatedOperatingExpenses": 6118000000, "calculatedNetInterest": 0, "calculatedOtherIncome": -1895000000, "calculatedIncomeNonControlling": 540000000, "calculatedEbitda": 3573000000}, {"date": "2001-12-31", "symbol": "AEP", "reportedCurrency": "USD", "cik": "0000004904", "fillingDate": "2002-03-29", "acceptedDate": "2002-03-29 00:00:00", "calendarYear": "2001", "period": "FY", "revenue": 61257000000, "costOfRevenue": 52753000000, "grossProfit": 8504000000, "grossProfitRatio": 0.1388249506, "researchAndDevelopmentExpenses": 0, "generalAndAdministrativeExpenses": 0, "sellingAndMarketingExpenses": 0, "sellingGeneralAndAdministrativeExpenses": 0, "otherExpenses": 6109000000, "operatingExpenses": 6109000000, "costAndExpenses": 58862000000, "interestIncome": 0, "interestExpense": 0, "depreciationAndAmortization": 1453000000, "ebitda": 3676000000, "ebitdaratio": 0.0600094683, "operatingIncome": 2395000000, "operatingIncomeRatio": 0.0390975725, "totalOtherIncomeExpensesNet": 172000000, "incomeBeforeTax": 1572000000, "incomeBeforeTaxRatio": 0.0256623733, "incomeTaxExpense": 569000000, "netIncome": 971000000, "netIncomeRatio": 0.0158512497, "eps": 3.01, "epsdiluted": 3.01, "weightedAverageShsOut": 322000000, "weightedAverageShsOutDil": 322000000, "link": "https://www.sec.gov/Archives/edgar/data/4904/000000490402000106/0000004904-02-000106-index.htm", "finalLink": "https://www.sec.gov/Archives/edgar/data/4904/000000490402000106/module.txt", "calculatedOtherExpenses": 6109000000, "calculatedOperatingExpenses": 6109000000, "calculatedNetInterest": 0, "calculatedOtherIncome": -823000000, "calculatedIncomeNonControlling": 32000000, "calculatedEbitda": 3848000000}, {"date": "2000-12-31", "symbol": "AEP", "reportedCurrency": "USD", "cik": "0000004904", "fillingDate": "2001-03-30", "acceptedDate": "2001-03-30 00:00:00", "calendarYear": "2000", "period": "FY", "revenue": 13694000000, "costOfRevenue": 4128000000, "grossProfit": 9566000000, "grossProfitRatio": 0.6985541113, "researchAndDevelopmentExpenses": 0, "generalAndAdministrativeExpenses": 0, "sellingAndMarketingExpenses": 0, "sellingGeneralAndAdministrativeExpenses": 0, "otherExpenses": 7540000000, "operatingExpenses": 7540000000, "costAndExpenses": 11668000000, "interestIncome": 0, "interestExpense": 0, "depreciationAndAmortization": 1347000000, "ebitda": 3340000000, "ebitdaratio": 0.243902439, "operatingIncome": 2026000000, "operatingIncomeRatio": 0.1479480064, "totalOtherIncomeExpensesNet": 33000000, "incomeBeforeTax": 899000000, "incomeBeforeTaxRatio": 0.0656491894, "incomeTaxExpense": 597000000, "netIncome": 267000000, "netIncomeRatio": 0.0194975902, "eps": 0.83, "epsdiluted": 0.83, "weightedAverageShsOut": 322000000, "weightedAverageShsOutDil": 322000000, "link": "https://www.sec.gov/Archives/edgar/data/4904/000000490401000036/0000004904-01-000036-index.htm", "finalLink": "https://www.sec.gov/Archives/edgar/data/4904/000000490401000036/0000004904-01-000036-0001.txt", "calculatedOtherExpenses": 7540000000, "calculatedOperatingExpenses": 7540000000, "calculatedNetInterest": 0, "calculatedOtherIncome": -1127000000, "calculatedIncomeNonControlling": 35000000, "calculatedEbitda": 3373000000}, {"date": "1999-12-31", "symbol": "AEP", "reportedCurrency": "USD", "cik": "0000004904", "fillingDate": "2000-03-24", "acceptedDate": "2000-03-24 00:00:00", "calendarYear": "1999", "period": "FY", "revenue": 6916000000, "costOfRevenue": 2116000000, "grossProfit": 4800000000, "grossProfitRatio": 0.6940427993, "researchAndDevelopmentExpenses": 0, "generalAndAdministrativeExpenses": 0, "sellingAndMarketingExpenses": 0, "sellingGeneralAndAdministrativeExpenses": 0, "otherExpenses": 3495000000, "operatingExpenses": 3495000000, "costAndExpenses": 5611000000, "interestIncome": 0, "interestExpense": 0, "depreciationAndAmortization": 548000000, "ebitda": 1853000000, "ebitdaratio": 0.267929439, "operatingIncome": 1305000000, "operatingIncomeRatio": 0.1886928861, "totalOtherIncomeExpensesNet": 15000000, "incomeBeforeTax": 780000000, "incomeBeforeTaxRatio": 0.1127819549, "incomeTaxExpense": 260000000, "netIncome": 520000000, "netIncomeRatio": 0.0751879699, "eps": 3.03, "epsdiluted": 3.03, "weightedAverageShsOut": 321000000, "weightedAverageShsOutDil": 321000000, "link": "https://www.sec.gov/Archives/edgar/data/4904/000000490400000039/0000004904-00-000039-index.html", "finalLink": "https://www.sec.gov/Archives/edgar/data/4904/000000490400000039/", "calculatedOtherExpenses": 3495000000, "calculatedOperatingExpenses": 3495000000, "calculatedNetInterest": 0, "calculatedOtherIncome": -525000000, "calculatedIncomeNonControlling": 0, "calculatedEbitda": 1853000000}, {"date": "1998-12-31", "symbol": "AEP", "reportedCurrency": "USD", "cik": "0000004904", "fillingDate": "1999-03-29", "acceptedDate": "1999-03-29 00:00:00", "calendarYear": "1998", "period": "FY", "revenue": 6345900000, "costOfRevenue": 2153600000, "grossProfit": 4192300000, "grossProfitRatio": 0.6606312737, "researchAndDevelopmentExpenses": 0, "generalAndAdministrativeExpenses": 0, "sellingAndMarketingExpenses": 0, "sellingGeneralAndAdministrativeExpenses": 0, "otherExpenses": 2919400000, "operatingExpenses": 2919400000, "costAndExpenses": 5073000000, "interestIncome": 0, "interestExpense": 0, "depreciationAndAmortization": 624900000, "ebitda": 1897800000, "ebitdaratio": 0.2990592351, "operatingIncome": 1272900000, "operatingIncomeRatio": 0.2005862053, "totalOtherIncomeExpensesNet": 9500000, "incomeBeforeTax": 852400000, "incomeBeforeTaxRatio": 0.1343229487, "incomeTaxExpense": 316200000, "netIncome": 536200000, "netIncomeRatio": 0.084495501, "eps": 2.81, "epsdiluted": 2.81, "weightedAverageShsOut": 191000000, "weightedAverageShsOutDil": 191000000, "link": "https://www.sec.gov/Archives/edgar/data/4904/000000490499000027/0000004904-99-000027-index.html", "finalLink": "https://www.sec.gov/Archives/edgar/data/4904/", "calculatedOtherExpenses": 2919400000, "calculatedOperatingExpenses": 2919400000, "calculatedNetInterest": 0, "calculatedOtherIncome": -420500000, "calculatedIncomeNonControlling": 0, "calculatedEbitda": 1897800000}, {"date": "1997-12-31", "symbol": "AEP", "reportedCurrency": "USD", "cik": "0000004904", "fillingDate": "1998-03-27", "acceptedDate": "1998-03-27 00:00:00", "calendarYear": "1997", "period": "FY", "revenue": 6161400000, "costOfRevenue": 2043400000, "grossProfit": 4118000000, "grossProfitRatio": 0.6683545947, "researchAndDevelopmentExpenses": 0, "generalAndAdministrativeExpenses": 0, "sellingAndMarketingExpenses": 0, "sellingGeneralAndAdministrativeExpenses": 0, "otherExpenses": 2792300000, "operatingExpenses": 2792300000, "costAndExpenses": 4835700000, "interestIncome": 0, "interestExpense": 0, "depreciationAndAmortization": 560600000, "ebitda": 1886300000, "ebitdaratio": 0.3061479534, "operatingIncome": 1325700000, "operatingIncomeRatio": 0.2151621385, "totalOtherIncomeExpensesNet": 59600000, "incomeBeforeTax": 961700000, "incomeBeforeTaxRatio": 0.1560846561, "incomeTaxExpense": 341300000, "netIncome": 511000000, "netIncomeRatio": 0.0829356964, "eps": 2.7, "epsdiluted": 2.7, "weightedAverageShsOut": 189259259, "weightedAverageShsOutDil": 189259259, "link": "https://www.sec.gov/Archives/edgar/data/4904/000000490498000024/0000004904-98-000024-index.html", "finalLink": "https://www.sec.gov/Archives/edgar/data/4904/", "calculatedOtherExpenses": 2792300000, "calculatedOperatingExpenses": 2792300000, "calculatedNetInterest": 0, "calculatedOtherIncome": -364000000, "calculatedIncomeNonControlling": 109400000, "calculatedEbitda": 1886300000}, {"date": "1996-12-31", "symbol": "AEP", "reportedCurrency": "USD", "cik": "0000004904", "fillingDate": "1997-03-26", "acceptedDate": "1997-03-26 00:00:00", "calendarYear": "1996", "period": "FY", "revenue": 5849200000, "costOfRevenue": 1686800000, "grossProfit": 4162400000, "grossProfitRatio": 0.7116186829, "researchAndDevelopmentExpenses": 0, "generalAndAdministrativeExpenses": 0, "sellingAndMarketingExpenses": 0, "sellingGeneralAndAdministrativeExpenses": 0, "otherExpenses": 2812300000, "operatingExpenses": 2812300000, "costAndExpenses": 4499100000, "interestIncome": 0, "interestExpense": 0, "depreciationAndAmortization": 644000000, "ebitda": 1994100000, "ebitdaratio": 0.3409184162, "operatingIncome": 1350100000, "operatingIncomeRatio": 0.2308178896, "totalOtherIncomeExpensesNet": 2200000, "incomeBeforeTax": 929600000, "incomeBeforeTaxRatio": 0.1589277166, "incomeTaxExpense": 342200000, "netIncome": 587400000, "netIncomeRatio": 0.1004239896, "eps": 3.14, "epsdiluted": 3.14, "weightedAverageShsOut": 187070064, "weightedAverageShsOutDil": 187070064, "link": "https://www.sec.gov/Archives/edgar/data/4904/000000490497000038/0000004904-97-000038-index.html", "finalLink": "https://www.sec.gov/Archives/edgar/data/4904/", "calculatedOtherExpenses": 2812300000, "calculatedOperatingExpenses": 2812300000, "calculatedNetInterest": 0, "calculatedOtherIncome": -420500000, "calculatedIncomeNonControlling": 0, "calculatedEbitda": 1994100000}, {"date": "1995-12-31", "symbol": "AEP", "reportedCurrency": "USD", "cik": "0000004904", "fillingDate": "1996-03-28", "acceptedDate": "1996-03-28 00:00:00", "calendarYear": "1995", "period": "FY", "revenue": 5670300000, "costOfRevenue": 1625500000, "grossProfit": 4044800000, "grossProfitRatio": 0.7133308643, "researchAndDevelopmentExpenses": 0, "generalAndAdministrativeExpenses": 0, "sellingAndMarketingExpenses": 0, "sellingGeneralAndAdministrativeExpenses": 0, "otherExpenses": 2808200000, "operatingExpenses": 2808200000, "costAndExpenses": 4433700000, "interestIncome": 0, "interestExpense": 0, "depreciationAndAmortization": 611300000, "ebitda": 1847900000, "ebitdaratio": 0.3258910463, "operatingIncome": 1236600000, "operatingIncomeRatio": 0.2180836993, "totalOtherIncomeExpensesNet": 20200000, "incomeBeforeTax": 801900000, "incomeBeforeTaxRatio": 0.1414210888, "incomeTaxExpense": 272000000, "netIncome": 529900000, "netIncomeRatio": 0.0934518456, "eps": 2.85, "epsdiluted": 2.85, "weightedAverageShsOut": 185847000, "weightedAverageShsOutDil": 185847000, "link": "https://www.sec.gov/Archives/edgar/data/4904/000000490496000034/0000004904-96-000034-index.html", "finalLink": "https://www.sec.gov/Archives/edgar/data/4904/", "calculatedOtherExpenses": 2808200000, "calculatedOperatingExpenses": 2808200000, "calculatedNetInterest": 0, "calculatedOtherIncome": -434700000, "calculatedIncomeNonControlling": 0, "calculatedEbitda": 1847900000}, {"date": "1994-12-31", "symbol": "AEP", "reportedCurrency": "USD", "cik": "0000004904", "fillingDate": "1995-03-29", "acceptedDate": "1995-03-29 00:00:00", "calendarYear": "1994", "period": "FY", "revenue": 5504700000, "costOfRevenue": 1745200000, "grossProfit": 3759500000, "grossProfitRatio": 0.6829618326, "researchAndDevelopmentExpenses": 0, "generalAndAdministrativeExpenses": 0, "sellingAndMarketingExpenses": 0, "sellingGeneralAndAdministrativeExpenses": 0, "otherExpenses": 2610000000, "operatingExpenses": 2610000000, "costAndExpenses": 4355200000, "interestIncome": 0, "interestExpense": 0, "depreciationAndAmortization": 549700000, "ebitda": 1699200000, "ebitdaratio": 0.308681672, "operatingIncome": 1149500000, "operatingIncomeRatio": 0.2088215525, "totalOtherIncomeExpensesNet": 11500000, "incomeBeforeTax": 717200000, "incomeBeforeTaxRatio": 0.1302886624, "incomeTaxExpense": 217200000, "netIncome": 500000000, "netIncomeRatio": 0.0908314713, "eps": 2.71, "epsdiluted": 2.71, "weightedAverageShsOut": 184501845, "weightedAverageShsOutDil": 184501845, "link": "https://www.sec.gov/Archives/edgar/data/4904/000000490495000037/0000004904-95-000037-index.html", "finalLink": "https://www.sec.gov/Archives/edgar/data/4904/", "calculatedOtherExpenses": 2610000000, "calculatedOperatingExpenses": 2610000000, "calculatedNetInterest": 0, "calculatedOtherIncome": -432300000, "calculatedIncomeNonControlling": 0, "calculatedEbitda": 1699200000}, {"date": "1993-12-31", "symbol": "AEP", "reportedCurrency": "USD", "cik": "0000004904", "fillingDate": "1993-12-31", "acceptedDate": "1993-12-30 19:00:00", "calendarYear": "1993", "period": "FY", "revenue": 5268800000, "costOfRevenue": 0, "grossProfit": 5268800000, "grossProfitRatio": 1, "researchAndDevelopmentExpenses": 0, "generalAndAdministrativeExpenses": 0, "sellingAndMarketingExpenses": 0, "sellingGeneralAndAdministrativeExpenses": 0, "otherExpenses": 0, "operatingExpenses": 0, "costAndExpenses": 0, "interestIncome": 0, "interestExpense": 0, "depreciationAndAmortization": 0, "ebitda": 5268800000, "ebitdaratio": 1, "operatingIncome": 5268800000, "operatingIncomeRatio": 1, "totalOtherIncomeExpensesNet": 0, "incomeBeforeTax": 0, "incomeBeforeTaxRatio": 0, "incomeTaxExpense": -353800000, "netIncome": 353800000, "netIncomeRatio": 0.0671500152, "eps": 1.92, "epsdiluted": 1.92, "weightedAverageShsOut": 184270833, "weightedAverageShsOutDil": 184270833, "link": "", "finalLink": "", "calculatedOtherExpenses": 0, "calculatedOperatingExpenses": 0, "calculatedNetInterest": 0, "calculatedOtherIncome": -5268800000, "calculatedIncomeNonControlling": 0, "calculatedEbitda": 5268800000}, {"date": "1992-12-31", "symbol": "AEP", "reportedCurrency": "USD", "cik": "0000004904", "fillingDate": "1992-12-31", "acceptedDate": "1992-12-30 19:00:00", "calendarYear": "1992", "period": "FY", "revenue": 5044800000, "costOfRevenue": 0, "grossProfit": 5044800000, "grossProfitRatio": 1, "researchAndDevelopmentExpenses": 0, "generalAndAdministrativeExpenses": 0, "sellingAndMarketingExpenses": 0, "sellingGeneralAndAdministrativeExpenses": 0, "otherExpenses": 0, "operatingExpenses": 0, "costAndExpenses": 0, "interestIncome": 0, "interestExpense": 0, "depreciationAndAmortization": 0, "ebitda": 5044800000, "ebitdaratio": 1, "operatingIncome": 5044800000, "operatingIncomeRatio": 1, "totalOtherIncomeExpensesNet": 0, "incomeBeforeTax": 0, "incomeBeforeTaxRatio": 0, "incomeTaxExpense": -468300000, "netIncome": 468300000, "netIncomeRatio": 0.0928282588, "eps": 2.54, "epsdiluted": 2.54, "weightedAverageShsOut": 184370079, "weightedAverageShsOutDil": 184370079, "link": "", "finalLink": "", "calculatedOtherExpenses": 0, "calculatedOperatingExpenses": 0, "calculatedNetInterest": 0, "calculatedOtherIncome": -5044800000, "calculatedIncomeNonControlling": 0, "calculatedEbitda": 5044800000}, {"date": "1991-12-31", "symbol": "AEP", "reportedCurrency": "USD", "cik": "0000004904", "fillingDate": "1991-12-31", "acceptedDate": "1991-12-30 19:00:00", "calendarYear": "1991", "period": "FY", "revenue": 5046600000, "costOfRevenue": 0, "grossProfit": 5046600000, "grossProfitRatio": 1, "researchAndDevelopmentExpenses": 0, "generalAndAdministrativeExpenses": 0, "sellingAndMarketingExpenses": 0, "sellingGeneralAndAdministrativeExpenses": 0, "otherExpenses": 0, "operatingExpenses": 0, "costAndExpenses": 0, "interestIncome": 0, "interestExpense": 0, "depreciationAndAmortization": 0, "ebitda": 5046600000, "ebitdaratio": 1, "operatingIncome": 5046600000, "operatingIncomeRatio": 1, "totalOtherIncomeExpensesNet": 0, "incomeBeforeTax": 0, "incomeBeforeTaxRatio": 0, "incomeTaxExpense": -497900000, "netIncome": 497900000, "netIncomeRatio": 0.0986604843, "eps": 2.7, "epsdiluted": 2.7, "weightedAverageShsOut": 184407407, "weightedAverageShsOutDil": 184407407, "link": "", "finalLink": "", "calculatedOtherExpenses": 0, "calculatedOperatingExpenses": 0, "calculatedNetInterest": 0, "calculatedOtherIncome": -5046600000, "calculatedIncomeNonControlling": 0, "calculatedEbitda": 5046600000}, {"date": "1990-12-31", "symbol": "AEP", "reportedCurrency": "USD", "cik": "0000004904", "fillingDate": "1990-12-31", "acceptedDate": "1990-12-30 19:00:00", "calendarYear": "1990", "period": "FY", "revenue": 5167500000, "costOfRevenue": 0, "grossProfit": 5167500000, "grossProfitRatio": 1, "researchAndDevelopmentExpenses": 0, "generalAndAdministrativeExpenses": 0, "sellingAndMarketingExpenses": 0, "sellingGeneralAndAdministrativeExpenses": 0, "otherExpenses": 0, "operatingExpenses": 0, "costAndExpenses": 0, "interestIncome": 0, "interestExpense": 0, "depreciationAndAmortization": 0, "ebitda": 5167500000, "ebitdaratio": 1, "operatingIncome": 5167500000, "operatingIncomeRatio": 1, "totalOtherIncomeExpensesNet": 0, "incomeBeforeTax": 0, "incomeBeforeTaxRatio": 0, "incomeTaxExpense": -496400000, "netIncome": 496400000, "netIncomeRatio": 0.0960619255, "eps": 2.65, "epsdiluted": 2.65, "weightedAverageShsOut": 187320755, "weightedAverageShsOutDil": 187320755, "link": "", "finalLink": "", "calculatedOtherExpenses": 0, "calculatedOperatingExpenses": 0, "calculatedNetInterest": 0, "calculatedOtherIncome": -5167500000, "calculatedIncomeNonControlling": 0, "calculatedEbitda": 5167500000}, {"date": "1989-12-31", "symbol": "AEP", "reportedCurrency": "USD", "cik": "0000004904", "fillingDate": "1989-12-31", "acceptedDate": "1989-12-30 19:00:00", "calendarYear": "1989", "period": "FY", "revenue": 5140400000, "costOfRevenue": 0, "grossProfit": 5140400000, "grossProfitRatio": 1, "researchAndDevelopmentExpenses": 0, "generalAndAdministrativeExpenses": 0, "sellingAndMarketingExpenses": 0, "sellingGeneralAndAdministrativeExpenses": 0, "otherExpenses": 0, "operatingExpenses": 0, "costAndExpenses": 0, "interestIncome": 0, "interestExpense": 0, "depreciationAndAmortization": 0, "ebitda": 5140400000, "ebitdaratio": 1, "operatingIncome": 5140400000, "operatingIncomeRatio": 1, "totalOtherIncomeExpensesNet": 0, "incomeBeforeTax": 0, "incomeBeforeTaxRatio": 0, "incomeTaxExpense": -628900000, "netIncome": 628900000, "netIncomeRatio": 0.1223445646, "eps": 3.25, "epsdiluted": 3.25, "weightedAverageShsOut": 193507692, "weightedAverageShsOutDil": 193507692, "link": "", "finalLink": "", "calculatedOtherExpenses": 0, "calculatedOperatingExpenses": 0, "calculatedNetInterest": 0, "calculatedOtherIncome": -5140400000, "calculatedIncomeNonControlling": 0, "calculatedEbitda": 5140400000}, {"date": "1988-12-31", "symbol": "AEP", "reportedCurrency": "USD", "cik": "0000004904", "fillingDate": "1988-12-31", "acceptedDate": "1988-12-30 19:00:00", "calendarYear": "1988", "period": "FY", "revenue": 4840800000, "costOfRevenue": 0, "grossProfit": 4840800000, "grossProfitRatio": 1, "researchAndDevelopmentExpenses": 0, "generalAndAdministrativeExpenses": 0, "sellingAndMarketingExpenses": 0, "sellingGeneralAndAdministrativeExpenses": 0, "otherExpenses": 0, "operatingExpenses": 0, "costAndExpenses": 0, "interestIncome": 0, "interestExpense": 0, "depreciationAndAmortization": 0, "ebitda": 4840800000, "ebitdaratio": 1, "operatingIncome": 4840800000, "operatingIncomeRatio": 1, "totalOtherIncomeExpensesNet": 0, "incomeBeforeTax": 0, "incomeBeforeTaxRatio": 0, "incomeTaxExpense": -626800000, "netIncome": 626800000, "netIncomeRatio": 0.1294827301, "eps": 3.24, "epsdiluted": 3.24, "weightedAverageShsOut": 193456790, "weightedAverageShsOutDil": 193456790, "link": "", "finalLink": "", "calculatedOtherExpenses": 0, "calculatedOperatingExpenses": 0, "calculatedNetInterest": 0, "calculatedOtherIncome": -4840800000, "calculatedIncomeNonControlling": 0, "calculatedEbitda": 4840800000}, {"date": "1987-12-31", "symbol": "AEP", "reportedCurrency": "USD", "cik": "0000004904", "fillingDate": "1987-12-31", "acceptedDate": "1987-12-30 19:00:00", "calendarYear": "1987", "period": "FY", "revenue": 4787600000, "costOfRevenue": 0, "grossProfit": 4787600000, "grossProfitRatio": 1, "researchAndDevelopmentExpenses": 0, "generalAndAdministrativeExpenses": 0, "sellingAndMarketingExpenses": 0, "sellingGeneralAndAdministrativeExpenses": 0, "otherExpenses": 0, "operatingExpenses": 0, "costAndExpenses": 0, "interestIncome": 0, "interestExpense": 0, "depreciationAndAmortization": 0, "ebitda": 4787600000, "ebitdaratio": 1, "operatingIncome": 4787600000, "operatingIncomeRatio": 1, "totalOtherIncomeExpensesNet": 0, "incomeBeforeTax": 0, "incomeBeforeTaxRatio": 0, "incomeTaxExpense": -502500000, "netIncome": 502500000, "netIncomeRatio": 0.1049586432, "eps": 2.6, "epsdiluted": 2.6, "weightedAverageShsOut": 193269231, "weightedAverageShsOutDil": 193269231, "link": "", "finalLink": "", "calculatedOtherExpenses": 0, "calculatedOperatingExpenses": 0, "calculatedNetInterest": 0, "calculatedOtherIncome": -4787600000, "calculatedIncomeNonControlling": 0, "calculatedEbitda": 4787600000}, {"date": "1986-12-31", "symbol": "AEP", "reportedCurrency": "USD", "cik": "0000004904", "fillingDate": "1986-12-31", "acceptedDate": "1986-12-30 19:00:00", "calendarYear": "1986", "period": "FY", "revenue": 4842800000, "costOfRevenue": 0, "grossProfit": 4842800000, "grossProfitRatio": 1, "researchAndDevelopmentExpenses": 0, "generalAndAdministrativeExpenses": 0, "sellingAndMarketingExpenses": 0, "sellingGeneralAndAdministrativeExpenses": 0, "otherExpenses": 0, "operatingExpenses": 0, "costAndExpenses": 0, "interestIncome": 0, "interestExpense": 0, "depreciationAndAmortization": 0, "ebitda": 4842800000, "ebitdaratio": 1, "operatingIncome": 4842800000, "operatingIncomeRatio": 1, "totalOtherIncomeExpensesNet": 0, "incomeBeforeTax": 0, "incomeBeforeTaxRatio": 0, "incomeTaxExpense": -507200000, "netIncome": 507200000, "netIncomeRatio": 0.1047327992, "eps": 2.62, "epsdiluted": 2.62, "weightedAverageShsOut": 193587786, "weightedAverageShsOutDil": 193587786, "link": "", "finalLink": "", "calculatedOtherExpenses": 0, "calculatedOperatingExpenses": 0, "calculatedNetInterest": 0, "calculatedOtherIncome": -4842800000, "calculatedIncomeNonControlling": 0, "calculatedEbitda": 4842800000}, {"date": "1985-12-31", "symbol": "AEP", "reportedCurrency": "USD", "cik": "0000004904", "fillingDate": "1985-12-31", "acceptedDate": "1985-12-30 19:00:00", "calendarYear": "1985", "period": "FY", "revenue": 4848000000, "costOfRevenue": 0, "grossProfit": 4848000000, "grossProfitRatio": 1, "researchAndDevelopmentExpenses": 0, "generalAndAdministrativeExpenses": 0, "sellingAndMarketingExpenses": 0, "sellingGeneralAndAdministrativeExpenses": 0, "otherExpenses": 0, "operatingExpenses": 0, "costAndExpenses": 0, "interestIncome": 0, "interestExpense": 0, "depreciationAndAmortization": 0, "ebitda": 4848000000, "ebitdaratio": 1, "operatingIncome": 4848000000, "operatingIncomeRatio": 1, "totalOtherIncomeExpensesNet": 0, "incomeBeforeTax": 0, "incomeBeforeTaxRatio": 0, "incomeTaxExpense": -485000000, "netIncome": 485000000, "netIncomeRatio": 0.1000412541, "eps": 2.54, "epsdiluted": 2.54, "weightedAverageShsOut": 190944882, "weightedAverageShsOutDil": 190944882, "link": "", "finalLink": "", "calculatedOtherExpenses": 0, "calculatedOperatingExpenses": 0, "calculatedNetInterest": 0, "calculatedOtherIncome": -4848000000, "calculatedIncomeNonControlling": 0, "calculatedEbitda": 4848000000}]}