{"originalCurrency": "USD", "convertedCurrency": "USD", "report": [{"date": "2023-12-31", "symbol": "AES", "reportedCurrency": "USD", "cik": "0000874761", "fillingDate": "2024-02-26", "acceptedDate": "2024-02-26 17:24:09", "calendarYear": "2022", "period": "FY", "revenue": 12668000000, "costOfRevenue": 7660000000, "grossProfit": 5008000000, "grossProfitRatio": 0.3953268077, "researchAndDevelopmentExpenses": 0, "generalAndAdministrativeExpenses": 255000000, "sellingAndMarketingExpenses": 0, "sellingGeneralAndAdministrativeExpenses": 255000000, "otherExpenses": -12000000, "operatingExpenses": 255000000, "costAndExpenses": 7915000000, "interestIncome": 551000000, "interestExpense": -1319000000, "depreciationAndAmortization": 1128000000, "ebitda": -189000000, "ebitdaratio": -0.0149194822, "operatingIncome": -189000000, "operatingIncomeRatio": -0.0149194822, "totalOtherIncomeExpensesNet": 293000000, "incomeBeforeTax": 104000000, "incomeBeforeTaxRatio": 0.0082096621, "incomeTaxExpense": 261000000, "netIncome": 249000000, "netIncomeRatio": 0.0196558257, "eps": 0.36, "epsdiluted": 0.34, "weightedAverageShsOut": 669000000, "weightedAverageShsOutDil": 712000000, "link": "https://www.sec.gov/Archives/edgar/data/874761/000087476124000011/0000874761-24-000011-index.htm", "finalLink": "https://www.sec.gov/Archives/edgar/data/874761/000087476124000011/aes-20231231.htm", "calculatedOtherExpenses": 4942000000, "calculatedOperatingExpenses": 5197000000, "calculatedNetInterest": 1870000000, "calculatedOtherIncome": -1577000000, "calculatedIncomeNonControlling": -406000000, "calculatedEbitda": 939000000}, {"date": "2022-12-31", "symbol": "AES", "reportedCurrency": "USD", "cik": "0000874761", "fillingDate": "2023-03-01", "acceptedDate": "2023-03-01 16:44:29", "calendarYear": "2021", "period": "FY", "revenue": 12617000000, "costOfRevenue": 10069000000, "grossProfit": 2548000000, "grossProfitRatio": 0.2019497503, "researchAndDevelopmentExpenses": 0, "generalAndAdministrativeExpenses": 207000000, "sellingAndMarketingExpenses": 0, "sellingGeneralAndAdministrativeExpenses": 207000000, "otherExpenses": -141000000, "operatingExpenses": 207000000, "costAndExpenses": 10276000000, "interestIncome": 389000000, "interestExpense": 1117000000, "depreciationAndAmortization": 1053000000, "ebitda": 3620000000, "ebitdaratio": 0.2869144805, "operatingIncome": 2567000000, "operatingIncomeRatio": 0.2034556551, "totalOtherIncomeExpensesNet": -2736000000, "incomeBeforeTax": -169000000, "incomeBeforeTaxRatio": -0.0133946263, "incomeTaxExpense": 265000000, "netIncome": -434000000, "netIncomeRatio": -0.0343980344, "eps": -0.65, "epsdiluted": -0.65, "weightedAverageShsOut": 668000000, "weightedAverageShsOutDil": 668000000, "link": "https://www.sec.gov/Archives/edgar/data/874761/000087476123000010/0000874761-23-000010-index.htm", "finalLink": "https://www.sec.gov/Archives/edgar/data/874761/000087476123000010/aes-20221231.htm", "calculatedOtherExpenses": -226000000, "calculatedOperatingExpenses": -19000000, "calculatedNetInterest": -728000000, "calculatedOtherIncome": -2008000000, "calculatedIncomeNonControlling": 0, "calculatedEbitda": 3620000000}, {"date": "2021-12-31", "symbol": "AES", "reportedCurrency": "USD", "cik": "0000874761", "fillingDate": "2022-02-28", "acceptedDate": "2022-02-28 06:20:51", "calendarYear": "2020", "period": "FY", "revenue": 11141000000, "costOfRevenue": 8430000000, "grossProfit": 2711000000, "grossProfitRatio": 0.2433354277, "researchAndDevelopmentExpenses": 0, "generalAndAdministrativeExpenses": 166000000, "sellingAndMarketingExpenses": 0, "sellingGeneralAndAdministrativeExpenses": 166000000, "otherExpenses": 350000000, "operatingExpenses": 166000000, "costAndExpenses": 8596000000, "interestIncome": 298000000, "interestExpense": 911000000, "depreciationAndAmortization": 1056000000, "ebitda": 4249000000, "ebitdaratio": 0.3813840768, "operatingIncome": 3193000000, "operatingIncomeRatio": 0.2865990486, "totalOtherIncomeExpensesNet": -4257000000, "incomeBeforeTax": -1064000000, "incomeBeforeTaxRatio": -0.0955030967, "incomeTaxExpense": -133000000, "netIncome": -931000000, "netIncomeRatio": -0.0835652096, "eps": -1.4, "epsdiluted": -1.4, "weightedAverageShsOut": 666000000, "weightedAverageShsOutDil": 666000000, "link": "https://www.sec.gov/Archives/edgar/data/874761/000087476122000022/0000874761-22-000022-index.htm", "finalLink": "https://www.sec.gov/Archives/edgar/data/874761/000087476122000022/aes-20211231.htm", "calculatedOtherExpenses": -648000000, "calculatedOperatingExpenses": -482000000, "calculatedNetInterest": -613000000, "calculatedOtherIncome": -3644000000, "calculatedIncomeNonControlling": 0, "calculatedEbitda": 4249000000}, {"date": "2020-12-31", "symbol": "AES", "reportedCurrency": "USD", "cik": "0000874761", "fillingDate": "2021-02-25", "acceptedDate": "2021-02-24 18:41:01", "calendarYear": "2019", "period": "FY", "revenue": 9660000000, "costOfRevenue": 6967000000, "grossProfit": 2693000000, "grossProfitRatio": 0.2787784679, "researchAndDevelopmentExpenses": 0, "generalAndAdministrativeExpenses": 165000000, "sellingAndMarketingExpenses": 0, "sellingGeneralAndAdministrativeExpenses": 165000000, "otherExpenses": -180000000, "operatingExpenses": 165000000, "costAndExpenses": 7132000000, "interestIncome": 268000000, "interestExpense": 1038000000, "depreciationAndAmortization": 1068000000, "ebitda": 3684000000, "ebitdaratio": 0.3813664596, "operatingIncome": 2616000000, "operatingIncomeRatio": 0.2708074534, "totalOtherIncomeExpensesNet": -2128000000, "incomeBeforeTax": 488000000, "incomeBeforeTaxRatio": 0.0505175983, "incomeTaxExpense": 216000000, "netIncome": 272000000, "netIncomeRatio": 0.0281573499, "eps": 0.41, "epsdiluted": 0.41, "weightedAverageShsOut": 665000000, "weightedAverageShsOutDil": 668000000, "link": "https://www.sec.gov/Archives/edgar/data/874761/000087476121000015/0000874761-21-000015-index.htm", "finalLink": "https://www.sec.gov/Archives/edgar/data/874761/000087476121000015/aes-20201231.htm", "calculatedOtherExpenses": -88000000, "calculatedOperatingExpenses": 77000000, "calculatedNetInterest": -770000000, "calculatedOtherIncome": -1358000000, "calculatedIncomeNonControlling": 0, "calculatedEbitda": 3684000000}, {"date": "2019-12-31", "symbol": "AES", "reportedCurrency": "USD", "cik": "0000874761", "fillingDate": "2020-02-28", "acceptedDate": "2020-02-27 18:07:01", "calendarYear": "2018", "period": "FY", "revenue": 10189000000, "costOfRevenue": 7840000000, "grossProfit": 2349000000, "grossProfitRatio": 0.2305427422, "researchAndDevelopmentExpenses": 0, "generalAndAdministrativeExpenses": 196000000, "sellingAndMarketingExpenses": 0, "sellingGeneralAndAdministrativeExpenses": 196000000, "otherExpenses": -27000000, "operatingExpenses": 196000000, "costAndExpenses": 8036000000, "interestIncome": 318000000, "interestExpense": 1050000000, "depreciationAndAmortization": 1045000000, "ebitda": 3489000000, "ebitdaratio": 0.3424281087, "operatingIncome": 2444000000, "operatingIncomeRatio": 0.2398665227, "totalOtherIncomeExpensesNet": -1443000000, "incomeBeforeTax": 1001000000, "incomeBeforeTaxRatio": 0.0982432035, "incomeTaxExpense": 352000000, "netIncome": 649000000, "netIncomeRatio": 0.0636961429, "eps": 0.98, "epsdiluted": 0.97, "weightedAverageShsOut": 664000000, "weightedAverageShsOutDil": 667000000, "link": "https://www.sec.gov/Archives/edgar/data/874761/000087476120000012/0000874761-20-000012-index.htm", "finalLink": "https://www.sec.gov/Archives/edgar/data/874761/000087476120000012/a2019form10-k.htm", "calculatedOtherExpenses": -291000000, "calculatedOperatingExpenses": -95000000, "calculatedNetInterest": -732000000, "calculatedOtherIncome": -711000000, "calculatedIncomeNonControlling": 0, "calculatedEbitda": 3489000000}, {"date": "2018-12-31", "symbol": "AES", "reportedCurrency": "USD", "cik": "0000874761", "fillingDate": "2019-02-27", "acceptedDate": "2019-02-26 18:30:58", "calendarYear": "2017", "period": "FY", "revenue": 10736000000, "costOfRevenue": 8163000000, "grossProfit": 2573000000, "grossProfitRatio": 0.2396609538, "researchAndDevelopmentExpenses": 0, "generalAndAdministrativeExpenses": 192000000, "sellingAndMarketingExpenses": 0, "sellingGeneralAndAdministrativeExpenses": 192000000, "otherExpenses": -133000000, "operatingExpenses": 192000000, "costAndExpenses": 8355000000, "interestIncome": 310000000, "interestExpense": 1056000000, "depreciationAndAmortization": 1003000000, "ebitda": 3561000000, "ebitdaratio": 0.3316877794, "operatingIncome": 2374000000, "operatingIncomeRatio": 0.2211251863, "totalOtherIncomeExpensesNet": 383000000, "incomeBeforeTax": 2018000000, "incomeBeforeTaxRatio": 0.1879657228, "incomeTaxExpense": 708000000, "netIncome": 1203000000, "netIncomeRatio": 0.1120529061, "eps": 1.82, "epsdiluted": 1.81, "weightedAverageShsOut": 660989011, "weightedAverageShsOutDil": 664640884, "link": "https://www.sec.gov/Archives/edgar/data/874761/000087476119000012/0000874761-19-000012-index.htm", "finalLink": "https://www.sec.gov/Archives/edgar/data/874761/000087476119000012/a2018form10-k.htm", "calculatedOtherExpenses": 7000000, "calculatedOperatingExpenses": 199000000, "calculatedNetInterest": -746000000, "calculatedOtherIncome": 390000000, "calculatedIncomeNonControlling": 107000000, "calculatedEbitda": 3377000000}, {"date": "2017-12-31", "symbol": "AES", "reportedCurrency": "USD", "cik": "0000874761", "fillingDate": "2018-02-27", "acceptedDate": "2018-02-26 18:36:52", "calendarYear": "2016", "period": "FY", "revenue": 10530000000, "costOfRevenue": 8043000000, "grossProfit": 2487000000, "grossProfitRatio": 0.2361823362, "researchAndDevelopmentExpenses": 0, "generalAndAdministrativeExpenses": 215000000, "sellingAndMarketingExpenses": 0, "sellingGeneralAndAdministrativeExpenses": 216000000, "otherExpenses": 0, "operatingExpenses": 719000000, "costAndExpenses": 8762000000, "interestIncome": 926000000, "interestExpense": 0, "depreciationAndAmortization": 1046000000, "ebitda": 3317000000, "ebitdaratio": 0.3150047483, "operatingIncome": 2271000000, "operatingIncomeRatio": 0.2156695157, "totalOtherIncomeExpensesNet": -1429000000, "incomeBeforeTax": 842000000, "incomeBeforeTaxRatio": 0.0799620133, "incomeTaxExpense": 990000000, "netIncome": -507000000, "netIncomeRatio": -0.0481481481, "eps": -0.77, "epsdiluted": -0.77, "weightedAverageShsOut": 658441558, "weightedAverageShsOutDil": 660000000, "link": "https://www.sec.gov/Archives/edgar/data/874761/000087476118000014/0000874761-18-000014-index.htm", "finalLink": "https://www.sec.gov/Archives/edgar/data/874761/000087476118000014/a2017form10-k.htm", "calculatedOtherExpenses": 0, "calculatedOperatingExpenses": 216000000, "calculatedNetInterest": 926000000, "calculatedOtherIncome": -2355000000, "calculatedIncomeNonControlling": 359000000, "calculatedEbitda": 3317000000}, {"date": "2016-12-31", "symbol": "AES", "reportedCurrency": "USD", "cik": "0000874761", "fillingDate": "2017-02-27", "acceptedDate": "2017-02-24 17:37:42", "calendarYear": "2015", "period": "FY", "revenue": 13586000000, "costOfRevenue": 11153000000, "grossProfit": 2433000000, "grossProfitRatio": 0.1790814073, "researchAndDevelopmentExpenses": 0, "generalAndAdministrativeExpenses": 194000000, "sellingAndMarketingExpenses": 0, "sellingGeneralAndAdministrativeExpenses": 194000000, "otherExpenses": -40000000, "operatingExpenses": 194000000, "costAndExpenses": 11347000000, "interestIncome": 464000000, "interestExpense": 1431000000, "depreciationAndAmortization": 1176000000, "ebitda": 3839000000, "ebitdaratio": 0.2825702929, "operatingIncome": 2187000000, "operatingIncomeRatio": 0.1609745326, "totalOtherIncomeExpensesNet": -1135000000, "incomeBeforeTax": 137000000, "incomeBeforeTaxRatio": 0.0100839099, "incomeTaxExpense": -188000000, "netIncome": -1130000000, "netIncomeRatio": -0.0831738554, "eps": -1.72, "epsdiluted": -1.72, "weightedAverageShsOut": 656976744, "weightedAverageShsOutDil": 656976744, "link": "https://www.sec.gov/Archives/edgar/data/874761/000087476117000003/0000874761-17-000003-index.htm", "finalLink": "https://www.sec.gov/Archives/edgar/data/874761/000087476117000003/a2016form10-k.htm", "calculatedOtherExpenses": 52000000, "calculatedOperatingExpenses": 246000000, "calculatedNetInterest": -967000000, "calculatedOtherIncome": -1083000000, "calculatedIncomeNonControlling": 1455000000, "calculatedEbitda": 3363000000}, {"date": "2015-12-31", "symbol": "AES", "reportedCurrency": "USD", "cik": "0000874761", "fillingDate": "2016-02-24", "acceptedDate": "2016-02-23 18:20:11", "calendarYear": "2014", "period": "FY", "revenue": 14963000000, "costOfRevenue": 12097000000, "grossProfit": 2866000000, "grossProfitRatio": 0.1915391299, "researchAndDevelopmentExpenses": 0, "generalAndAdministrativeExpenses": 196000000, "sellingAndMarketingExpenses": 0, "sellingGeneralAndAdministrativeExpenses": 196000000, "otherExpenses": 18000000, "operatingExpenses": 196000000, "costAndExpenses": 12293000000, "interestIncome": 524000000, "interestExpense": 1436000000, "depreciationAndAmortization": 1144000000, "ebitda": 4356000000, "ebitdaratio": 0.2911180913, "operatingIncome": 2670000000, "operatingIncomeRatio": 0.1784401524, "totalOtherIncomeExpensesNet": -636000000, "incomeBeforeTax": 1122000000, "incomeBeforeTaxRatio": 0.0749849629, "incomeTaxExpense": 465000000, "netIncome": 306000000, "netIncomeRatio": 0.0204504444, "eps": 0.45, "epsdiluted": 0.44, "weightedAverageShsOut": 680000000, "weightedAverageShsOutDil": 695454545, "link": "https://www.sec.gov/Archives/edgar/data/874761/000087476116000077/0000874761-16-000077-index.htm", "finalLink": "https://www.sec.gov/Archives/edgar/data/874761/000087476116000077/a2015form10-k.htm", "calculatedOtherExpenses": 0, "calculatedOperatingExpenses": 196000000, "calculatedNetInterest": -912000000, "calculatedOtherIncome": -636000000, "calculatedIncomeNonControlling": 351000000, "calculatedEbitda": 3814000000}, {"date": "2014-12-31", "symbol": "AES", "reportedCurrency": "USD", "cik": "0000874761", "fillingDate": "2015-02-26", "acceptedDate": "2015-02-25 19:07:16", "calendarYear": "2013", "period": "FY", "revenue": 17146000000, "costOfRevenue": 14058000000, "grossProfit": 3088000000, "grossProfitRatio": 0.1801003149, "researchAndDevelopmentExpenses": 0, "generalAndAdministrativeExpenses": 187000000, "sellingAndMarketingExpenses": 0, "sellingGeneralAndAdministrativeExpenses": 187000000, "otherExpenses": -72000000, "operatingExpenses": 187000000, "costAndExpenses": 14245000000, "interestIncome": 365000000, "interestExpense": 1471000000, "depreciationAndAmortization": 1245000000, "ebitda": 4439000000, "ebitdaratio": 0.2588942027, "operatingIncome": 2901000000, "operatingIncomeRatio": 0.1691939811, "totalOtherIncomeExpensesNet": -219000000, "incomeBeforeTax": 1576000000, "incomeBeforeTaxRatio": 0.091916482, "incomeTaxExpense": 419000000, "netIncome": 769000000, "netIncomeRatio": 0.0448501108, "eps": 1.07, "epsdiluted": 1.06, "weightedAverageShsOut": 718691589, "weightedAverageShsOutDil": 725471698, "link": "https://www.sec.gov/Archives/edgar/data/874761/000087476115000009/0000874761-15-000009-index.htm", "finalLink": "https://www.sec.gov/Archives/edgar/data/874761/000087476115000009/a2014form10-k.htm", "calculatedOtherExpenses": 0, "calculatedOperatingExpenses": 187000000, "calculatedNetInterest": -1106000000, "calculatedOtherIncome": -219000000, "calculatedIncomeNonControlling": 388000000, "calculatedEbitda": 4146000000}, {"date": "2013-12-31", "symbol": "AES", "reportedCurrency": "USD", "cik": "0000874761", "fillingDate": "2014-02-26", "acceptedDate": "2014-02-25 21:30:59", "calendarYear": "2012", "period": "FY", "revenue": 15891000000, "costOfRevenue": 12644000000, "grossProfit": 3247000000, "grossProfitRatio": 0.2043294947, "researchAndDevelopmentExpenses": 0, "generalAndAdministrativeExpenses": 220000000, "sellingAndMarketingExpenses": 0, "sellingGeneralAndAdministrativeExpenses": 220000000, "otherExpenses": 16000000, "operatingExpenses": 220000000, "costAndExpenses": 12864000000, "interestIncome": 275000000, "interestExpense": 1482000000, "depreciationAndAmortization": 1294000000, "ebitda": 4612000000, "ebitdaratio": 0.2902271726, "operatingIncome": 3027000000, "operatingIncomeRatio": 0.1904851803, "totalOtherIncomeExpensesNet": -772000000, "incomeBeforeTax": 1048000000, "incomeBeforeTaxRatio": 0.0659492795, "incomeTaxExpense": 343000000, "netIncome": 114000000, "netIncomeRatio": 0.007173872, "eps": 0.15, "epsdiluted": 0.15, "weightedAverageShsOut": 743000000, "weightedAverageShsOutDil": 748000000, "link": "https://www.sec.gov/Archives/edgar/data/874761/000087476114000011/0000874761-14-000011-index.htm", "finalLink": "https://www.sec.gov/Archives/edgar/data/874761/000087476114000011/a2013form10-k.htm", "calculatedOtherExpenses": 0, "calculatedOperatingExpenses": 220000000, "calculatedNetInterest": -1207000000, "calculatedOtherIncome": -772000000, "calculatedIncomeNonControlling": 591000000, "calculatedEbitda": 4321000000}, {"date": "2012-12-31", "symbol": "AES", "reportedCurrency": "USD", "cik": "0000874761", "fillingDate": "2013-02-27", "acceptedDate": "2013-02-26 19:09:37", "calendarYear": "2011", "period": "FY", "revenue": 18141000000, "costOfRevenue": 14427000000, "grossProfit": 3714000000, "grossProfitRatio": 0.204729618, "researchAndDevelopmentExpenses": 0, "generalAndAdministrativeExpenses": 301000000, "sellingAndMarketingExpenses": 0, "sellingGeneralAndAdministrativeExpenses": 301000000, "otherExpenses": 23000000, "operatingExpenses": 301000000, "costAndExpenses": 14728000000, "interestIncome": 349000000, "interestExpense": 1572000000, "depreciationAndAmortization": 1394000000, "ebitda": 5179000000, "ebitdaratio": 0.2854859159, "operatingIncome": 3413000000, "operatingIncomeRatio": 0.1881373684, "totalOtherIncomeExpensesNet": -1876000000, "incomeBeforeTax": 314000000, "incomeBeforeTaxRatio": 0.0173088584, "incomeTaxExpense": 708000000, "netIncome": -912000000, "netIncomeRatio": -0.0502728626, "eps": -1.21, "epsdiluted": -1.21, "weightedAverageShsOut": 755000000, "weightedAverageShsOutDil": 755000000, "link": "https://www.sec.gov/Archives/edgar/data/874761/000119312513077580/0001193125-13-077580-index.htm", "finalLink": "https://www.sec.gov/Archives/edgar/data/874761/000119312513077580/d472985d10k.htm", "calculatedOtherExpenses": 0, "calculatedOperatingExpenses": 301000000, "calculatedNetInterest": -1223000000, "calculatedOtherIncome": -1876000000, "calculatedIncomeNonControlling": 518000000, "calculatedEbitda": 4807000000}, {"date": "2011-12-31", "symbol": "AES", "reportedCurrency": "USD", "cik": "0000874761", "fillingDate": "2012-02-27", "acceptedDate": "2012-02-24 18:35:33", "calendarYear": "2010", "period": "FY", "revenue": 17128000000, "costOfRevenue": 13058000000, "grossProfit": 4070000000, "grossProfitRatio": 0.2376226063, "researchAndDevelopmentExpenses": 0, "generalAndAdministrativeExpenses": 391000000, "sellingAndMarketingExpenses": 0, "sellingGeneralAndAdministrativeExpenses": 391000000, "otherExpenses": 0, "operatingExpenses": 391000000, "costAndExpenses": 13449000000, "interestIncome": 400000000, "interestExpense": 1553000000, "depreciationAndAmortization": 1262000000, "ebitda": 5341000000, "ebitdaratio": 0.3118285848, "operatingIncome": 3743000000, "operatingIncomeRatio": 0.2185310603, "totalOtherIncomeExpensesNet": -359000000, "incomeBeforeTax": 2167000000, "incomeBeforeTaxRatio": 0.1265179823, "incomeTaxExpense": 631000000, "netIncome": 58000000, "netIncomeRatio": 0.0033862681, "eps": 0.07, "epsdiluted": 0.07, "weightedAverageShsOut": 778000000, "weightedAverageShsOutDil": 783000000, "link": "https://www.sec.gov/Archives/edgar/data/874761/000119312512078654/0001193125-12-078654-index.htm", "finalLink": "https://www.sec.gov/Archives/edgar/data/874761/000119312512078654/d290041d10k.htm", "calculatedOtherExpenses": -64000000, "calculatedOperatingExpenses": 327000000, "calculatedNetInterest": -1153000000, "calculatedOtherIncome": -423000000, "calculatedIncomeNonControlling": 1478000000, "calculatedEbitda": 5005000000}, {"date": "2010-12-31", "symbol": "AES", "reportedCurrency": "USD", "cik": "0000874761", "fillingDate": "2011-02-28", "acceptedDate": "2011-02-25 17:37:23", "calendarYear": "2009", "period": "FY", "revenue": 16647000000, "costOfRevenue": 12683000000, "grossProfit": 3964000000, "grossProfitRatio": 0.2381209828, "researchAndDevelopmentExpenses": 0, "generalAndAdministrativeExpenses": 339000000, "sellingAndMarketingExpenses": 53000000, "sellingGeneralAndAdministrativeExpenses": 392000000, "otherExpenses": 0, "operatingExpenses": 392000000, "costAndExpenses": 13075000000, "interestIncome": 411000000, "interestExpense": 1526000000, "depreciationAndAmortization": 1178000000, "ebitda": 5161000000, "ebitdaratio": 0.3100258305, "operatingIncome": 3572000000, "operatingIncomeRatio": 0.2145731964, "totalOtherIncomeExpensesNet": -1413000000, "incomeBeforeTax": 1044000000, "incomeBeforeTaxRatio": 0.0627140025, "incomeTaxExpense": 307000000, "netIncome": 9000000, "netIncomeRatio": 0.000540638, "eps": 0.01, "epsdiluted": 0.01, "weightedAverageShsOut": 769000000, "weightedAverageShsOutDil": 774000000, "link": "https://www.sec.gov/Archives/edgar/data/874761/000119312511047720/0001193125-11-047720-index.htm", "finalLink": "https://www.sec.gov/Archives/edgar/data/874761/000119312511047720/d10k.htm", "calculatedOtherExpenses": 0, "calculatedOperatingExpenses": 392000000, "calculatedNetInterest": -1115000000, "calculatedOtherIncome": -1413000000, "calculatedIncomeNonControlling": 728000000, "calculatedEbitda": 4750000000}, {"date": "2009-12-31", "symbol": "AES", "reportedCurrency": "USD", "cik": "0000874761", "fillingDate": "2010-02-26", "acceptedDate": "2010-02-25 17:55:00", "calendarYear": "2008", "period": "FY", "revenue": 14119000000, "costOfRevenue": 10624000000, "grossProfit": 3495000000, "grossProfitRatio": 0.2475387775, "researchAndDevelopmentExpenses": 0, "generalAndAdministrativeExpenses": 345000000, "sellingAndMarketingExpenses": 0, "sellingGeneralAndAdministrativeExpenses": 345000000, "otherExpenses": 0, "operatingExpenses": 345000000, "costAndExpenses": 10969000000, "interestIncome": 348000000, "interestExpense": 1515000000, "depreciationAndAmortization": 1049000000, "ebitda": 4547000000, "ebitdaratio": 0.3220483037, "operatingIncome": 1983000000, "operatingIncomeRatio": 0.1404490403, "totalOtherIncomeExpensesNet": 360000000, "incomeBeforeTax": 2343000000, "incomeBeforeTaxRatio": 0.1659465968, "incomeTaxExpense": 599000000, "netIncome": 658000000, "netIncomeRatio": 0.0466038671, "eps": 0.99, "epsdiluted": 0.98, "weightedAverageShsOut": 667000000, "weightedAverageShsOutDil": 670000000, "link": "https://www.sec.gov/Archives/edgar/data/874761/000119312510041006/0001193125-10-041006-index.htm", "finalLink": "https://www.sec.gov/Archives/edgar/data/874761/000119312510041006/d10k.htm", "calculatedOtherExpenses": 1167000000, "calculatedOperatingExpenses": 1512000000, "calculatedNetInterest": -1167000000, "calculatedOtherIncome": 1527000000, "calculatedIncomeNonControlling": 1086000000, "calculatedEbitda": 3032000000}, {"date": "2008-12-31", "symbol": "AES", "reportedCurrency": "USD", "cik": "0000874761", "fillingDate": "2009-02-26", "acceptedDate": "2009-02-26 17:30:17", "calendarYear": "2007", "period": "FY", "revenue": 16070000000, "costOfRevenue": 12363000000, "grossProfit": 3707000000, "grossProfitRatio": 0.2306782825, "researchAndDevelopmentExpenses": 0, "generalAndAdministrativeExpenses": 0, "sellingAndMarketingExpenses": 0, "sellingGeneralAndAdministrativeExpenses": 371000000, "otherExpenses": 0, "operatingExpenses": 371000000, "costAndExpenses": 12734000000, "interestIncome": 540000000, "interestExpense": 1844000000, "depreciationAndAmortization": 1001000000, "ebitda": 4877000000, "ebitdaratio": 0.3034847542, "operatingIncome": 3336000000, "operatingIncomeRatio": 0.2075917859, "totalOtherIncomeExpensesNet": 719000000, "incomeBeforeTax": 2751000000, "incomeBeforeTaxRatio": 0.1711885501, "incomeTaxExpense": 774000000, "netIncome": 1234000000, "netIncomeRatio": 0.0767890479, "eps": 1.84, "epsdiluted": 1.82, "weightedAverageShsOut": 669000000, "weightedAverageShsOutDil": 689000000, "link": "https://www.sec.gov/Archives/edgar/data/874761/000104746909001899/0001047469-09-001899-index.htm", "finalLink": "https://www.sec.gov/Archives/edgar/data/874761/000104746909001899/a2190712z10-k.htm", "calculatedOtherExpenses": 0, "calculatedOperatingExpenses": 371000000, "calculatedNetInterest": -1304000000, "calculatedOtherIncome": 719000000, "calculatedIncomeNonControlling": 743000000, "calculatedEbitda": 4337000000}, {"date": "2007-12-31", "symbol": "AES", "reportedCurrency": "USD", "cik": "0000874761", "fillingDate": "2008-03-17", "acceptedDate": "2008-03-14 17:53:35", "calendarYear": "2006", "period": "FY", "revenue": 13588000000, "costOfRevenue": 10179000000, "grossProfit": 3409000000, "grossProfitRatio": 0.2508831322, "researchAndDevelopmentExpenses": 0, "generalAndAdministrativeExpenses": 305000000, "sellingAndMarketingExpenses": 74000000, "sellingGeneralAndAdministrativeExpenses": 379000000, "otherExpenses": 0, "operatingExpenses": 379000000, "costAndExpenses": 10558000000, "interestIncome": 500000000, "interestExpense": 1788000000, "depreciationAndAmortization": 942000000, "ebitda": 4548000000, "ebitdaratio": 0.3347070945, "operatingIncome": 3030000000, "operatingIncomeRatio": 0.2229908743, "totalOtherIncomeExpensesNet": -204000000, "incomeBeforeTax": 1614000000, "incomeBeforeTaxRatio": 0.1187812776, "incomeTaxExpense": 685000000, "netIncome": -95000000, "netIncomeRatio": -0.0069914631, "eps": -0.14, "epsdiluted": -0.14, "weightedAverageShsOut": 668000000, "weightedAverageShsOutDil": 678000000, "link": "https://www.sec.gov/Archives/edgar/data/874761/000104746908002833/0001047469-08-002833-index.htm", "finalLink": "https://www.sec.gov/Archives/edgar/data/874761/000104746908002833/a2183492z10-k.htm", "calculatedOtherExpenses": 0, "calculatedOperatingExpenses": 379000000, "calculatedNetInterest": -1288000000, "calculatedOtherIncome": -128000000, "calculatedIncomeNonControlling": 1024000000, "calculatedEbitda": 3972000000}, {"date": "2006-12-31", "symbol": "AES", "reportedCurrency": "USD", "cik": "0000874761", "fillingDate": "2007-05-23", "acceptedDate": "2007-05-23 17:16:11", "calendarYear": "2005", "period": "FY", "revenue": 12299000000, "costOfRevenue": 0, "grossProfit": 12299000000, "grossProfitRatio": 1, "researchAndDevelopmentExpenses": 0, "generalAndAdministrativeExpenses": 0, "sellingAndMarketingExpenses": 0, "sellingGeneralAndAdministrativeExpenses": 305000000, "otherExpenses": 8898000000, "operatingExpenses": 9203000000, "costAndExpenses": 9203000000, "interestIncome": 443000000, "interestExpense": 1802000000, "depreciationAndAmortization": 933000000, "ebitda": 4467000000, "ebitdaratio": 0.3632002602, "operatingIncome": 3096000000, "operatingIncomeRatio": 0.2517277827, "totalOtherIncomeExpensesNet": -438000000, "incomeBeforeTax": 689000000, "incomeBeforeTaxRatio": 0.0560208147, "incomeTaxExpense": 403000000, "netIncome": 261000000, "netIncomeRatio": 0.0212212375, "eps": 0.37, "epsdiluted": 0.37, "weightedAverageShsOut": 661000000, "weightedAverageShsOutDil": 672000000, "link": "https://www.sec.gov/Archives/edgar/data/874761/000110465907042479/0001104659-07-042479-index.htm", "finalLink": "https://www.sec.gov/Archives/edgar/data/874761/000110465907042479/a07-14158_110k.htm", "calculatedOtherExpenses": 8898000000, "calculatedOperatingExpenses": 9203000000, "calculatedNetInterest": -1359000000, "calculatedOtherIncome": -1048000000, "calculatedIncomeNonControlling": 25000000, "calculatedEbitda": 4029000000}, {"date": "2005-12-31", "symbol": "AES", "reportedCurrency": "USD", "cik": "0000874761", "fillingDate": "2006-04-04", "acceptedDate": "2006-04-04 07:56:13", "calendarYear": "2004", "period": "FY", "revenue": 11086000000, "costOfRevenue": 0, "grossProfit": 11086000000, "grossProfitRatio": 1, "researchAndDevelopmentExpenses": 0, "generalAndAdministrativeExpenses": 0, "sellingAndMarketingExpenses": 0, "sellingGeneralAndAdministrativeExpenses": 221000000, "otherExpenses": 7908000000, "operatingExpenses": 8129000000, "costAndExpenses": 8129000000, "interestIncome": 391000000, "interestExpense": 1896000000, "depreciationAndAmortization": 889000000, "ebitda": 3840000000, "ebitdaratio": 0.3463828252, "operatingIncome": 2957000000, "operatingIncomeRatio": 0.2667328162, "totalOtherIncomeExpensesNet": 6000000, "incomeBeforeTax": 1097000000, "incomeBeforeTaxRatio": 0.0989536352, "incomeTaxExpense": 465000000, "netIncome": 630000000, "netIncomeRatio": 0.0568284323, "eps": 0.84, "epsdiluted": 0.83, "weightedAverageShsOut": 654000000, "weightedAverageShsOutDil": 665000000, "link": "https://www.sec.gov/Archives/edgar/data/874761/000110465906021893/0001104659-06-021893-index.htm", "finalLink": "https://www.sec.gov/Archives/edgar/data/874761/000110465906021893/a06-2378_110k.htm", "calculatedOtherExpenses": 7908000000, "calculatedOperatingExpenses": 8129000000, "calculatedNetInterest": -1505000000, "calculatedOtherIncome": -355000000, "calculatedIncomeNonControlling": 2000000, "calculatedEbitda": 3846000000}, {"date": "2004-12-31", "symbol": "AES", "reportedCurrency": "USD", "cik": "0000874761", "fillingDate": "2005-03-30", "acceptedDate": "2005-03-30 16:17:37", "calendarYear": "2003", "period": "FY", "revenue": 9486000000, "costOfRevenue": 0, "grossProfit": 9486000000, "grossProfitRatio": 1, "researchAndDevelopmentExpenses": 0, "generalAndAdministrativeExpenses": 0, "sellingAndMarketingExpenses": 0, "sellingGeneralAndAdministrativeExpenses": 182000000, "otherExpenses": 6714000000, "operatingExpenses": 6896000000, "costAndExpenses": 6896000000, "interestIncome": 0, "interestExpense": 0, "depreciationAndAmortization": 841000000, "ebitda": 3509000000, "ebitdaratio": 0.3699135568, "operatingIncome": -6896000000, "operatingIncomeRatio": -0.7269660552, "totalOtherIncomeExpensesNet": -78000000, "incomeBeforeTax": 615000000, "incomeBeforeTaxRatio": 0.0648323846, "incomeTaxExpense": 249000000, "netIncome": 386000000, "netIncomeRatio": 0.0406915454, "eps": 0.47, "epsdiluted": 0.46, "weightedAverageShsOut": 638297872, "weightedAverageShsOutDil": 652173913, "link": "https://www.sec.gov/Archives/edgar/data/874761/000110465905013802/0001104659-05-013802-index.htm", "finalLink": "https://www.sec.gov/Archives/edgar/data/874761/000110465905013802/a05-5402_110k.htm", "calculatedOtherExpenses": 16200000000, "calculatedOperatingExpenses": 16382000000, "calculatedNetInterest": 0, "calculatedOtherIncome": 7511000000, "calculatedIncomeNonControlling": -20000000, "calculatedEbitda": -6055000000}, {"date": "2003-12-31", "symbol": "AES", "reportedCurrency": "USD", "cik": "0000874761", "fillingDate": "2004-03-15", "acceptedDate": "2004-03-15 12:39:45", "calendarYear": "2002", "period": "FY", "revenue": 8415000000, "costOfRevenue": 0, "grossProfit": 8415000000, "grossProfitRatio": 1, "researchAndDevelopmentExpenses": 0, "generalAndAdministrativeExpenses": 0, "sellingAndMarketingExpenses": 0, "sellingGeneralAndAdministrativeExpenses": 157000000, "otherExpenses": 5982000000, "operatingExpenses": 6139000000, "costAndExpenses": 6139000000, "interestIncome": 280000000, "interestExpense": 1986000000, "depreciationAndAmortization": 781000000, "ebitda": 2987000000, "ebitdaratio": 0.3549613785, "operatingIncome": 2276000000, "operatingIncomeRatio": 0.2704693999, "totalOtherIncomeExpensesNet": 70000000, "incomeBeforeTax": 530000000, "incomeBeforeTaxRatio": 0.0629827689, "incomeTaxExpense": 194000000, "netIncome": -403000000, "netIncomeRatio": -0.0478906714, "eps": -0.7, "epsdiluted": -0.69, "weightedAverageShsOut": 579487179, "weightedAverageShsOutDil": 587012987, "link": "https://www.sec.gov/Archives/edgar/data/874761/000104746904007896/0001047469-04-007896-index.htm", "finalLink": "https://www.sec.gov/Archives/edgar/data/874761/000104746904007896/a2130846z10-k.htm", "calculatedOtherExpenses": 5982000000, "calculatedOperatingExpenses": 6139000000, "calculatedNetInterest": -1706000000, "calculatedOtherIncome": -40000000, "calculatedIncomeNonControlling": 739000000, "calculatedEbitda": 3057000000}, {"date": "2002-12-31", "symbol": "AES", "reportedCurrency": "USD", "cik": "0000874761", "fillingDate": "2003-03-26", "acceptedDate": "2003-03-26 08:14:40", "calendarYear": "2001", "period": "FY", "revenue": 8632000000, "costOfRevenue": 0, "grossProfit": 8632000000, "grossProfitRatio": 1, "researchAndDevelopmentExpenses": 0, "generalAndAdministrativeExpenses": 0, "sellingAndMarketingExpenses": 0, "sellingGeneralAndAdministrativeExpenses": 112000000, "otherExpenses": 8925000000, "operatingExpenses": 9037000000, "costAndExpenses": 9037000000, "interestIncome": 0, "interestExpense": 0, "depreciationAndAmortization": 837000000, "ebitda": 959000000, "ebitdaratio": 0.1110982391, "operatingIncome": -9037000000, "operatingIncomeRatio": -1.046918443, "totalOtherIncomeExpensesNet": -527000000, "incomeBeforeTax": -2617000000, "incomeBeforeTaxRatio": -0.3031742354, "incomeTaxExpense": -27000000, "netIncome": -3509000000, "netIncomeRatio": -0.406510658, "eps": -7.39, "epsdiluted": -7.39, "weightedAverageShsOut": 474533333, "weightedAverageShsOutDil": 474533333, "link": "https://www.sec.gov/Archives/edgar/data/874761/000104746903010240/0001047469-03-010240-index.htm", "finalLink": "https://www.sec.gov/Archives/edgar/data/874761/000104746903010240/a2105668z10-k.htm", "calculatedOtherExpenses": 17557000000, "calculatedOperatingExpenses": 17669000000, "calculatedNetInterest": 0, "calculatedOtherIncome": 6420000000, "calculatedIncomeNonControlling": 919000000, "calculatedEbitda": -8200000000}, {"date": "2001-12-31", "symbol": "AES", "reportedCurrency": "USD", "cik": "0000874761", "fillingDate": "2002-03-25", "acceptedDate": "2002-03-25 00:00:00", "calendarYear": "2000", "period": "FY", "revenue": 9327000000, "costOfRevenue": 7025000000, "grossProfit": 2302000000, "grossProfitRatio": 0.2468103356, "researchAndDevelopmentExpenses": 0, "generalAndAdministrativeExpenses": 0, "sellingAndMarketingExpenses": 0, "sellingGeneralAndAdministrativeExpenses": 120000000, "otherExpenses": 131000000, "operatingExpenses": 251000000, "costAndExpenses": 7276000000, "interestIncome": 127000000, "interestExpense": -367000000, "depreciationAndAmortization": 859000000, "ebitda": 2694000000, "ebitdaratio": 0.2888388549, "operatingIncome": 2051000000, "operatingIncomeRatio": 0.2198992173, "totalOtherIncomeExpensesNet": 216000000, "incomeBeforeTax": 697000000, "incomeBeforeTaxRatio": 0.0747292806, "incomeTaxExpense": 230000000, "netIncome": 273000000, "netIncomeRatio": 0.0292698617, "eps": 0.36, "epsdiluted": 0.36, "weightedAverageShsOut": 526190476, "weightedAverageShsOutDil": 539024390, "link": "https://www.sec.gov/Archives/edgar/data/874761/000091205702011424/0000912057-02-011424-index.htm", "finalLink": "https://www.sec.gov/Archives/edgar/data/874761/000091205702011424/a2074070z10-k.htm", "calculatedOtherExpenses": 131000000, "calculatedOperatingExpenses": 251000000, "calculatedNetInterest": 494000000, "calculatedOtherIncome": -1848000000, "calculatedIncomeNonControlling": 194000000, "calculatedEbitda": 2910000000}, {"date": "2000-12-31", "symbol": "AES", "reportedCurrency": "USD", "cik": "0000874761", "fillingDate": "2001-03-27", "acceptedDate": "2001-03-27 00:00:00", "calendarYear": "1999", "period": "FY", "revenue": 6691000000, "costOfRevenue": 4409000000, "grossProfit": 2282000000, "grossProfitRatio": 0.3410551487, "researchAndDevelopmentExpenses": 0, "generalAndAdministrativeExpenses": 0, "sellingAndMarketingExpenses": 0, "sellingGeneralAndAdministrativeExpenses": 85000000, "otherExpenses": 582000000, "operatingExpenses": 667000000, "costAndExpenses": 5076000000, "interestIncome": 245000000, "interestExpense": 1299000000, "depreciationAndAmortization": 582000000, "ebitda": 1739000000, "ebitdaratio": 0.25990136, "operatingIncome": 1615000000, "operatingIncomeRatio": 0.2413690031, "totalOtherIncomeExpensesNet": 458000000, "incomeBeforeTax": 900000000, "incomeBeforeTaxRatio": 0.134509042, "incomeTaxExpense": 252000000, "netIncome": 641000000, "netIncomeRatio": 0.0958003288, "eps": 1.76, "epsdiluted": 1.69, "weightedAverageShsOut": 451704545, "weightedAverageShsOutDil": 470414201, "link": "https://www.sec.gov/Archives/edgar/data/874761/000091205701008514/0000912057-01-008514-index.htm", "finalLink": "https://www.sec.gov/Archives/edgar/data/874761/000091205701008514/a2042927z10-k.htm", "calculatedOtherExpenses": 582000000, "calculatedOperatingExpenses": 667000000, "calculatedNetInterest": -1054000000, "calculatedOtherIncome": 339000000, "calculatedIncomeNonControlling": 7000000, "calculatedEbitda": 2197000000}, {"date": "1999-12-31", "symbol": "AES", "reportedCurrency": "USD", "cik": "0000874761", "fillingDate": "2000-03-30", "acceptedDate": "2000-03-30 00:00:00", "calendarYear": "1998", "period": "FY", "revenue": 3253000000, "costOfRevenue": 1971000000, "grossProfit": 1282000000, "grossProfitRatio": 0.3940977559, "researchAndDevelopmentExpenses": 0, "generalAndAdministrativeExpenses": 0, "sellingAndMarketingExpenses": 0, "sellingGeneralAndAdministrativeExpenses": 71000000, "otherExpenses": 286000000, "operatingExpenses": 357000000, "costAndExpenses": 2328000000, "interestIncome": 0, "interestExpense": 0, "depreciationAndAmortization": 278000000, "ebitda": 1144000000, "ebitdaratio": 0.3516753766, "operatingIncome": 925000000, "operatingIncomeRatio": 0.284352905, "totalOtherIncomeExpensesNet": 59000000, "incomeBeforeTax": 356000000, "incomeBeforeTaxRatio": 0.1094374424, "incomeTaxExpense": 111000000, "netIncome": 228000000, "netIncomeRatio": 0.0700891485, "eps": 0.6, "epsdiluted": 0.58, "weightedAverageShsOut": 380000000, "weightedAverageShsOutDil": 393103448, "link": "https://www.sec.gov/Archives/edgar/data/874761/000091205700014628/0000912057-00-014628-index.html", "finalLink": "https://www.sec.gov/Archives/edgar/data/874761/000091205700014628/", "calculatedOtherExpenses": 286000000, "calculatedOperatingExpenses": 357000000, "calculatedNetInterest": 0, "calculatedOtherIncome": -569000000, "calculatedIncomeNonControlling": 17000000, "calculatedEbitda": 1203000000}, {"date": "1998-12-31", "symbol": "AES", "reportedCurrency": "USD", "cik": "0000874761", "fillingDate": "1999-03-30", "acceptedDate": "1999-03-30 00:00:00", "calendarYear": "1997", "period": "FY", "revenue": 2398000000, "costOfRevenue": 1391000000, "grossProfit": 1007000000, "grossProfitRatio": 0.4199332777, "researchAndDevelopmentExpenses": 0, "generalAndAdministrativeExpenses": 0, "sellingAndMarketingExpenses": 0, "sellingGeneralAndAdministrativeExpenses": 56000000, "otherExpenses": 197000000, "operatingExpenses": 253000000, "costAndExpenses": 1644000000, "interestIncome": 0, "interestExpense": 0, "depreciationAndAmortization": 196000000, "ebitda": 740000000, "ebitdaratio": 0.3085904921, "operatingIncome": 754000000, "operatingIncomeRatio": 0.3144286906, "totalOtherIncomeExpensesNet": 210000000, "incomeBeforeTax": 452000000, "incomeBeforeTaxRatio": 0.1884904087, "incomeTaxExpense": 145000000, "netIncome": 311000000, "netIncomeRatio": 0.1296914095, "eps": 0.88, "epsdiluted": 0.85, "weightedAverageShsOut": 355428571, "weightedAverageShsOutDil": 368047337, "link": "https://www.sec.gov/Archives/edgar/data/874761/000100515099000212/0001005150-99-000212-index.html", "finalLink": "https://www.sec.gov/Archives/edgar/data/874761/", "calculatedOtherExpenses": 197000000, "calculatedOperatingExpenses": 253000000, "calculatedNetInterest": 0, "calculatedOtherIncome": -302000000, "calculatedIncomeNonControlling": -4000000, "calculatedEbitda": 950000000}, {"date": "1997-12-31", "symbol": "AES", "reportedCurrency": "USD", "cik": "0000874761", "fillingDate": "1998-03-31", "acceptedDate": "1998-03-31 00:00:00", "calendarYear": "1996", "period": "FY", "revenue": 1411000000, "costOfRevenue": 867000000, "grossProfit": 544000000, "grossProfitRatio": 0.3855421687, "researchAndDevelopmentExpenses": 0, "generalAndAdministrativeExpenses": 0, "sellingAndMarketingExpenses": 0, "sellingGeneralAndAdministrativeExpenses": 45000000, "otherExpenses": 138000000, "operatingExpenses": 183000000, "costAndExpenses": 1050000000, "interestIncome": 0, "interestExpense": 0, "depreciationAndAmortization": 114000000, "ebitda": 370000000, "ebitdaratio": 0.2622253721, "operatingIncome": 361000000, "operatingIncomeRatio": 0.2558469171, "totalOtherIncomeExpensesNet": 105000000, "incomeBeforeTax": 244000000, "incomeBeforeTaxRatio": 0.1729270021, "incomeTaxExpense": 56000000, "netIncome": 185000000, "netIncomeRatio": 0.131112686, "eps": 0.56, "epsdiluted": 0.55, "weightedAverageShsOut": 330357143, "weightedAverageShsOutDil": 336363636, "link": "https://www.sec.gov/Archives/edgar/data/874761/000100515098000277/0001005150-98-000277-index.html", "finalLink": "https://www.sec.gov/Archives/edgar/data/874761/", "calculatedOtherExpenses": 138000000, "calculatedOperatingExpenses": 183000000, "calculatedNetInterest": 0, "calculatedOtherIncome": -117000000, "calculatedIncomeNonControlling": 3000000, "calculatedEbitda": 475000000}, {"date": "1996-12-31", "symbol": "AES", "reportedCurrency": "USD", "cik": "0000874761", "fillingDate": "1997-03-31", "acceptedDate": "1997-03-31 00:00:00", "calendarYear": "1995", "period": "FY", "revenue": 835000000, "costOfRevenue": 437000000, "grossProfit": 398000000, "grossProfitRatio": 0.4766467066, "researchAndDevelopmentExpenses": 0, "generalAndAdministrativeExpenses": 0, "sellingAndMarketingExpenses": 0, "sellingGeneralAndAdministrativeExpenses": 35000000, "otherExpenses": 85000000, "operatingExpenses": 120000000, "costAndExpenses": 557000000, "interestIncome": 0, "interestExpense": 0, "depreciationAndAmortization": 65000000, "ebitda": 308000000, "ebitdaratio": 0.3688622754, "operatingIncome": 278000000, "operatingIncomeRatio": 0.3329341317, "totalOtherIncomeExpensesNet": 35000000, "incomeBeforeTax": 185000000, "incomeBeforeTaxRatio": 0.2215568862, "incomeTaxExpense": 60000000, "netIncome": 125000000, "netIncomeRatio": 0.1497005988, "eps": 0.42, "epsdiluted": 0.4, "weightedAverageShsOut": 297619048, "weightedAverageShsOutDil": 312500000, "link": "https://www.sec.gov/Archives/edgar/data/874761/000100515097000210/0001005150-97-000210-index.html", "finalLink": "https://www.sec.gov/Archives/edgar/data/874761/", "calculatedOtherExpenses": 85000000, "calculatedOperatingExpenses": 120000000, "calculatedNetInterest": 0, "calculatedOtherIncome": -93000000, "calculatedIncomeNonControlling": 0, "calculatedEbitda": 343000000}, {"date": "1995-12-31", "symbol": "AES", "reportedCurrency": "USD", "cik": "0000874761", "fillingDate": "1995-12-31", "acceptedDate": "1995-12-31 00:00:00", "calendarYear": "1994", "period": "FY", "revenue": 685000000, "costOfRevenue": 350000000, "grossProfit": 335000000, "grossProfitRatio": 0.4890510949, "researchAndDevelopmentExpenses": 0, "generalAndAdministrativeExpenses": 0, "sellingAndMarketingExpenses": 0, "sellingGeneralAndAdministrativeExpenses": 32000000, "otherExpenses": 55000000, "operatingExpenses": 87000000, "costAndExpenses": 437000000, "interestIncome": 0, "interestExpense": 0, "depreciationAndAmortization": 41000000, "ebitda": 289000000, "ebitdaratio": 0.4218978102, "operatingIncome": 248000000, "operatingIncomeRatio": 0.3620437956, "totalOtherIncomeExpensesNet": 14000000, "incomeBeforeTax": 164000000, "incomeBeforeTaxRatio": 0.2394160584, "incomeTaxExpense": 57000000, "netIncome": 107000000, "netIncomeRatio": 0.1562043796, "eps": 0.71, "epsdiluted": 0.71, "weightedAverageShsOut": 302307692, "weightedAverageShsOutDil": 302307692, "link": null, "finalLink": null, "calculatedOtherExpenses": 55000000, "calculatedOperatingExpenses": 87000000, "calculatedNetInterest": 0, "calculatedOtherIncome": -84000000, "calculatedIncomeNonControlling": 0, "calculatedEbitda": 289000000}, {"date": "1994-12-31", "symbol": "AES", "reportedCurrency": "USD", "cik": "0000874761", "fillingDate": "1994-12-31", "acceptedDate": "1994-12-31 00:00:00", "calendarYear": "1993", "period": "FY", "revenue": 532700000, "costOfRevenue": 225600000, "grossProfit": 307100000, "grossProfitRatio": 0.5764970903, "researchAndDevelopmentExpenses": 0, "generalAndAdministrativeExpenses": 0, "sellingAndMarketingExpenses": 0, "sellingGeneralAndAdministrativeExpenses": 31600000, "otherExpenses": 43400000, "operatingExpenses": 75000000, "costAndExpenses": 300600000, "interestIncome": 0, "interestExpense": 0, "depreciationAndAmortization": 31400000, "ebitda": 263500000, "ebitdaratio": 0.4946498968, "operatingIncome": 232100000, "operatingIncomeRatio": 0.4357048996, "totalOtherIncomeExpensesNet": 12000000, "incomeBeforeTax": 141800000, "incomeBeforeTaxRatio": 0.2661911019, "incomeTaxExpense": 43500000, "netIncome": 100100000, "netIncomeRatio": 0.1879106439, "eps": 0.66, "epsdiluted": 0.66, "weightedAverageShsOut": 292307692, "weightedAverageShsOutDil": 292307692, "link": null, "finalLink": null, "calculatedOtherExpenses": 43400000, "calculatedOperatingExpenses": 75000000, "calculatedNetInterest": 0, "calculatedOtherIncome": -90300000, "calculatedIncomeNonControlling": -1800000, "calculatedEbitda": 263500000}, {"date": "1993-12-31", "symbol": "AES", "reportedCurrency": "USD", "cik": "0000874761", "fillingDate": "1993-12-31", "acceptedDate": "1993-12-31 00:00:00", "calendarYear": "1992", "period": "FY", "revenue": 518700000, "costOfRevenue": 0, "grossProfit": 518700000, "grossProfitRatio": 1, "researchAndDevelopmentExpenses": 0, "generalAndAdministrativeExpenses": 0, "sellingAndMarketingExpenses": 0, "sellingGeneralAndAdministrativeExpenses": 0, "otherExpenses": 0, "operatingExpenses": 0, "costAndExpenses": 0, "interestIncome": 0, "interestExpense": 0, "depreciationAndAmortization": 0, "ebitda": 518700000, "ebitdaratio": 1, "operatingIncome": 518700000, "operatingIncomeRatio": 1, "totalOtherIncomeExpensesNet": -447400000, "incomeBeforeTax": 71300000, "incomeBeforeTaxRatio": 0.1374590322, "incomeTaxExpense": -71300000, "netIncome": 71300000, "netIncomeRatio": 0.1374590322, "eps": 0.25, "epsdiluted": 0.25, "weightedAverageShsOut": 285200000, "weightedAverageShsOutDil": 285200000, "link": null, "finalLink": null, "calculatedOtherExpenses": 0, "calculatedOperatingExpenses": 0, "calculatedNetInterest": 0, "calculatedOtherIncome": -447400000, "calculatedIncomeNonControlling": 71300000, "calculatedEbitda": 518700000}, {"date": "1992-12-31", "symbol": "AES", "reportedCurrency": "USD", "cik": "0000874761", "fillingDate": "1992-12-31", "acceptedDate": "1992-12-31 00:00:00", "calendarYear": "1991", "period": "FY", "revenue": 401000000, "costOfRevenue": 0, "grossProfit": 401000000, "grossProfitRatio": 1, "researchAndDevelopmentExpenses": 0, "generalAndAdministrativeExpenses": 0, "sellingAndMarketingExpenses": 0, "sellingGeneralAndAdministrativeExpenses": 0, "otherExpenses": 0, "operatingExpenses": 0, "costAndExpenses": 0, "interestIncome": 0, "interestExpense": 0, "depreciationAndAmortization": 0, "ebitda": 401000000, "ebitdaratio": 1, "operatingIncome": 401000000, "operatingIncomeRatio": 1, "totalOtherIncomeExpensesNet": -345200000, "incomeBeforeTax": 55800000, "incomeBeforeTaxRatio": 0.1391521197, "incomeTaxExpense": -55800000, "netIncome": 55800000, "netIncomeRatio": 0.1391521197, "eps": 0.21, "epsdiluted": 0.21, "weightedAverageShsOut": 265714286, "weightedAverageShsOutDil": 265714286, "link": null, "finalLink": null, "calculatedOtherExpenses": 0, "calculatedOperatingExpenses": 0, "calculatedNetInterest": 0, "calculatedOtherIncome": -345200000, "calculatedIncomeNonControlling": 55800000, "calculatedEbitda": 401000000}, {"date": "1991-12-31", "symbol": "AES", "reportedCurrency": "USD", "cik": "0000874761", "fillingDate": "1991-12-31", "acceptedDate": "1991-12-31 00:00:00", "calendarYear": "1990", "period": "FY", "revenue": 333500000, "costOfRevenue": 0, "grossProfit": 333500000, "grossProfitRatio": 1, "researchAndDevelopmentExpenses": 0, "generalAndAdministrativeExpenses": 0, "sellingAndMarketingExpenses": 0, "sellingGeneralAndAdministrativeExpenses": 0, "otherExpenses": 0, "operatingExpenses": 0, "costAndExpenses": 0, "interestIncome": 0, "interestExpense": 0, "depreciationAndAmortization": 0, "ebitda": 333500000, "ebitdaratio": 1, "operatingIncome": 333500000, "operatingIncomeRatio": 1, "totalOtherIncomeExpensesNet": -290900000, "incomeBeforeTax": 42600000, "incomeBeforeTaxRatio": 0.1277361319, "incomeTaxExpense": -42600000, "netIncome": 42600000, "netIncomeRatio": 0.1277361319, "eps": 0.17, "epsdiluted": 0.17, "weightedAverageShsOut": 250588235, "weightedAverageShsOutDil": 250588235, "link": null, "finalLink": null, "calculatedOtherExpenses": 0, "calculatedOperatingExpenses": 0, "calculatedNetInterest": 0, "calculatedOtherIncome": -290900000, "calculatedIncomeNonControlling": 42600000, "calculatedEbitda": 333500000}, {"date": "1990-12-31", "symbol": "AES", "reportedCurrency": "USD", "cik": "0000874761", "fillingDate": "1990-12-31", "acceptedDate": "1990-12-31 00:00:00", "calendarYear": "1989", "period": "FY", "revenue": 190200000, "costOfRevenue": 0, "grossProfit": 190200000, "grossProfitRatio": 1, "researchAndDevelopmentExpenses": 0, "generalAndAdministrativeExpenses": 0, "sellingAndMarketingExpenses": 0, "sellingGeneralAndAdministrativeExpenses": 0, "otherExpenses": 0, "operatingExpenses": 0, "costAndExpenses": 0, "interestIncome": 0, "interestExpense": 0, "depreciationAndAmortization": 0, "ebitda": 190200000, "ebitdaratio": 1, "operatingIncome": 190200000, "operatingIncomeRatio": 1, "totalOtherIncomeExpensesNet": -174700000, "incomeBeforeTax": 15500000, "incomeBeforeTaxRatio": 0.0814931651, "incomeTaxExpense": -15500000, "netIncome": 15500000, "netIncomeRatio": 0.0814931651, "eps": 0.07, "epsdiluted": 0.07, "weightedAverageShsOut": 221428571, "weightedAverageShsOutDil": 221428571, "link": null, "finalLink": null, "calculatedOtherExpenses": 0, "calculatedOperatingExpenses": 0, "calculatedNetInterest": 0, "calculatedOtherIncome": -174700000, "calculatedIncomeNonControlling": 15500000, "calculatedEbitda": 190200000}]}