{"originalCurrency": "USD", "convertedCurrency": "USD", "report": [{"date": "2023-12-31", "symbol": "AFG", "reportedCurrency": "USD", "cik": "0001042046", "fillingDate": "2024-02-23", "acceptedDate": "2024-02-23 15:54:32", "calendarYear": "2023", "period": "FY", "revenue": 7732000000, "costOfRevenue": -95000000, "grossProfit": 7827000000, "grossProfitRatio": 1.0122866011, "researchAndDevelopmentExpenses": 0, "generalAndAdministrativeExpenses": 0, "sellingAndMarketingExpenses": 0, "sellingGeneralAndAdministrativeExpenses": 36000000, "otherExpenses": -710000000, "operatingExpenses": 710000000, "costAndExpenses": -6678000000, "interestIncome": 34000000, "interestExpense": 76000000, "depreciationAndAmortization": 78000000, "ebitda": 852000000, "ebitdaratio": 0.1101914123, "operatingIncome": 852000000, "operatingIncomeRatio": 0.1101914123, "totalOtherIncomeExpensesNet": 1073000000, "incomeBeforeTax": 1073000000, "incomeBeforeTaxRatio": 0.1387739265, "incomeTaxExpense": 221000000, "netIncome": 852000000, "netIncomeRatio": 0.1101914123, "eps": 10.06, "epsdiluted": 10.05, "weightedAverageShsOut": 84700000, "weightedAverageShsOutDil": 84800000, "link": "https://www.sec.gov/Archives/edgar/data/1042046/000104204624000009/0001042046-24-000009-index.htm", "finalLink": "https://www.sec.gov/Archives/edgar/data/1042046/000104204624000009/afg-20231231.htm", "calculatedOtherExpenses": 6939000000, "calculatedOperatingExpenses": 6975000000, "calculatedNetInterest": -42000000, "calculatedOtherIncome": 263000000, "calculatedIncomeNonControlling": 0, "calculatedEbitda": 930000000}, {"date": "2022-12-31", "symbol": "AFG", "reportedCurrency": "USD", "cik": "0001042046", "fillingDate": "2023-02-24", "acceptedDate": "2023-02-24 15:25:16", "calendarYear": "2022", "period": "FY", "revenue": 7040000000, "costOfRevenue": 0, "grossProfit": 7040000000, "grossProfitRatio": 1, "researchAndDevelopmentExpenses": 0, "generalAndAdministrativeExpenses": 0, "sellingAndMarketingExpenses": 0, "sellingGeneralAndAdministrativeExpenses": 36000000, "otherExpenses": 5917000000, "operatingExpenses": 5917000000, "costAndExpenses": 5917000000, "interestIncome": 39000000, "interestExpense": 85000000, "depreciationAndAmortization": 100000000, "ebitda": 1308000000, "ebitdaratio": 0.1857954545, "operatingIncome": 1208000000, "operatingIncomeRatio": 0.1715909091, "totalOtherIncomeExpensesNet": -85000000, "incomeBeforeTax": 1123000000, "incomeBeforeTaxRatio": 0.1595170455, "incomeTaxExpense": 225000000, "netIncome": 898000000, "netIncomeRatio": 0.1275568182, "eps": 10.55, "epsdiluted": 10.53, "weightedAverageShsOut": 85100000, "weightedAverageShsOutDil": 85300000, "link": "https://www.sec.gov/Archives/edgar/data/1042046/000104204623000009/0001042046-23-000009-index.htm", "finalLink": "https://www.sec.gov/Archives/edgar/data/1042046/000104204623000009/afg-20221231.htm", "calculatedOtherExpenses": 5796000000, "calculatedOperatingExpenses": 5832000000, "calculatedNetInterest": -46000000, "calculatedOtherIncome": -39000000, "calculatedIncomeNonControlling": 0, "calculatedEbitda": 1308000000}, {"date": "2021-12-31", "symbol": "AFG", "reportedCurrency": "USD", "cik": "0001042046", "fillingDate": "2022-02-25", "acceptedDate": "2022-02-25 15:47:43", "calendarYear": "2021", "period": "FY", "revenue": 6552000000, "costOfRevenue": 0, "grossProfit": 6552000000, "grossProfitRatio": 1, "researchAndDevelopmentExpenses": 0, "generalAndAdministrativeExpenses": 0, "sellingAndMarketingExpenses": 0, "sellingGeneralAndAdministrativeExpenses": 41000000, "otherExpenses": -4416000000, "operatingExpenses": -4416000000, "costAndExpenses": 5217000000, "interestIncome": 30000000, "interestExpense": 94000000, "depreciationAndAmortization": 187000000, "ebitda": 2323000000, "ebitdaratio": 0.3545482295, "operatingIncome": 2136000000, "operatingIncomeRatio": 0.326007326, "totalOtherIncomeExpensesNet": -801000000, "incomeBeforeTax": 1335000000, "incomeBeforeTaxRatio": 0.2037545788, "incomeTaxExpense": 254000000, "netIncome": 1081000000, "netIncomeRatio": 0.16498779, "eps": 12.7, "epsdiluted": 12.63, "weightedAverageShsOut": 85100000, "weightedAverageShsOutDil": 85600000, "link": "https://www.sec.gov/Archives/edgar/data/1042046/000104204622000010/0001042046-22-000010-index.htm", "finalLink": "https://www.sec.gov/Archives/edgar/data/1042046/000104204622000010/afg-20211231.htm", "calculatedOtherExpenses": 4375000000, "calculatedOperatingExpenses": 4416000000, "calculatedNetInterest": -64000000, "calculatedOtherIncome": -737000000, "calculatedIncomeNonControlling": 0, "calculatedEbitda": 2323000000}, {"date": "2020-12-31", "symbol": "AFG", "reportedCurrency": "USD", "cik": "0001042046", "fillingDate": "2021-02-25", "acceptedDate": "2021-02-25 16:17:41", "calendarYear": "2020", "period": "FY", "revenue": 7909000000, "costOfRevenue": 0, "grossProfit": 7909000000, "grossProfitRatio": 1, "researchAndDevelopmentExpenses": 0, "generalAndAdministrativeExpenses": 0, "sellingAndMarketingExpenses": 0, "sellingGeneralAndAdministrativeExpenses": 47000000, "otherExpenses": -7254000000, "operatingExpenses": -7254000000, "costAndExpenses": 7061000000, "interestIncome": 63000000, "interestExpense": 88000000, "depreciationAndAmortization": 299000000, "ebitda": 954000000, "ebitdaratio": 0.1206220761, "operatingIncome": 655000000, "operatingIncomeRatio": 0.0828170439, "totalOtherIncomeExpensesNet": 193000000, "incomeBeforeTax": 848000000, "incomeBeforeTaxRatio": 0.1072196232, "incomeTaxExpense": 127000000, "netIncome": 732000000, "netIncomeRatio": 0.092552788, "eps": 8.25, "epsdiluted": 8.21, "weightedAverageShsOut": 88700000, "weightedAverageShsOutDil": 89200000, "link": "https://www.sec.gov/Archives/edgar/data/1042046/000104204621000011/0001042046-21-000011-index.htm", "finalLink": "https://www.sec.gov/Archives/edgar/data/1042046/000104204621000011/afg-20201231.htm", "calculatedOtherExpenses": 7207000000, "calculatedOperatingExpenses": 7254000000, "calculatedNetInterest": -25000000, "calculatedOtherIncome": 218000000, "calculatedIncomeNonControlling": -11000000, "calculatedEbitda": 954000000}, {"date": "2019-12-31", "symbol": "AFG", "reportedCurrency": "USD", "cik": "0001042046", "fillingDate": "2020-02-25", "acceptedDate": "2020-02-25 17:27:32", "calendarYear": "2019", "period": "FY", "revenue": 8237000000, "costOfRevenue": 0, "grossProfit": 8237000000, "grossProfitRatio": 1, "researchAndDevelopmentExpenses": 0, "generalAndAdministrativeExpenses": 0, "sellingAndMarketingExpenses": 0, "sellingGeneralAndAdministrativeExpenses": 47000000, "otherExpenses": -7302000000, "operatingExpenses": -7302000000, "costAndExpenses": 7129000000, "interestIncome": 68000000, "interestExpense": 68000000, "depreciationAndAmortization": 259000000, "ebitda": 1194000000, "ebitdaratio": 0.1449556878, "operatingIncome": 935000000, "operatingIncomeRatio": 0.113512201, "totalOtherIncomeExpensesNet": 173000000, "incomeBeforeTax": 1108000000, "incomeBeforeTaxRatio": 0.1345149933, "incomeTaxExpense": 239000000, "netIncome": 897000000, "netIncomeRatio": 0.1088988709, "eps": 9.98, "epsdiluted": 9.86, "weightedAverageShsOut": 89900000, "weightedAverageShsOutDil": 91000000, "link": "https://www.sec.gov/Archives/edgar/data/1042046/000104204620000013/0001042046-20-000013-index.htm", "finalLink": "https://www.sec.gov/Archives/edgar/data/1042046/000104204620000013/afg-2019123110k.htm", "calculatedOtherExpenses": 7255000000, "calculatedOperatingExpenses": 7302000000, "calculatedNetInterest": 0, "calculatedOtherIncome": 173000000, "calculatedIncomeNonControlling": -28000000, "calculatedEbitda": 1194000000}, {"date": "2018-12-31", "symbol": "AFG", "reportedCurrency": "USD", "cik": "0001042046", "fillingDate": "2019-02-26", "acceptedDate": "2019-02-26 17:10:15", "calendarYear": "2018", "period": "FY", "revenue": 7150000000, "costOfRevenue": 0, "grossProfit": 7150000000, "grossProfitRatio": 1, "researchAndDevelopmentExpenses": 0, "generalAndAdministrativeExpenses": 0, "sellingAndMarketingExpenses": 0, "sellingGeneralAndAdministrativeExpenses": 0, "otherExpenses": 6511000000, "operatingExpenses": 6511000000, "costAndExpenses": 6511000000, "interestIncome": 0, "interestExpense": 62000000, "depreciationAndAmortization": 210000000, "ebitda": 924000000, "ebitdaratio": 0.1292307692, "operatingIncome": 714000000, "operatingIncomeRatio": 0.0998601399, "totalOtherIncomeExpensesNet": 199000000, "incomeBeforeTax": 639000000, "incomeBeforeTaxRatio": 0.0893706294, "incomeTaxExpense": 122000000, "netIncome": 530000000, "netIncomeRatio": 0.0741258741, "eps": 5.96, "epsdiluted": 5.85, "weightedAverageShsOut": 89000000, "weightedAverageShsOutDil": 90600000, "link": "https://www.sec.gov/Archives/edgar/data/1042046/000104204619000014/0001042046-19-000014-index.htm", "finalLink": "https://www.sec.gov/Archives/edgar/data/1042046/000104204619000014/afg-2018123110k.htm", "calculatedOtherExpenses": 6436000000, "calculatedOperatingExpenses": 6436000000, "calculatedNetInterest": -62000000, "calculatedOtherIncome": -13000000, "calculatedIncomeNonControlling": -13000000, "calculatedEbitda": 924000000}, {"date": "2017-12-31", "symbol": "AFG", "reportedCurrency": "USD", "cik": "0001042046", "fillingDate": "2018-02-23", "acceptedDate": "2018-02-23 16:21:20", "calendarYear": "2017", "period": "FY", "revenue": 6865000000, "costOfRevenue": 0, "grossProfit": 6865000000, "grossProfitRatio": 1, "researchAndDevelopmentExpenses": 0, "generalAndAdministrativeExpenses": 0, "sellingAndMarketingExpenses": 0, "sellingGeneralAndAdministrativeExpenses": 0, "otherExpenses": 6141000000, "operatingExpenses": 6141000000, "costAndExpenses": 6141000000, "interestIncome": 0, "interestExpense": 85000000, "depreciationAndAmortization": 107000000, "ebitda": 914000000, "ebitdaratio": 0.1331391114, "operatingIncome": 807000000, "operatingIncomeRatio": 0.1175528041, "totalOtherIncomeExpensesNet": 206000000, "incomeBeforeTax": 724000000, "incomeBeforeTaxRatio": 0.1054624909, "incomeTaxExpense": 247000000, "netIncome": 475000000, "netIncomeRatio": 0.0691915513, "eps": 5.38, "epsdiluted": 5.28, "weightedAverageShsOut": 88275460, "weightedAverageShsOutDil": 89800000, "link": "https://www.sec.gov/Archives/edgar/data/1042046/000104204618000014/0001042046-18-000014-index.htm", "finalLink": "https://www.sec.gov/Archives/edgar/data/1042046/000104204618000014/afg-2017123110k.htm", "calculatedOtherExpenses": 6058000000, "calculatedOperatingExpenses": 6058000000, "calculatedNetInterest": -85000000, "calculatedOtherIncome": 2000000, "calculatedIncomeNonControlling": 2000000, "calculatedEbitda": 914000000}, {"date": "2016-12-31", "symbol": "AFG", "reportedCurrency": "USD", "cik": "0001042046", "fillingDate": "2017-02-24", "acceptedDate": "2017-02-24 13:13:43", "calendarYear": "2016", "period": "FY", "revenue": 6498000000, "costOfRevenue": 0, "grossProfit": 6498000000, "grossProfitRatio": 1, "researchAndDevelopmentExpenses": 0, "generalAndAdministrativeExpenses": 0, "sellingAndMarketingExpenses": 0, "sellingGeneralAndAdministrativeExpenses": 0, "otherExpenses": 5711000000, "operatingExpenses": 5711000000, "costAndExpenses": 5711000000, "interestIncome": 0, "interestExpense": 77000000, "depreciationAndAmortization": 134000000, "ebitda": 979000000, "ebitdaratio": 0.1506617421, "operatingIncome": 845000000, "operatingIncomeRatio": 0.1300400123, "totalOtherIncomeExpensesNet": 224000000, "incomeBeforeTax": 787000000, "incomeBeforeTaxRatio": 0.121114189, "incomeTaxExpense": 119000000, "netIncome": 649000000, "netIncomeRatio": 0.0998768852, "eps": 7.47, "epsdiluted": 7.33, "weightedAverageShsOut": 86900000, "weightedAverageShsOutDil": 88500000, "link": "https://www.sec.gov/Archives/edgar/data/1042046/000104204617000014/0001042046-17-000014-index.htm", "finalLink": "https://www.sec.gov/Archives/edgar/data/1042046/000104204617000014/afg-2016123110k.htm", "calculatedOtherExpenses": 5653000000, "calculatedOperatingExpenses": 5653000000, "calculatedNetInterest": -77000000, "calculatedOtherIncome": 19000000, "calculatedIncomeNonControlling": 19000000, "calculatedEbitda": 979000000}, {"date": "2015-12-31", "symbol": "AFG", "reportedCurrency": "USD", "cik": "0001042046", "fillingDate": "2016-02-26", "acceptedDate": "2016-02-26 17:18:09", "calendarYear": "2015", "period": "FY", "revenue": 6145000000, "costOfRevenue": 0, "grossProfit": 6145000000, "grossProfitRatio": 1, "researchAndDevelopmentExpenses": 0, "generalAndAdministrativeExpenses": 0, "sellingAndMarketingExpenses": 0, "sellingGeneralAndAdministrativeExpenses": 0, "otherExpenses": 5580000000, "operatingExpenses": 5580000000, "costAndExpenses": 5580000000, "interestIncome": 0, "interestExpense": 74000000, "depreciationAndAmortization": 132000000, "ebitda": 753000000, "ebitdaratio": 0.1225386493, "operatingIncome": 621000000, "operatingIncomeRatio": 0.1010577705, "totalOtherIncomeExpensesNet": 243000000, "incomeBeforeTax": 565000000, "incomeBeforeTaxRatio": 0.0919446705, "incomeTaxExpense": 195000000, "netIncome": 352000000, "netIncomeRatio": 0.0572823434, "eps": 4.02, "epsdiluted": 3.94, "weightedAverageShsOut": 87474452, "weightedAverageShsOutDil": 89400000, "link": "https://www.sec.gov/Archives/edgar/data/1042046/000104204616000074/0001042046-16-000074-index.htm", "finalLink": "https://www.sec.gov/Archives/edgar/data/1042046/000104204616000074/afg-2015123110k.htm", "calculatedOtherExpenses": 5524000000, "calculatedOperatingExpenses": 5524000000, "calculatedNetInterest": -74000000, "calculatedOtherIncome": 18000000, "calculatedIncomeNonControlling": 18000000, "calculatedEbitda": 753000000}, {"date": "2014-12-31", "symbol": "AFG", "reportedCurrency": "USD", "cik": "0001042046", "fillingDate": "2015-02-26", "acceptedDate": "2015-02-26 16:34:21", "calendarYear": "2014", "period": "FY", "revenue": 5713000000, "costOfRevenue": 0, "grossProfit": 5713000000, "grossProfitRatio": 1, "researchAndDevelopmentExpenses": 0, "generalAndAdministrativeExpenses": 0, "sellingAndMarketingExpenses": 0, "sellingGeneralAndAdministrativeExpenses": 0, "otherExpenses": 5107000000, "operatingExpenses": 5107000000, "costAndExpenses": 5087000000, "interestIncome": 0, "interestExpense": 73000000, "depreciationAndAmortization": 144000000, "ebitda": 889000000, "ebitdaratio": 0.1556100123, "operatingIncome": 745000000, "operatingIncomeRatio": 0.130404341, "totalOtherIncomeExpensesNet": 102000000, "incomeBeforeTax": 626000000, "incomeBeforeTaxRatio": 0.1095746543, "incomeTaxExpense": 220000000, "netIncome": 452000000, "netIncomeRatio": 0.0791178015, "eps": 5.15, "epsdiluted": 4.97, "weightedAverageShsOut": 87708793, "weightedAverageShsOutDil": 91000000, "link": "https://www.sec.gov/Archives/edgar/data/1042046/000104204615000015/0001042046-15-000015-index.htm", "finalLink": "https://www.sec.gov/Archives/edgar/data/1042046/000104204615000015/afg-2014123110k.htm", "calculatedOtherExpenses": 4968000000, "calculatedOperatingExpenses": 4968000000, "calculatedNetInterest": -73000000, "calculatedOtherIncome": -46000000, "calculatedIncomeNonControlling": -46000000, "calculatedEbitda": 889000000}, {"date": "2013-12-31", "symbol": "AFG", "reportedCurrency": "USD", "cik": "0001042046", "fillingDate": "2014-02-28", "acceptedDate": "2014-02-28 16:32:48", "calendarYear": "2013", "period": "FY", "revenue": 5092000000, "costOfRevenue": 0, "grossProfit": 5092000000, "grossProfitRatio": 1, "researchAndDevelopmentExpenses": 0, "generalAndAdministrativeExpenses": 0, "sellingAndMarketingExpenses": 0, "sellingGeneralAndAdministrativeExpenses": 0, "otherExpenses": 4414000000, "operatingExpenses": 4414000000, "costAndExpenses": 4403000000, "interestIncome": 0, "interestExpense": 71000000, "depreciationAndAmortization": 142000000, "ebitda": 920000000, "ebitdaratio": 0.1806755695, "operatingIncome": 778000000, "operatingIncomeRatio": 0.1527886881, "totalOtherIncomeExpensesNet": 97000000, "incomeBeforeTax": 689000000, "incomeBeforeTaxRatio": 0.1353102907, "incomeTaxExpense": 236000000, "netIncome": 471000000, "netIncomeRatio": 0.0924980361, "eps": 5.29, "epsdiluted": 5.16, "weightedAverageShsOut": 88979303, "weightedAverageShsOutDil": 91200000, "link": "https://www.sec.gov/Archives/edgar/data/1042046/000104204614000014/0001042046-14-000014-index.htm", "finalLink": "https://www.sec.gov/Archives/edgar/data/1042046/000104204614000014/afg-2013123110k.htm", "calculatedOtherExpenses": 4314000000, "calculatedOperatingExpenses": 4314000000, "calculatedNetInterest": -71000000, "calculatedOtherIncome": -18000000, "calculatedIncomeNonControlling": -18000000, "calculatedEbitda": 920000000}, {"date": "2012-12-31", "symbol": "AFG", "reportedCurrency": "USD", "cik": "0001042046", "fillingDate": "2013-02-28", "acceptedDate": "2013-02-28 17:04:56", "calendarYear": "2012", "period": "FY", "revenue": 5062000000, "costOfRevenue": 404000000, "grossProfit": 4658000000, "grossProfitRatio": 0.9201896484, "researchAndDevelopmentExpenses": 0, "generalAndAdministrativeExpenses": 404000000, "sellingAndMarketingExpenses": 0, "sellingGeneralAndAdministrativeExpenses": 404000000, "otherExpenses": 4121000000, "operatingExpenses": 4121000000, "costAndExpenses": 4525000000, "interestIncome": 0, "interestExpense": 85000000, "depreciationAndAmortization": 257000000, "ebitda": 965000000, "ebitdaratio": 0.1906361122, "operatingIncome": 537000000, "operatingIncomeRatio": 0.1060845516, "totalOtherIncomeExpensesNet": 183000000, "incomeBeforeTax": 537000000, "incomeBeforeTaxRatio": 0.1060845516, "incomeTaxExpense": 135000000, "netIncome": 488000000, "netIncomeRatio": 0.0964045832, "eps": 5.48, "epsdiluted": 5.09, "weightedAverageShsOut": 88979303, "weightedAverageShsOutDil": 95900000, "link": "https://www.sec.gov/Archives/edgar/data/1042046/000104204613000007/0001042046-13-000007-index.htm", "finalLink": "https://www.sec.gov/Archives/edgar/data/1042046/000104204613000007/afg-2012123110k.htm", "calculatedOtherExpenses": 3717000000, "calculatedOperatingExpenses": 4121000000, "calculatedNetInterest": -85000000, "calculatedOtherIncome": 85000000, "calculatedIncomeNonControlling": -86000000, "calculatedEbitda": 794000000}, {"date": "2011-12-31", "symbol": "AFG", "reportedCurrency": "USD", "cik": "0001042046", "fillingDate": "2012-02-28", "acceptedDate": "2012-02-28 16:00:37", "calendarYear": "2011", "period": "FY", "revenue": 4750000000, "costOfRevenue": 363000000, "grossProfit": 4387000000, "grossProfitRatio": 0.9235789474, "researchAndDevelopmentExpenses": 0, "generalAndAdministrativeExpenses": 434000000, "sellingAndMarketingExpenses": 835000000, "sellingGeneralAndAdministrativeExpenses": 434000000, "otherExpenses": 2816000000, "operatingExpenses": 4085000000, "costAndExpenses": 4190000000, "interestIncome": 0, "interestExpense": 85000000, "depreciationAndAmortization": 192000000, "ebitda": 860000000, "ebitdaratio": 0.1810526316, "operatingIncome": 560000000, "operatingIncomeRatio": 0.1178947368, "totalOtherIncomeExpensesNet": 142000000, "incomeBeforeTax": 560000000, "incomeBeforeTaxRatio": 0.1178947368, "incomeTaxExpense": 240000000, "netIncome": 343000000, "netIncomeRatio": 0.0722105263, "eps": 3.51, "epsdiluted": 3.33, "weightedAverageShsOut": 97846402, "weightedAverageShsOutDil": 102900000, "link": "https://www.sec.gov/Archives/edgar/data/1042046/000095012312003679/0000950123-12-003679-index.htm", "finalLink": "https://www.sec.gov/Archives/edgar/data/1042046/000095012312003679/c25109e10vk.htm", "calculatedOtherExpenses": 3393000000, "calculatedOperatingExpenses": 3827000000, "calculatedNetInterest": -85000000, "calculatedOtherIncome": 85000000, "calculatedIncomeNonControlling": -23000000, "calculatedEbitda": 752000000}, {"date": "2010-12-31", "symbol": "AFG", "reportedCurrency": "USD", "cik": "0001042046", "fillingDate": "2011-02-28", "acceptedDate": "2011-02-28 11:24:01", "calendarYear": "2010", "period": "FY", "revenue": 4497000000, "costOfRevenue": 378000000, "grossProfit": 4119000000, "grossProfitRatio": 0.9159439626, "researchAndDevelopmentExpenses": 0, "generalAndAdministrativeExpenses": 433000000, "sellingAndMarketingExpenses": 797000000, "sellingGeneralAndAdministrativeExpenses": 1230000000, "otherExpenses": 2573000000, "operatingExpenses": 3803000000, "costAndExpenses": 3808000000, "interestIncome": 0, "interestExpense": 78000000, "depreciationAndAmortization": 214000000, "ebitda": 1037000000, "ebitdaratio": 0.2305981766, "operatingIncome": 689000000, "operatingIncomeRatio": 0.1532132533, "totalOtherIncomeExpensesNet": 181000000, "incomeBeforeTax": 689000000, "incomeBeforeTaxRatio": 0.1532132533, "incomeTaxExpense": 266000000, "netIncome": 479000000, "netIncomeRatio": 0.1065154547, "eps": 4.41, "epsdiluted": 4.36, "weightedAverageShsOut": 109200000, "weightedAverageShsOutDil": 110500000, "link": "https://www.sec.gov/Archives/edgar/data/1042046/000095012311019459/0000950123-11-019459-index.htm", "finalLink": "https://www.sec.gov/Archives/edgar/data/1042046/000095012311019459/c10092e10vk.htm", "calculatedOtherExpenses": 2200000000, "calculatedOperatingExpenses": 3430000000, "calculatedNetInterest": -78000000, "calculatedOtherIncome": 78000000, "calculatedIncomeNonControlling": -56000000, "calculatedEbitda": 903000000}, {"date": "2009-12-31", "symbol": "AFG", "reportedCurrency": "USD", "cik": "0001042046", "fillingDate": "2010-02-26", "acceptedDate": "2010-02-26 16:45:54", "calendarYear": "2009", "period": "FY", "revenue": 4320000000, "costOfRevenue": 0, "grossProfit": 4320000000, "grossProfitRatio": 1, "researchAndDevelopmentExpenses": 0, "generalAndAdministrativeExpenses": 462600000, "sellingAndMarketingExpenses": 808200000, "sellingGeneralAndAdministrativeExpenses": 1270800000, "otherExpenses": 2237200000, "operatingExpenses": 3508000000, "costAndExpenses": 3508000000, "interestIncome": 0, "interestExpense": 66700000, "depreciationAndAmortization": 198400000, "ebitda": 1066600000, "ebitdaratio": 0.2468981481, "operatingIncome": 868200000, "operatingIncomeRatio": 0.2009722222, "totalOtherIncomeExpensesNet": 3082000000, "incomeBeforeTax": 812000000, "incomeBeforeTaxRatio": 0.187962963, "incomeTaxExpense": 282000000, "netIncome": 519000000, "netIncomeRatio": 0.1201388889, "eps": 4.58, "epsdiluted": 4.45, "weightedAverageShsOut": 115800000, "weightedAverageShsOutDil": 116800000, "link": "https://www.sec.gov/Archives/edgar/data/1042046/000104204610000008/0001042046-10-000008-index.htm", "finalLink": "https://www.sec.gov/Archives/edgar/data/1042046/000104204610000008/afg10k09.htm", "calculatedOtherExpenses": 2181000000, "calculatedOperatingExpenses": 3451800000, "calculatedNetInterest": -66700000, "calculatedOtherIncome": 10500000, "calculatedIncomeNonControlling": 11000000, "calculatedEbitda": 1066600000}, {"date": "2008-12-31", "symbol": "AFG", "reportedCurrency": "USD", "cik": "0001042046", "fillingDate": "2009-02-27", "acceptedDate": "2009-02-27 15:51:04", "calendarYear": "2008", "period": "FY", "revenue": 4292700000, "costOfRevenue": 463000000, "grossProfit": 3829700000, "grossProfitRatio": 0.8921424744, "researchAndDevelopmentExpenses": 0, "generalAndAdministrativeExpenses": 463000000, "sellingAndMarketingExpenses": 889400000, "sellingGeneralAndAdministrativeExpenses": 1352400000, "otherExpenses": 2624600000, "operatingExpenses": 3977000000, "costAndExpenses": 3976800000, "interestIncome": 0, "interestExpense": 70000000, "depreciationAndAmortization": 220500000, "ebitda": 602200000, "ebitdaratio": 0.1402846693, "operatingIncome": 200000000, "operatingIncomeRatio": 0.0465907238, "totalOtherIncomeExpensesNet": 294100000, "incomeBeforeTax": 315900000, "incomeBeforeTaxRatio": 0.0735900482, "incomeTaxExpense": 115900000, "netIncome": 195800000, "netIncomeRatio": 0.0456123186, "eps": 1.71, "epsdiluted": 1.67, "weightedAverageShsOut": 114400000, "weightedAverageShsOutDil": 116700000, "link": "https://www.sec.gov/Archives/edgar/data/1042046/000104204609000011/0001042046-09-000011-index.htm", "finalLink": "https://www.sec.gov/Archives/edgar/data/1042046/000104204609000011/afg10k08.htm", "calculatedOtherExpenses": 2277300000, "calculatedOperatingExpenses": 3629700000, "calculatedNetInterest": -70000000, "calculatedOtherIncome": 185900000, "calculatedIncomeNonControlling": 4200000, "calculatedEbitda": 420500000}, {"date": "2007-12-31", "symbol": "AFG", "reportedCurrency": "USD", "cik": "0001042046", "fillingDate": "2008-02-28", "acceptedDate": "2008-02-28 17:10:21", "calendarYear": "2007", "period": "FY", "revenue": 4404700000, "costOfRevenue": 549900000, "grossProfit": 3854800000, "grossProfitRatio": 0.8751560833, "researchAndDevelopmentExpenses": 0, "generalAndAdministrativeExpenses": 0, "sellingAndMarketingExpenses": 0, "sellingGeneralAndAdministrativeExpenses": 0, "otherExpenses": 3740000000, "operatingExpenses": 3740000000, "costAndExpenses": 3765800000, "interestIncome": 0, "interestExpense": 71300000, "depreciationAndAmortization": 194300000, "ebitda": 874600000, "ebitdaratio": 0.1985606284, "operatingIncome": 413100000, "operatingIncomeRatio": 0.0937861829, "totalOtherIncomeExpensesNet": 344100000, "incomeBeforeTax": 638900000, "incomeBeforeTaxRatio": 0.1450496061, "incomeTaxExpense": 225800000, "netIncome": 383200000, "netIncomeRatio": 0.0869979794, "eps": 3.25, "epsdiluted": 3.1, "weightedAverageShsOut": 117700000, "weightedAverageShsOutDil": 123200000, "link": "https://www.sec.gov/Archives/edgar/data/1042046/000104204608000010/0001042046-08-000010-index.htm", "finalLink": "https://www.sec.gov/Archives/edgar/data/1042046/000104204608000010/afg10k07.htm", "calculatedOtherExpenses": 3441700000, "calculatedOperatingExpenses": 3441700000, "calculatedNetInterest": -71300000, "calculatedOtherIncome": 297100000, "calculatedIncomeNonControlling": 29900000, "calculatedEbitda": 607400000}, {"date": "2006-12-31", "symbol": "AFG", "reportedCurrency": "USD", "cik": "0001042046", "fillingDate": "2007-03-01", "acceptedDate": "2007-02-28 17:41:46", "calendarYear": "2006", "period": "FY", "revenue": 4250100000, "costOfRevenue": 463800000, "grossProfit": 3786300000, "grossProfitRatio": 0.8908731559, "researchAndDevelopmentExpenses": 0, "generalAndAdministrativeExpenses": 0, "sellingAndMarketingExpenses": 0, "sellingGeneralAndAdministrativeExpenses": 0, "otherExpenses": 3530000000, "operatingExpenses": 3530000000, "costAndExpenses": 3552500000, "interestIncome": 0, "interestExpense": 72500000, "depreciationAndAmortization": 167000000, "ebitda": 928600000, "ebitdaratio": 0.2184889767, "operatingIncome": 461900000, "operatingIncomeRatio": 0.1086797958, "totalOtherIncomeExpensesNet": 364700000, "incomeBeforeTax": 697600000, "incomeBeforeTaxRatio": 0.1641373144, "incomeTaxExpense": 235700000, "netIncome": 453400000, "netIncomeRatio": 0.1066798428, "eps": 3.84, "epsdiluted": 3.75, "weightedAverageShsOut": 118000000, "weightedAverageShsOutDil": 120500000, "link": "https://www.sec.gov/Archives/edgar/data/1042046/000104204607000014/0001042046-07-000014-index.htm", "finalLink": "https://www.sec.gov/Archives/edgar/data/1042046/000104204607000014/afg10k06.htm", "calculatedOtherExpenses": 3324400000, "calculatedOperatingExpenses": 3324400000, "calculatedNetInterest": -72500000, "calculatedOtherIncome": 308200000, "calculatedIncomeNonControlling": 8500000, "calculatedEbitda": 628900000}, {"date": "2005-12-31", "symbol": "AFG", "reportedCurrency": "USD", "cik": "0001042046", "fillingDate": "2006-03-07", "acceptedDate": "2006-03-07 17:30:30", "calendarYear": "2005", "period": "FY", "revenue": 4038283000, "costOfRevenue": 477654000000, "grossProfit": -473615717000, "grossProfitRatio": -117.2814577384, "researchAndDevelopmentExpenses": 0, "generalAndAdministrativeExpenses": 0, "sellingAndMarketingExpenses": 0, "sellingGeneralAndAdministrativeExpenses": 0, "otherExpenses": 3657000000, "operatingExpenses": 3657000000, "costAndExpenses": 3681469000, "interestIncome": 0, "interestExpense": 73227000, "depreciationAndAmortization": 213035000, "ebitda": 608685000, "ebitdaratio": 0.1507286636, "operatingIncome": 240971000000, "operatingIncomeRatio": 59.6716475789, "totalOtherIncomeExpensesNet": 414986000, "incomeBeforeTax": 356814000, "incomeBeforeTaxRatio": 0.0883578491, "incomeTaxExpense": 115843000, "netIncome": 206580000, "netIncomeRatio": 0.0511554044, "eps": 1.78, "epsdiluted": 1.75, "weightedAverageShsOut": 115800000, "weightedAverageShsOutDil": 117800000, "link": "https://www.sec.gov/Archives/edgar/data/1042046/000104204606000014/0001042046-06-000014-index.htm", "finalLink": "https://www.sec.gov/Archives/edgar/data/1042046/000104204606000014/afg10k05.htm", "calculatedOtherExpenses": -714586717000, "calculatedOperatingExpenses": -714586717000, "calculatedNetInterest": -73227000, "calculatedOtherIncome": -240540959000, "calculatedIncomeNonControlling": 34391000, "calculatedEbitda": 241184035000}, {"date": "2004-12-31", "symbol": "AFG", "reportedCurrency": "USD", "cik": "0001042046", "fillingDate": "2005-03-11", "acceptedDate": "2005-03-11 16:24:24", "calendarYear": "2004", "period": "FY", "revenue": 3906265000, "costOfRevenue": 519905000000, "grossProfit": -515998735000, "grossProfitRatio": -132.0951689146, "researchAndDevelopmentExpenses": 0, "generalAndAdministrativeExpenses": 0, "sellingAndMarketingExpenses": 0, "sellingGeneralAndAdministrativeExpenses": 0, "otherExpenses": 0, "operatingExpenses": -580939000000, "costAndExpenses": 3316727000, "interestIncome": 0, "interestExpense": 71893000, "depreciationAndAmortization": 174220000, "ebitda": 792062000, "ebitdaratio": 0.2027670934, "operatingIncome": 403449000000, "operatingIncomeRatio": 103.282547395, "totalOtherIncomeExpensesNet": 342415000, "incomeBeforeTax": 589538000, "incomeBeforeTaxRatio": 0.1509211485, "incomeTaxExpense": 186089000, "netIncome": 359860000, "netIncomeRatio": 0.0921238062, "eps": 3.26, "epsdiluted": 3.21, "weightedAverageShsOut": 110429448, "weightedAverageShsOutDil": 112149533, "link": "https://www.sec.gov/Archives/edgar/data/1042046/000104204605000010/0001042046-05-000010-index.htm", "finalLink": "https://www.sec.gov/Archives/edgar/data/1042046/000104204605000010/afg10k04.htm", "calculatedOtherExpenses": -919447735000, "calculatedOperatingExpenses": -919447735000, "calculatedNetInterest": -71893000, "calculatedOtherIncome": -402787569000, "calculatedIncomeNonControlling": 43589000, "calculatedEbitda": 403623220000}, {"date": "2003-12-31", "symbol": "AFG", "reportedCurrency": "USD", "cik": "0001042046", "fillingDate": "2004-03-12", "acceptedDate": "2004-03-12 17:31:16", "calendarYear": "2003", "period": "FY", "revenue": 3359643000, "costOfRevenue": 447004000000, "grossProfit": -443644357000, "grossProfitRatio": -132.0510414351, "researchAndDevelopmentExpenses": 0, "generalAndAdministrativeExpenses": 0, "sellingAndMarketingExpenses": 0, "sellingGeneralAndAdministrativeExpenses": 0, "otherExpenses": 0, "operatingExpenses": -528817000000, "costAndExpenses": 3058637000, "interestIncome": 0, "interestExpense": 57320000, "depreciationAndAmortization": 176857000, "ebitda": 480538000, "ebitdaratio": 0.1430324591, "operatingIncome": 348460000000, "operatingIncomeRatio": 103.7193535146, "totalOtherIncomeExpensesNet": 266647000, "incomeBeforeTax": 301006000, "incomeBeforeTaxRatio": 0.0895946385, "incomeTaxExpense": -47454000, "netIncome": 293815000, "netIncomeRatio": 0.0874542325, "eps": 2.76, "epsdiluted": 2.75, "weightedAverageShsOut": 106521739, "weightedAverageShsOutDil": 106909091, "link": "https://www.sec.gov/Archives/edgar/data/1042046/000104204604000018/0001042046-04-000018-index.htm", "finalLink": "https://www.sec.gov/Archives/edgar/data/1042046/000104204604000018/afg10k03.htm", "calculatedOtherExpenses": -792104357000, "calculatedOperatingExpenses": -792104357000, "calculatedNetInterest": -57320000, "calculatedOtherIncome": -348101674000, "calculatedIncomeNonControlling": 54645000, "calculatedEbitda": 348636857000}, {"date": "2002-12-31", "symbol": "AFG", "reportedCurrency": "USD", "cik": "0001042046", "fillingDate": "2003-03-31", "acceptedDate": "2003-03-31 14:55:12", "calendarYear": "2002", "period": "FY", "revenue": 3749568000, "costOfRevenue": 0, "grossProfit": 3749568000, "grossProfitRatio": 1, "researchAndDevelopmentExpenses": 0, "generalAndAdministrativeExpenses": 0, "sellingAndMarketingExpenses": 0, "sellingGeneralAndAdministrativeExpenses": 0, "otherExpenses": -3586641000, "operatingExpenses": -3586641000, "costAndExpenses": 3571549000, "interestIncome": 0, "interestExpense": 60407000, "depreciationAndAmortization": 174990000, "ebitda": 337917000, "ebitdaratio": 0.090121582, "operatingIncome": 162927000, "operatingIncomeRatio": 0.0434522057, "totalOtherIncomeExpensesNet": 259266000, "incomeBeforeTax": 178019000, "incomeBeforeTaxRatio": 0.0474772027, "incomeTaxExpense": 17880000, "netIncome": 84640000, "netIncomeRatio": 0.0225732671, "eps": 0.82, "epsdiluted": 0.82, "weightedAverageShsOut": 103658537, "weightedAverageShsOutDil": 103658537, "link": "https://www.sec.gov/Archives/edgar/data/1042046/000104204603000084/0001042046-03-000084-index.htm", "finalLink": "https://www.sec.gov/Archives/edgar/data/1042046/000104204603000084/afg10k02.txt", "calculatedOtherExpenses": 3586641000, "calculatedOperatingExpenses": 3586641000, "calculatedNetInterest": -60407000, "calculatedOtherIncome": 75499000, "calculatedIncomeNonControlling": 75499000, "calculatedEbitda": 337917000}, {"date": "2001-12-31", "symbol": "AFG", "reportedCurrency": "USD", "cik": "0001042046", "fillingDate": "2002-04-01", "acceptedDate": "2002-04-01 00:00:00", "calendarYear": "2001", "period": "FY", "revenue": 3923632000, "costOfRevenue": 0, "grossProfit": 3923632000, "grossProfitRatio": 1, "researchAndDevelopmentExpenses": 0, "generalAndAdministrativeExpenses": 0, "sellingAndMarketingExpenses": 0, "sellingGeneralAndAdministrativeExpenses": 0, "otherExpenses": -3867650000, "operatingExpenses": -3867650000, "costAndExpenses": 3867734000, "interestIncome": 0, "interestExpense": 60744000, "depreciationAndAmortization": 147588000, "ebitda": 203570000, "ebitdaratio": 0.0518830512, "operatingIncome": 55982000, "operatingIncomeRatio": 0.0142679028, "totalOtherIncomeExpensesNet": 219869000, "incomeBeforeTax": 55898000, "incomeBeforeTaxRatio": 0.0142464941, "incomeTaxExpense": 10078000, "netIncome": -14840000, "netIncomeRatio": -0.00378221, "eps": -0.15, "epsdiluted": -0.15, "weightedAverageShsOut": 102272727, "weightedAverageShsOutDil": 102272727, "link": "https://www.sec.gov/Archives/edgar/data/1042046/000104204602000017/0001042046-02-000017-index.htm", "finalLink": "https://www.sec.gov/Archives/edgar/data/1042046/000104204602000017/afg10k01.txt", "calculatedOtherExpenses": 3867650000, "calculatedOperatingExpenses": 3867650000, "calculatedNetInterest": -60744000, "calculatedOtherIncome": 60660000, "calculatedIncomeNonControlling": 60660000, "calculatedEbitda": 203570000}, {"date": "2000-12-31", "symbol": "AFG", "reportedCurrency": "USD", "cik": "0001042046", "fillingDate": "2001-03-30", "acceptedDate": "2001-03-30 00:00:00", "calendarYear": "2000", "period": "FY", "revenue": 3817327000, "costOfRevenue": 0, "grossProfit": 3817327000, "grossProfitRatio": 1, "researchAndDevelopmentExpenses": 0, "generalAndAdministrativeExpenses": 0, "sellingAndMarketingExpenses": 0, "sellingGeneralAndAdministrativeExpenses": 0, "otherExpenses": -3776679000, "operatingExpenses": -3776679000, "costAndExpenses": 3707434000, "interestIncome": 0, "interestExpense": 67642000, "depreciationAndAmortization": 117388000, "ebitda": 158036000, "ebitdaratio": 0.0413996495, "operatingIncome": 40648000, "operatingIncomeRatio": 0.0106482887, "totalOtherIncomeExpensesNet": 253025000, "incomeBeforeTax": 109893000, "incomeBeforeTaxRatio": 0.0287879451, "incomeTaxExpense": 29041000, "netIncome": -56035000, "netIncomeRatio": -0.0146791197, "eps": -0.63, "epsdiluted": -0.63, "weightedAverageShsOut": 88421053, "weightedAverageShsOutDil": 88421053, "link": "https://www.sec.gov/Archives/edgar/data/1042046/000104204601000009/0001042046-01-000009-index.htm", "finalLink": "https://www.sec.gov/Archives/edgar/data/1042046/000104204601000009/0001042046-01-000009-0001.txt", "calculatedOtherExpenses": 3776679000, "calculatedOperatingExpenses": 3776679000, "calculatedNetInterest": -67642000, "calculatedOtherIncome": 136887000, "calculatedIncomeNonControlling": 136887000, "calculatedEbitda": 158036000}, {"date": "1999-12-31", "symbol": "AFG", "reportedCurrency": "USD", "cik": "0001042046", "fillingDate": "2000-03-30", "acceptedDate": "2000-03-30 00:00:00", "calendarYear": "1999", "period": "FY", "revenue": 3334482000, "costOfRevenue": 0, "grossProfit": 3334482000, "grossProfitRatio": 1, "researchAndDevelopmentExpenses": 0, "generalAndAdministrativeExpenses": 0, "sellingAndMarketingExpenses": 0, "sellingGeneralAndAdministrativeExpenses": 0, "otherExpenses": -3031172000, "operatingExpenses": -3031172000, "costAndExpenses": 3032421000, "interestIncome": 0, "interestExpense": 63672000, "depreciationAndAmortization": 95000000, "ebitda": 398310000, "ebitdaratio": 0.1194518369, "operatingIncome": 303310000, "operatingIncomeRatio": 0.0909616546, "totalOtherIncomeExpensesNet": 137518000, "incomeBeforeTax": 302061000, "incomeBeforeTaxRatio": 0.0905870837, "incomeTaxExpense": 98198000, "netIncome": 141440000, "netIncomeRatio": 0.042417383, "eps": 1.58, "epsdiluted": 1.57, "weightedAverageShsOut": 89598000, "weightedAverageShsOutDil": 90315000, "link": "https://www.sec.gov/Archives/edgar/data/1042046/000104204600000013/0001042046-00-000013-index.htm", "finalLink": "https://www.sec.gov/Archives/edgar/data/1042046/000104204600000013/", "calculatedOtherExpenses": 3031172000, "calculatedOperatingExpenses": 3031172000, "calculatedNetInterest": -63672000, "calculatedOtherIncome": 62423000, "calculatedIncomeNonControlling": 62423000, "calculatedEbitda": 398310000}, {"date": "1998-12-31", "symbol": "AFG", "reportedCurrency": "USD", "cik": "0001042046", "fillingDate": "1999-03-30", "acceptedDate": "1999-03-30 00:00:00", "calendarYear": "1998", "period": "FY", "revenue": 4050034000, "costOfRevenue": 0, "grossProfit": 4050034000, "grossProfitRatio": 1, "researchAndDevelopmentExpenses": 0, "generalAndAdministrativeExpenses": 0, "sellingAndMarketingExpenses": 0, "sellingGeneralAndAdministrativeExpenses": 0, "otherExpenses": -3788368000, "operatingExpenses": -3788368000, "costAndExpenses": 3845280000, "interestIncome": 0, "interestExpense": 57682000, "depreciationAndAmortization": 106000000, "ebitda": 367666000, "ebitdaratio": 0.0907809663, "operatingIncome": 261666000, "operatingIncomeRatio": 0.0646083465, "totalOtherIncomeExpensesNet": 117570000, "incomeBeforeTax": 204754000, "incomeBeforeTaxRatio": 0.0505561188, "incomeTaxExpense": 79584000, "netIncome": 124400000, "netIncomeRatio": 0.0307157915, "eps": 1.35, "epsdiluted": 1.33, "weightedAverageShsOut": 91833000, "weightedAverageShsOutDil": 93277500, "link": "https://www.sec.gov/Archives/edgar/data/1042046/000104204699000010/0001042046-99-000010-index.htm", "finalLink": "https://www.sec.gov/Archives/edgar/data/1042046/000104204699000010/", "calculatedOtherExpenses": 3788368000, "calculatedOperatingExpenses": 3788368000, "calculatedNetInterest": -57682000, "calculatedOtherIncome": 770000, "calculatedIncomeNonControlling": 770000, "calculatedEbitda": 367666000}, {"date": "1997-12-31", "symbol": "AFG", "reportedCurrency": "USD", "cik": "0001042046", "fillingDate": "1998-03-27", "acceptedDate": "1998-03-27 00:00:00", "calendarYear": "1997", "period": "FY", "revenue": 4020723000, "costOfRevenue": 0, "grossProfit": 4020723000, "grossProfitRatio": 1, "researchAndDevelopmentExpenses": 0, "generalAndAdministrativeExpenses": 0, "sellingAndMarketingExpenses": 0, "sellingGeneralAndAdministrativeExpenses": 0, "otherExpenses": -3656015000, "operatingExpenses": -3656015000, "costAndExpenses": 3701113000, "interestIncome": 0, "interestExpense": 52331000, "depreciationAndAmortization": 76400000, "ebitda": 441108000, "ebitdaratio": 0.109708627, "operatingIncome": 364708000, "operatingIncomeRatio": 0.0907070694, "totalOtherIncomeExpensesNet": 159884000, "incomeBeforeTax": 319610000, "incomeBeforeTaxRatio": 0.0794906787, "incomeTaxExpense": 120127000, "netIncome": 192250000, "netIncomeRatio": 0.0478147836, "eps": 0.43, "epsdiluted": 0.43, "weightedAverageShsOut": 90193947, "weightedAverageShsOutDil": 91285003, "link": "https://www.sec.gov/Archives/edgar/data/1042046/000104204698000004/0001042046-98-000004-index.htm", "finalLink": "https://www.sec.gov/Archives/edgar/data/1042046/000104204698000004/", "calculatedOtherExpenses": 3656015000, "calculatedOperatingExpenses": 3656015000, "calculatedNetInterest": -52331000, "calculatedOtherIncome": 7233000, "calculatedIncomeNonControlling": 7233000, "calculatedEbitda": 441108000}, {"date": "1996-12-31", "symbol": "AFG", "reportedCurrency": "USD", "cik": "0001042046", "fillingDate": "1996-12-31", "acceptedDate": "1996-12-30 19:00:00", "calendarYear": "1996", "period": "FY", "revenue": 4115400000, "costOfRevenue": 0, "grossProfit": 4115400000, "grossProfitRatio": 1, "researchAndDevelopmentExpenses": 0, "generalAndAdministrativeExpenses": 0, "sellingAndMarketingExpenses": 0, "sellingGeneralAndAdministrativeExpenses": 0, "otherExpenses": -3714700000, "operatingExpenses": -3714700000, "costAndExpenses": 1234000000, "interestIncome": 0, "interestExpense": 76100000, "depreciationAndAmortization": 79400000, "ebitda": 480100000, "ebitdaratio": 0.116659377, "operatingIncome": 400700000, "operatingIncomeRatio": 0.0973659912, "totalOtherIncomeExpensesNet": 1270900000, "incomeBeforeTax": 1671600000, "incomeBeforeTaxRatio": 0.4061816591, "incomeTaxExpense": 91300000, "netIncome": 233300000, "netIncomeRatio": 0.0566895077, "eps": 2.56, "epsdiluted": 2.53, "weightedAverageShsOut": 91087269, "weightedAverageShsOutDil": 92288948, "link": "", "finalLink": "", "calculatedOtherExpenses": 3714700000, "calculatedOperatingExpenses": 3714700000, "calculatedNetInterest": -76100000, "calculatedOtherIncome": 1347000000, "calculatedIncomeNonControlling": 1347000000, "calculatedEbitda": 480100000}, {"date": "1995-12-31", "symbol": "AFG", "reportedCurrency": "USD", "cik": "0001042046", "fillingDate": "1995-12-31", "acceptedDate": "1995-12-30 19:00:00", "calendarYear": "1995", "period": "FY", "revenue": 3629600000, "costOfRevenue": 0, "grossProfit": 3629600000, "grossProfitRatio": 1, "researchAndDevelopmentExpenses": 0, "generalAndAdministrativeExpenses": 0, "sellingAndMarketingExpenses": 0, "sellingGeneralAndAdministrativeExpenses": 0, "otherExpenses": -3259300000, "operatingExpenses": -3259300000, "costAndExpenses": 1084600000, "interestIncome": 0, "interestExpense": 122600000, "depreciationAndAmortization": 47800000, "ebitda": 418100000, "ebitdaratio": 0.1151917567, "operatingIncome": 370300000, "operatingIncomeRatio": 0.1020222614, "totalOtherIncomeExpensesNet": 980900000, "incomeBeforeTax": 1351200000, "incomeBeforeTaxRatio": 0.3722724267, "incomeTaxExpense": 56500000, "netIncome": 191200000, "netIncomeRatio": 0.052677981, "eps": 2.59, "epsdiluted": 2.57, "weightedAverageShsOut": 71446236, "weightedAverageShsOutDil": 72002960, "link": "", "finalLink": "", "calculatedOtherExpenses": 3259300000, "calculatedOperatingExpenses": 3259300000, "calculatedNetInterest": -122600000, "calculatedOtherIncome": 1103500000, "calculatedIncomeNonControlling": 1103500000, "calculatedEbitda": 418100000}, {"date": "1994-12-31", "symbol": "AFG", "reportedCurrency": "USD", "cik": "0001042046", "fillingDate": "1994-12-31", "acceptedDate": "1994-12-30 19:00:00", "calendarYear": "1994", "period": "FY", "revenue": 1767400000, "costOfRevenue": 0, "grossProfit": 1767400000, "grossProfitRatio": 1, "researchAndDevelopmentExpenses": 0, "generalAndAdministrativeExpenses": 0, "sellingAndMarketingExpenses": 0, "sellingGeneralAndAdministrativeExpenses": 0, "otherExpenses": -1673500000, "operatingExpenses": -1673500000, "costAndExpenses": 454500000, "interestIncome": 0, "interestExpense": 53200000, "depreciationAndAmortization": 27500000, "ebitda": 121400000, "ebitdaratio": 0.0686884689, "operatingIncome": 93900000, "operatingIncomeRatio": 0.0531288899, "totalOtherIncomeExpensesNet": 171100000, "incomeBeforeTax": 265000000, "incomeBeforeTaxRatio": 0.1499377617, "incomeTaxExpense": 40400000, "netIncome": 300000, "netIncomeRatio": 0.0001697409, "eps": -0.55, "epsdiluted": -0.55, "weightedAverageShsOut": 72963518, "weightedAverageShsOutDil": 72963518, "link": "", "finalLink": "", "calculatedOtherExpenses": 1673500000, "calculatedOperatingExpenses": 1673500000, "calculatedNetInterest": -53200000, "calculatedOtherIncome": 224300000, "calculatedIncomeNonControlling": 224300000, "calculatedEbitda": 121400000}, {"date": "1993-12-31", "symbol": "AFG", "reportedCurrency": "USD", "cik": "0001042046", "fillingDate": "1993-12-31", "acceptedDate": "1993-12-30 19:00:00", "calendarYear": "1993", "period": "FY", "revenue": 1763300000, "costOfRevenue": 0, "grossProfit": 1763300000, "grossProfitRatio": 1, "researchAndDevelopmentExpenses": 0, "generalAndAdministrativeExpenses": 0, "sellingAndMarketingExpenses": 0, "sellingGeneralAndAdministrativeExpenses": 0, "otherExpenses": -1521100000, "operatingExpenses": -1521100000, "costAndExpenses": 456800000, "interestIncome": 0, "interestExpense": 62800000, "depreciationAndAmortization": 32800000, "ebitda": 275000000, "ebitdaratio": 0.1559575795, "operatingIncome": 242200000, "operatingIncomeRatio": 0.1373560937, "totalOtherIncomeExpensesNet": 436300000, "incomeBeforeTax": 678500000, "incomeBeforeTaxRatio": 0.3847898826, "incomeTaxExpense": -52600000, "netIncome": 232000000, "netIncomeRatio": 0.1315714853, "eps": 4.57, "epsdiluted": 4.57, "weightedAverageShsOut": 50777531, "weightedAverageShsOutDil": 50777531, "link": "", "finalLink": "", "calculatedOtherExpenses": 1521100000, "calculatedOperatingExpenses": 1521100000, "calculatedNetInterest": -62800000, "calculatedOtherIncome": 499100000, "calculatedIncomeNonControlling": 499100000, "calculatedEbitda": 275000000}, {"date": "1992-12-31", "symbol": "AFG", "reportedCurrency": "USD", "cik": "0001042046", "fillingDate": "1992-12-31", "acceptedDate": "1992-12-30 19:00:00", "calendarYear": "1992", "period": "FY", "revenue": 1842200000, "costOfRevenue": 0, "grossProfit": 1842200000, "grossProfitRatio": 1, "researchAndDevelopmentExpenses": 0, "generalAndAdministrativeExpenses": 0, "sellingAndMarketingExpenses": 0, "sellingGeneralAndAdministrativeExpenses": 0, "otherExpenses": -1426300000, "operatingExpenses": -1426300000, "costAndExpenses": 299300000, "interestIncome": 0, "interestExpense": 69600000, "depreciationAndAmortization": 40700000, "ebitda": 456600000, "ebitdaratio": 0.2478558246, "operatingIncome": 415900000, "operatingIncomeRatio": 0.2257626751, "totalOtherIncomeExpensesNet": 798000000, "incomeBeforeTax": 1213900000, "incomeBeforeTaxRatio": 0.6589403974, "incomeTaxExpense": 40900000, "netIncome": 305400000, "netIncomeRatio": 0.1657800456, "eps": 4.32, "epsdiluted": 4.32, "weightedAverageShsOut": 70659115, "weightedAverageShsOutDil": 70659115, "link": "", "finalLink": "", "calculatedOtherExpenses": 1426300000, "calculatedOperatingExpenses": 1426300000, "calculatedNetInterest": -69600000, "calculatedOtherIncome": 867600000, "calculatedIncomeNonControlling": 867600000, "calculatedEbitda": 456600000}, {"date": "1991-12-31", "symbol": "AFG", "reportedCurrency": "USD", "cik": "0001042046", "fillingDate": "1991-12-31", "acceptedDate": "1991-12-30 19:00:00", "calendarYear": "1991", "period": "FY", "revenue": 1705100000, "costOfRevenue": 0, "grossProfit": 1705100000, "grossProfitRatio": 1, "researchAndDevelopmentExpenses": 0, "generalAndAdministrativeExpenses": 0, "sellingAndMarketingExpenses": 0, "sellingGeneralAndAdministrativeExpenses": 0, "otherExpenses": -1594800000, "operatingExpenses": -1594800000, "costAndExpenses": 65800000, "interestIncome": 0, "interestExpense": 65800000, "depreciationAndAmortization": 41800000, "ebitda": 152100000, "ebitdaratio": 0.0892029793, "operatingIncome": 110300000, "operatingIncomeRatio": 0.0646882881, "totalOtherIncomeExpensesNet": 824000000, "incomeBeforeTax": 934300000, "incomeBeforeTaxRatio": 0.5479444021, "incomeTaxExpense": 41900000, "netIncome": 2600000, "netIncomeRatio": 0.0015248373, "eps": 0.0222, "epsdiluted": 0.0222, "weightedAverageShsOut": 73578595, "weightedAverageShsOutDil": 73578595, "link": "", "finalLink": "", "calculatedOtherExpenses": 1594800000, "calculatedOperatingExpenses": 1594800000, "calculatedNetInterest": -65800000, "calculatedOtherIncome": 889800000, "calculatedIncomeNonControlling": 889800000, "calculatedEbitda": 152100000}, {"date": "1990-12-31", "symbol": "AFG", "reportedCurrency": "USD", "cik": "0001042046", "fillingDate": "1990-12-31", "acceptedDate": "1990-12-30 19:00:00", "calendarYear": "1990", "period": "FY", "revenue": 2154300000, "costOfRevenue": 0, "grossProfit": 2154300000, "grossProfitRatio": 1, "researchAndDevelopmentExpenses": 0, "generalAndAdministrativeExpenses": 85800000, "sellingAndMarketingExpenses": 0, "sellingGeneralAndAdministrativeExpenses": 85800000, "otherExpenses": -2043100000, "operatingExpenses": -1957300000, "costAndExpenses": 203300000, "interestIncome": 0, "interestExpense": 52000000, "depreciationAndAmortization": 65500000, "ebitda": 262500000, "ebitdaratio": 0.1218493246, "operatingIncome": 197000000, "operatingIncomeRatio": 0.0914450169, "totalOtherIncomeExpensesNet": 2154300000, "incomeBeforeTax": 2351300000, "incomeBeforeTaxRatio": 1.0914450169, "incomeTaxExpense": 47200000, "netIncome": 97800000, "netIncomeRatio": 0.0453975769, "eps": 1.07, "epsdiluted": 1.07, "weightedAverageShsOut": 91641679, "weightedAverageShsOutDil": 91641679, "link": "", "finalLink": "", "calculatedOtherExpenses": 1871500000, "calculatedOperatingExpenses": 1957300000, "calculatedNetInterest": -52000000, "calculatedOtherIncome": 2206300000, "calculatedIncomeNonControlling": 2206300000, "calculatedEbitda": 262500000}, {"date": "1989-12-31", "symbol": "AFG", "reportedCurrency": "USD", "cik": "0001042046", "fillingDate": "1989-12-31", "acceptedDate": "1989-12-30 19:00:00", "calendarYear": "1989", "period": "FY", "revenue": 1725000000, "costOfRevenue": 0, "grossProfit": 1725000000, "grossProfitRatio": 1, "researchAndDevelopmentExpenses": 0, "generalAndAdministrativeExpenses": 90200000, "sellingAndMarketingExpenses": 0, "sellingGeneralAndAdministrativeExpenses": 90200000, "otherExpenses": -1554900000, "operatingExpenses": -1464700000, "costAndExpenses": 171000000, "interestIncome": 0, "interestExpense": 27900000, "depreciationAndAmortization": 52900000, "ebitda": 313200000, "ebitdaratio": 0.1815652174, "operatingIncome": 260300000, "operatingIncomeRatio": 0.1508985507, "totalOtherIncomeExpensesNet": 1725000000, "incomeBeforeTax": 1985300000, "incomeBeforeTaxRatio": 1.1508985507, "incomeTaxExpense": 58300000, "netIncome": 174100000, "netIncomeRatio": 0.1009275362, "eps": 1.65, "epsdiluted": 1.65, "weightedAverageShsOut": 105249794, "weightedAverageShsOutDil": 105249794, "link": "", "finalLink": "", "calculatedOtherExpenses": 1374500000, "calculatedOperatingExpenses": 1464700000, "calculatedNetInterest": -27900000, "calculatedOtherIncome": 1752900000, "calculatedIncomeNonControlling": 1752900000, "calculatedEbitda": 313200000}, {"date": "1988-12-31", "symbol": "AFG", "reportedCurrency": "USD", "cik": "0001042046", "fillingDate": "1988-12-31", "acceptedDate": "1988-12-30 19:00:00", "calendarYear": "1988", "period": "FY", "revenue": 1546500000, "costOfRevenue": 0, "grossProfit": 1546500000, "grossProfitRatio": 1, "researchAndDevelopmentExpenses": 0, "generalAndAdministrativeExpenses": 87000000, "sellingAndMarketingExpenses": 0, "sellingGeneralAndAdministrativeExpenses": 87000000, "otherExpenses": -1473200000, "operatingExpenses": -1386200000, "costAndExpenses": 129000000, "interestIncome": 0, "interestExpense": 6300000, "depreciationAndAmortization": 35700000, "ebitda": 196000000, "ebitdaratio": 0.126737795, "operatingIncome": 160300000, "operatingIncomeRatio": 0.1036534109, "totalOtherIncomeExpensesNet": 1546500000, "incomeBeforeTax": 1706800000, "incomeBeforeTaxRatio": 1.1036534109, "incomeTaxExpense": 50600000, "netIncome": 103400000, "netIncomeRatio": 0.0668606531, "eps": 0.97, "epsdiluted": 0.97, "weightedAverageShsOut": 106179787, "weightedAverageShsOutDil": 106179787, "link": "", "finalLink": "", "calculatedOtherExpenses": 1299200000, "calculatedOperatingExpenses": 1386200000, "calculatedNetInterest": -6300000, "calculatedOtherIncome": 1552800000, "calculatedIncomeNonControlling": 1552800000, "calculatedEbitda": 196000000}, {"date": "1987-12-31", "symbol": "AFG", "reportedCurrency": "USD", "cik": "0001042046", "fillingDate": "1987-12-31", "acceptedDate": "1987-12-30 19:00:00", "calendarYear": "1987", "period": "FY", "revenue": 1421400000, "costOfRevenue": 0, "grossProfit": 1421400000, "grossProfitRatio": 1, "researchAndDevelopmentExpenses": 0, "generalAndAdministrativeExpenses": 157000000, "sellingAndMarketingExpenses": 0, "sellingGeneralAndAdministrativeExpenses": 157000000, "otherExpenses": -1521200000, "operatingExpenses": -1364200000, "costAndExpenses": 221400000, "interestIncome": 0, "interestExpense": 14800000, "depreciationAndAmortization": 49600000, "ebitda": 106800000, "ebitdaratio": 0.0751371887, "operatingIncome": 57200000, "operatingIncomeRatio": 0.0402420149, "totalOtherIncomeExpensesNet": 1421400000, "incomeBeforeTax": 1478600000, "incomeBeforeTaxRatio": 1.0402420149, "incomeTaxExpense": 20400000, "netIncome": 36200000, "netIncomeRatio": 0.0254678486, "eps": 0.31, "epsdiluted": 0.31, "weightedAverageShsOut": 117984486, "weightedAverageShsOutDil": 117984486, "link": "", "finalLink": "", "calculatedOtherExpenses": 1207200000, "calculatedOperatingExpenses": 1364200000, "calculatedNetInterest": -14800000, "calculatedOtherIncome": 1436200000, "calculatedIncomeNonControlling": 1422000000, "calculatedEbitda": 106800000}, {"date": "1986-12-31", "symbol": "AFG", "reportedCurrency": "USD", "cik": "0001042046", "fillingDate": "1986-12-31", "acceptedDate": "1986-12-30 19:00:00", "calendarYear": "1986", "period": "FY", "revenue": 2387900000, "costOfRevenue": 0, "grossProfit": 2387900000, "grossProfitRatio": 1, "researchAndDevelopmentExpenses": 0, "generalAndAdministrativeExpenses": 155700000, "sellingAndMarketingExpenses": 0, "sellingGeneralAndAdministrativeExpenses": 155700000, "otherExpenses": -2290900000, "operatingExpenses": -2135200000, "costAndExpenses": 317500000, "interestIncome": 0, "interestExpense": 36600000, "depreciationAndAmortization": 125200000, "ebitda": 377900000, "ebitdaratio": 0.1582562084, "operatingIncome": 252700000, "operatingIncomeRatio": 0.1058252021, "totalOtherIncomeExpensesNet": 2387900000, "incomeBeforeTax": 2640600000, "incomeBeforeTaxRatio": 1.1058252021, "incomeTaxExpense": 134200000, "netIncome": 154200000, "netIncomeRatio": 0.0645755685, "eps": 1.29, "epsdiluted": 1.29, "weightedAverageShsOut": 119784667, "weightedAverageShsOutDil": 119784667, "link": "", "finalLink": "", "calculatedOtherExpenses": 1979500000, "calculatedOperatingExpenses": 2135200000, "calculatedNetInterest": -36600000, "calculatedOtherIncome": 2424500000, "calculatedIncomeNonControlling": 2352200000, "calculatedEbitda": 377900000}, {"date": "1985-12-31", "symbol": "AFG", "reportedCurrency": "USD", "cik": "0001042046", "fillingDate": "1985-12-31", "acceptedDate": "1985-12-30 19:00:00", "calendarYear": "1985", "period": "FY", "revenue": 2527300000, "costOfRevenue": 0, "grossProfit": 2527300000, "grossProfitRatio": 1, "researchAndDevelopmentExpenses": 0, "generalAndAdministrativeExpenses": 161700000, "sellingAndMarketingExpenses": 0, "sellingGeneralAndAdministrativeExpenses": 161700000, "otherExpenses": -2467900000, "operatingExpenses": -2306200000, "costAndExpenses": 334600000, "interestIncome": 0, "interestExpense": 44800000, "depreciationAndAmortization": 128100000, "ebitda": 349200000, "ebitdaratio": 0.1381711708, "operatingIncome": 221100000, "operatingIncomeRatio": 0.0874846674, "totalOtherIncomeExpensesNet": 2527300000, "incomeBeforeTax": 2748400000, "incomeBeforeTaxRatio": 1.0874846674, "incomeTaxExpense": 99900000, "netIncome": 110800000, "netIncomeRatio": 0.0438412535, "eps": 0.92, "epsdiluted": 0.92, "weightedAverageShsOut": 120374595, "weightedAverageShsOutDil": 120374595, "link": "", "finalLink": "", "calculatedOtherExpenses": 2144500000, "calculatedOperatingExpenses": 2306200000, "calculatedNetInterest": -44800000, "calculatedOtherIncome": 2572100000, "calculatedIncomeNonControlling": 2537700000, "calculatedEbitda": 349200000}, {"date": "1984-12-31", "symbol": "AFG", "reportedCurrency": "USD", "cik": "0001042046", "fillingDate": "1984-12-31", "acceptedDate": "1984-12-30 19:00:00", "calendarYear": "1984", "period": "FY", "revenue": 2569100000, "costOfRevenue": 0, "grossProfit": 2569100000, "grossProfitRatio": 1, "researchAndDevelopmentExpenses": 0, "generalAndAdministrativeExpenses": 158600000, "sellingAndMarketingExpenses": 0, "sellingGeneralAndAdministrativeExpenses": 158600000, "otherExpenses": 2157000000, "operatingExpenses": 2315600000, "costAndExpenses": 2315600000, "interestIncome": 0, "interestExpense": 44700000, "depreciationAndAmortization": 120900000, "ebitda": 463800000, "ebitdaratio": 0.1805301467, "operatingIncome": 253500000, "operatingIncomeRatio": 0.0986726869, "totalOtherIncomeExpensesNet": 44700000, "incomeBeforeTax": 298200000, "incomeBeforeTaxRatio": 0.1160717761, "incomeTaxExpense": 128200000, "netIncome": 170000000, "netIncomeRatio": 0.0661710327, "eps": 1.27, "epsdiluted": 1.27, "weightedAverageShsOut": 133500000, "weightedAverageShsOutDil": 133500000, "link": "", "finalLink": "", "calculatedOtherExpenses": 2157000000, "calculatedOperatingExpenses": 2315600000, "calculatedNetInterest": -44700000, "calculatedOtherIncome": 89400000, "calculatedIncomeNonControlling": 0, "calculatedEbitda": 374400000}, {"date": "1983-12-31", "symbol": "AFG", "reportedCurrency": "USD", "cik": "0001042046", "fillingDate": "1983-12-31", "acceptedDate": "1983-12-30 19:00:00", "calendarYear": "1983", "period": "FY", "revenue": 2538900000, "costOfRevenue": 0, "grossProfit": 2538900000, "grossProfitRatio": 1, "researchAndDevelopmentExpenses": 0, "generalAndAdministrativeExpenses": 174400000, "sellingAndMarketingExpenses": 0, "sellingGeneralAndAdministrativeExpenses": 174400000, "otherExpenses": 2313000000, "operatingExpenses": 2487400000, "costAndExpenses": 2487400000, "interestIncome": 0, "interestExpense": -17000000, "depreciationAndAmortization": 117400000, "ebitda": 134900000, "ebitdaratio": 0.0531332467, "operatingIncome": 51500000, "operatingIncomeRatio": 0.0202843751, "totalOtherIncomeExpensesNet": -17000000, "incomeBeforeTax": 34500000, "incomeBeforeTaxRatio": 0.013588562, "incomeTaxExpense": 14800000, "netIncome": 19700000, "netIncomeRatio": 0.0077592658, "eps": 0.16, "epsdiluted": 0.16, "weightedAverageShsOut": 123100000, "weightedAverageShsOutDil": 123100000, "link": "", "finalLink": "", "calculatedOtherExpenses": 2313000000, "calculatedOperatingExpenses": 2487400000, "calculatedNetInterest": 17000000, "calculatedOtherIncome": -34000000, "calculatedIncomeNonControlling": 0, "calculatedEbitda": 168900000}]}