{"originalCurrency": "USD", "convertedCurrency": "USD", "report": [{"date": "2023-12-31", "symbol": "AFL", "reportedCurrency": "USD", "cik": "0000004977", "fillingDate": "2024-02-22", "acceptedDate": "2024-02-22 14:34:09", "calendarYear": "2023", "period": "FY", "revenue": 18701000000, "costOfRevenue": 0, "grossProfit": 18701000000, "grossProfitRatio": 1, "researchAndDevelopmentExpenses": 0, "generalAndAdministrativeExpenses": 2928000000, "sellingAndMarketingExpenses": 188000000, "sellingGeneralAndAdministrativeExpenses": 3165000000, "otherExpenses": -2150000000, "operatingExpenses": 2150000000, "costAndExpenses": -13244000000, "interestIncome": 0, "interestExpense": 195000000, "depreciationAndAmortization": 39000000, "ebitda": 39000000, "ebitdaratio": 0.00208545, "operatingIncome": 13473000000, "operatingIncomeRatio": 0.7204427571, "totalOtherIncomeExpensesNet": 5262000000, "incomeBeforeTax": 5262000000, "incomeBeforeTaxRatio": 0.2813753275, "incomeTaxExpense": 603000000, "netIncome": 4659000000, "netIncomeRatio": 0.2491310625, "eps": 7.81, "epsdiluted": 7.78, "weightedAverageShsOut": 596173000, "weightedAverageShsOutDil": 598745000, "link": "https://www.sec.gov/Archives/edgar/data/4977/000000497724000053/0000004977-24-000053-index.htm", "finalLink": "https://www.sec.gov/Archives/edgar/data/4977/000000497724000053/afl-20231231.htm", "calculatedOtherExpenses": 2063000000, "calculatedOperatingExpenses": 5228000000, "calculatedNetInterest": -195000000, "calculatedOtherIncome": -8016000000, "calculatedIncomeNonControlling": 0, "calculatedEbitda": 13512000000}, {"date": "2022-12-31", "symbol": "AFL", "reportedCurrency": "USD", "cik": "0000004977", "fillingDate": "2023-02-24", "acceptedDate": "2023-02-23 20:48:23", "calendarYear": "2022", "period": "FY", "revenue": 19140000000, "costOfRevenue": 275000000, "grossProfit": 18865000000, "grossProfitRatio": 0.9856321839, "researchAndDevelopmentExpenses": 0, "generalAndAdministrativeExpenses": 2994000000, "sellingAndMarketingExpenses": 204000000, "sellingGeneralAndAdministrativeExpenses": 3250000000, "otherExpenses": -14045000000, "operatingExpenses": -14045000000, "costAndExpenses": 14271000000, "interestIncome": 226000000, "interestExpense": 226000000, "depreciationAndAmortization": -265000000, "ebitda": 4830000000, "ebitdaratio": 0.2523510972, "operatingIncome": 5095000000, "operatingIncomeRatio": 0.2661964472, "totalOtherIncomeExpensesNet": -226000000, "incomeBeforeTax": 4869000000, "incomeBeforeTaxRatio": 0.2543887147, "incomeTaxExpense": 451000000, "netIncome": 4418000000, "netIncomeRatio": 0.2308254963, "eps": 6.96, "epsdiluted": 6.93, "weightedAverageShsOut": 634816000, "weightedAverageShsOutDil": 637655000, "link": "https://www.sec.gov/Archives/edgar/data/4977/000000497723000055/0000004977-23-000055-index.htm", "finalLink": "https://www.sec.gov/Archives/edgar/data/4977/000000497723000055/afl-20221231.htm", "calculatedOtherExpenses": 10520000000, "calculatedOperatingExpenses": 13770000000, "calculatedNetInterest": 0, "calculatedOtherIncome": -226000000, "calculatedIncomeNonControlling": 0, "calculatedEbitda": 4830000000}, {"date": "2021-12-31", "symbol": "AFL", "reportedCurrency": "USD", "cik": "0000004977", "fillingDate": "2022-02-23", "acceptedDate": "2022-02-23 17:18:23", "calendarYear": "2021", "period": "FY", "revenue": 22106000000, "costOfRevenue": 0, "grossProfit": 22106000000, "grossProfitRatio": 1, "researchAndDevelopmentExpenses": 0, "generalAndAdministrativeExpenses": 3257000000, "sellingAndMarketingExpenses": 229000000, "sellingGeneralAndAdministrativeExpenses": 3544000000, "otherExpenses": -16784000000, "operatingExpenses": -16784000000, "costAndExpenses": 16784000000, "interestIncome": 238000000, "interestExpense": 238000000, "depreciationAndAmortization": 45000000, "ebitda": 5322000000, "ebitdaratio": 0.2407491179, "operatingIncome": 5322000000, "operatingIncomeRatio": 0.2407491179, "totalOtherIncomeExpensesNet": 5322000000, "incomeBeforeTax": 5322000000, "incomeBeforeTaxRatio": 0.2407491179, "incomeTaxExpense": 997000000, "netIncome": 4231000000, "netIncomeRatio": 0.1913960011, "eps": 6.42, "epsdiluted": 6.39, "weightedAverageShsOut": 673617000, "weightedAverageShsOutDil": 676729000, "link": "https://www.sec.gov/Archives/edgar/data/4977/000000497722000058/0000004977-22-000058-index.htm", "finalLink": "https://www.sec.gov/Archives/edgar/data/4977/000000497722000058/afl-20211231.htm", "calculatedOtherExpenses": 13240000000, "calculatedOperatingExpenses": 16784000000, "calculatedNetInterest": 0, "calculatedOtherIncome": 0, "calculatedIncomeNonControlling": 94000000, "calculatedEbitda": 5367000000}, {"date": "2020-12-31", "symbol": "AFL", "reportedCurrency": "USD", "cik": "0000004977", "fillingDate": "2021-02-23", "acceptedDate": "2021-02-23 17:12:59", "calendarYear": "2020", "period": "FY", "revenue": 22147000000, "costOfRevenue": 0, "grossProfit": 22147000000, "grossProfitRatio": 1, "researchAndDevelopmentExpenses": 0, "generalAndAdministrativeExpenses": 3180000000, "sellingAndMarketingExpenses": 184000000, "sellingGeneralAndAdministrativeExpenses": 3420000000, "otherExpenses": -17988000000, "operatingExpenses": -17988000000, "costAndExpenses": 17988000000, "interestIncome": 242000000, "interestExpense": 242000000, "depreciationAndAmortization": 41000000, "ebitda": 4159000000, "ebitdaratio": 0.1877906714, "operatingIncome": 4159000000, "operatingIncomeRatio": 0.1877906714, "totalOtherIncomeExpensesNet": 4159000000, "incomeBeforeTax": 4159000000, "incomeBeforeTaxRatio": 0.1877906714, "incomeTaxExpense": -619000000, "netIncome": 4778000000, "netIncomeRatio": 0.2157402809, "eps": 6.69, "epsdiluted": 6.67, "weightedAverageShsOut": 713702000, "weightedAverageShsOutDil": 716192000, "link": "https://www.sec.gov/Archives/edgar/data/4977/000000497721000047/0000004977-21-000047-index.htm", "finalLink": "https://www.sec.gov/Archives/edgar/data/4977/000000497721000047/afl-20201231.htm", "calculatedOtherExpenses": 14568000000, "calculatedOperatingExpenses": 17988000000, "calculatedNetInterest": 0, "calculatedOtherIncome": 0, "calculatedIncomeNonControlling": 0, "calculatedEbitda": 4200000000}, {"date": "2019-12-31", "symbol": "AFL", "reportedCurrency": "USD", "cik": "0000004977", "fillingDate": "2020-02-21", "acceptedDate": "2020-02-21 16:32:04", "calendarYear": "2019", "period": "FY", "revenue": 22307000000, "costOfRevenue": 0, "grossProfit": 22307000000, "grossProfitRatio": 1, "researchAndDevelopmentExpenses": 0, "generalAndAdministrativeExpenses": 2816000000, "sellingAndMarketingExpenses": 219000000, "sellingGeneralAndAdministrativeExpenses": 3089000000, "otherExpenses": -17862000000, "operatingExpenses": -17862000000, "costAndExpenses": 17862000000, "interestIncome": 228000000, "interestExpense": 228000000, "depreciationAndAmortization": 41000000, "ebitda": 4445000000, "ebitdaratio": 0.1992648048, "operatingIncome": 4445000000, "operatingIncomeRatio": 0.1992648048, "totalOtherIncomeExpensesNet": 4445000000, "incomeBeforeTax": 4445000000, "incomeBeforeTaxRatio": 0.1992648048, "incomeTaxExpense": 1141000000, "netIncome": 3304000000, "netIncomeRatio": 0.1481149415, "eps": 4.45, "epsdiluted": 4.43, "weightedAverageShsOut": 742414000, "weightedAverageShsOutDil": 746430000, "link": "https://www.sec.gov/Archives/edgar/data/4977/000000497720000044/0000004977-20-000044-index.htm", "finalLink": "https://www.sec.gov/Archives/edgar/data/4977/000000497720000044/afl12311910k.htm", "calculatedOtherExpenses": 14773000000, "calculatedOperatingExpenses": 17862000000, "calculatedNetInterest": 0, "calculatedOtherIncome": 0, "calculatedIncomeNonControlling": 0, "calculatedEbitda": 4486000000}, {"date": "2018-12-31", "symbol": "AFL", "reportedCurrency": "USD", "cik": "0000004977", "fillingDate": "2019-02-25", "acceptedDate": "2019-02-25 17:04:08", "calendarYear": "2018", "period": "FY", "revenue": 21758000000, "costOfRevenue": 0, "grossProfit": 21758000000, "grossProfitRatio": 1, "researchAndDevelopmentExpenses": 0, "generalAndAdministrativeExpenses": 0, "sellingAndMarketingExpenses": 0, "sellingGeneralAndAdministrativeExpenses": 0, "otherExpenses": -17553000000, "operatingExpenses": -17553000000, "costAndExpenses": 17706000000, "interestIncome": 0, "interestExpense": 222000000, "depreciationAndAmortization": 0, "ebitda": 4205000000, "ebitdaratio": 0.1932622484, "operatingIncome": 4205000000, "operatingIncomeRatio": 0.1932622484, "totalOtherIncomeExpensesNet": -222000000, "incomeBeforeTax": 3983000000, "incomeBeforeTaxRatio": 0.1830591047, "incomeTaxExpense": 1063000000, "netIncome": 2920000000, "netIncomeRatio": 0.1342035114, "eps": 3.79, "epsdiluted": 3.77, "weightedAverageShsOut": 769588000, "weightedAverageShsOutDil": 774650000, "link": "https://www.sec.gov/Archives/edgar/data/4977/000000497719000049/0000004977-19-000049-index.htm", "finalLink": "https://www.sec.gov/Archives/edgar/data/4977/000000497719000049/afl12311810k.htm", "calculatedOtherExpenses": 17553000000, "calculatedOperatingExpenses": 17553000000, "calculatedNetInterest": -222000000, "calculatedOtherIncome": 0, "calculatedIncomeNonControlling": 0, "calculatedEbitda": 4205000000}, {"date": "2017-12-31", "symbol": "AFL", "reportedCurrency": "USD", "cik": "0000004977", "fillingDate": "2018-02-23", "acceptedDate": "2018-02-22 21:55:11", "calendarYear": "2017", "period": "FY", "revenue": 21667000000, "costOfRevenue": 0, "grossProfit": 21667000000, "grossProfitRatio": 1, "researchAndDevelopmentExpenses": 0, "generalAndAdministrativeExpenses": 0, "sellingAndMarketingExpenses": 0, "sellingGeneralAndAdministrativeExpenses": 0, "otherExpenses": -17409000000, "operatingExpenses": -17409000000, "costAndExpenses": 17582000000, "interestIncome": 0, "interestExpense": 240000000, "depreciationAndAmortization": 0, "ebitda": 4258000000, "ebitdaratio": 0.1965200535, "operatingIncome": 4258000000, "operatingIncomeRatio": 0.1965200535, "totalOtherIncomeExpensesNet": -240000000, "incomeBeforeTax": 4018000000, "incomeBeforeTaxRatio": 0.1854433009, "incomeTaxExpense": -586000000, "netIncome": 4371000000, "netIncomeRatio": 0.2017353579, "eps": 5.52, "epsdiluted": 5.48, "weightedAverageShsOut": 792042000, "weightedAverageShsOutDil": 797860000, "link": "https://www.sec.gov/Archives/edgar/data/4977/000000497718000054/0000004977-18-000054-index.htm", "finalLink": "https://www.sec.gov/Archives/edgar/data/4977/000000497718000054/afl12311710k.htm", "calculatedOtherExpenses": 17409000000, "calculatedOperatingExpenses": 17409000000, "calculatedNetInterest": -240000000, "calculatedOtherIncome": 0, "calculatedIncomeNonControlling": 233000000, "calculatedEbitda": 4258000000}, {"date": "2016-12-31", "symbol": "AFL", "reportedCurrency": "USD", "cik": "0000004977", "fillingDate": "2017-02-24", "acceptedDate": "2017-02-24 13:23:26", "calendarYear": "2016", "period": "FY", "revenue": 22559000000, "costOfRevenue": 0, "grossProfit": 22559000000, "grossProfitRatio": 1, "researchAndDevelopmentExpenses": 0, "generalAndAdministrativeExpenses": 0, "sellingAndMarketingExpenses": 0, "sellingGeneralAndAdministrativeExpenses": 0, "otherExpenses": -18224000000, "operatingExpenses": -18224000000, "costAndExpenses": 18313000000, "interestIncome": 0, "interestExpense": 268000000, "depreciationAndAmortization": 0, "ebitda": 4335000000, "ebitdaratio": 0.1921627732, "operatingIncome": 4335000000, "operatingIncomeRatio": 0.1921627732, "totalOtherIncomeExpensesNet": -268000000, "incomeBeforeTax": 4067000000, "incomeBeforeTaxRatio": 0.180282814, "incomeTaxExpense": 1408000000, "netIncome": 2659000000, "netIncomeRatio": 0.1178686999, "eps": 3.23, "epsdiluted": 3.21, "weightedAverageShsOut": 822942000, "weightedAverageShsOutDil": 827842000, "link": "https://www.sec.gov/Archives/edgar/data/4977/000000497717000064/0000004977-17-000064-index.htm", "finalLink": "https://www.sec.gov/Archives/edgar/data/4977/000000497717000064/afl12311610k.htm", "calculatedOtherExpenses": 18224000000, "calculatedOperatingExpenses": 18224000000, "calculatedNetInterest": -268000000, "calculatedOtherIncome": 0, "calculatedIncomeNonControlling": 0, "calculatedEbitda": 4335000000}, {"date": "2015-12-31", "symbol": "AFL", "reportedCurrency": "USD", "cik": "0000004977", "fillingDate": "2016-02-25", "acceptedDate": "2016-02-25 17:29:29", "calendarYear": "2015", "period": "FY", "revenue": 20872000000, "costOfRevenue": 0, "grossProfit": 20872000000, "grossProfitRatio": 1, "researchAndDevelopmentExpenses": 0, "generalAndAdministrativeExpenses": 0, "sellingAndMarketingExpenses": 0, "sellingGeneralAndAdministrativeExpenses": 0, "otherExpenses": -16721000000, "operatingExpenses": -16721000000, "costAndExpenses": 16983000000, "interestIncome": 0, "interestExpense": 289000000, "depreciationAndAmortization": 0, "ebitda": 4151000000, "ebitdaratio": 0.1988788808, "operatingIncome": 4151000000, "operatingIncomeRatio": 0.1988788808, "totalOtherIncomeExpensesNet": -289000000, "incomeBeforeTax": 3862000000, "incomeBeforeTaxRatio": 0.1850325795, "incomeTaxExpense": 1329000000, "netIncome": 2533000000, "netIncomeRatio": 0.1213587581, "eps": 2.94, "epsdiluted": 2.93, "weightedAverageShsOut": 861308000, "weightedAverageShsOutDil": 866344000, "link": "https://www.sec.gov/Archives/edgar/data/4977/000000497716000259/0000004977-16-000259-index.htm", "finalLink": "https://www.sec.gov/Archives/edgar/data/4977/000000497716000259/afl12311510k.htm", "calculatedOtherExpenses": 16721000000, "calculatedOperatingExpenses": 16721000000, "calculatedNetInterest": -289000000, "calculatedOtherIncome": 0, "calculatedIncomeNonControlling": 0, "calculatedEbitda": 4151000000}, {"date": "2014-12-31", "symbol": "AFL", "reportedCurrency": "USD", "cik": "0000004977", "fillingDate": "2015-02-26", "acceptedDate": "2015-02-26 17:22:44", "calendarYear": "2014", "period": "FY", "revenue": 22728000000, "costOfRevenue": 0, "grossProfit": 22728000000, "grossProfitRatio": 1, "researchAndDevelopmentExpenses": 0, "generalAndAdministrativeExpenses": 0, "sellingAndMarketingExpenses": 0, "sellingGeneralAndAdministrativeExpenses": 0, "otherExpenses": -17920000000, "operatingExpenses": -17920000000, "costAndExpenses": 18115000000, "interestIncome": 0, "interestExpense": 317000000, "depreciationAndAmortization": 0, "ebitda": 4808000000, "ebitdaratio": 0.2115452306, "operatingIncome": 4808000000, "operatingIncomeRatio": 0.2115452306, "totalOtherIncomeExpensesNet": -317000000, "incomeBeforeTax": 4491000000, "incomeBeforeTaxRatio": 0.1975976769, "incomeTaxExpense": 1540000000, "netIncome": 2951000000, "netIncomeRatio": 0.1298398451, "eps": 3.27, "epsdiluted": 3.25, "weightedAverageShsOut": 902408000, "weightedAverageShsOutDil": 908000000, "link": "https://www.sec.gov/Archives/edgar/data/4977/000000497715000071/0000004977-15-000071-index.htm", "finalLink": "https://www.sec.gov/Archives/edgar/data/4977/000000497715000071/afl12311410k.htm", "calculatedOtherExpenses": 17920000000, "calculatedOperatingExpenses": 17920000000, "calculatedNetInterest": -317000000, "calculatedOtherIncome": 0, "calculatedIncomeNonControlling": 0, "calculatedEbitda": 4808000000}, {"date": "2013-12-31", "symbol": "AFL", "reportedCurrency": "USD", "cik": "0000004977", "fillingDate": "2014-02-27", "acceptedDate": "2014-02-27 17:18:49", "calendarYear": "2013", "period": "FY", "revenue": 23939000000, "costOfRevenue": 0, "grossProfit": 23939000000, "grossProfitRatio": 1, "researchAndDevelopmentExpenses": 0, "generalAndAdministrativeExpenses": 0, "sellingAndMarketingExpenses": 0, "sellingGeneralAndAdministrativeExpenses": 0, "otherExpenses": -18830000000, "operatingExpenses": -18830000000, "costAndExpenses": 19011000000, "interestIncome": 0, "interestExpense": 293000000, "depreciationAndAmortization": 0, "ebitda": 5109000000, "ebitdaratio": 0.213417436, "operatingIncome": 5109000000, "operatingIncomeRatio": 0.213417436, "totalOtherIncomeExpensesNet": -293000000, "incomeBeforeTax": 4816000000, "incomeBeforeTaxRatio": 0.2011779941, "incomeTaxExpense": 1658000000, "netIncome": 3158000000, "netIncomeRatio": 0.1319186265, "eps": 3.4, "epsdiluted": 3.38, "weightedAverageShsOut": 929004000, "weightedAverageShsOutDil": 934816000, "link": "https://www.sec.gov/Archives/edgar/data/4977/000000497714000052/0000004977-14-000052-index.htm", "finalLink": "https://www.sec.gov/Archives/edgar/data/4977/000000497714000052/afl12311310k.htm", "calculatedOtherExpenses": 18830000000, "calculatedOperatingExpenses": 18830000000, "calculatedNetInterest": -293000000, "calculatedOtherIncome": 0, "calculatedIncomeNonControlling": 0, "calculatedEbitda": 5109000000}, {"date": "2012-12-31", "symbol": "AFL", "reportedCurrency": "USD", "cik": "0000004977", "fillingDate": "2013-02-27", "acceptedDate": "2013-02-26 17:57:39", "calendarYear": "2012", "period": "FY", "revenue": 25364000000, "costOfRevenue": 0, "grossProfit": 25364000000, "grossProfitRatio": 1, "researchAndDevelopmentExpenses": 0, "generalAndAdministrativeExpenses": 0, "sellingAndMarketingExpenses": 0, "sellingGeneralAndAdministrativeExpenses": 0, "otherExpenses": -20801000000, "operatingExpenses": -20801000000, "costAndExpenses": 20970000000, "interestIncome": 0, "interestExpense": 261000000, "depreciationAndAmortization": 0, "ebitda": 4563000000, "ebitdaratio": 0.1799006466, "operatingIncome": 4563000000, "operatingIncomeRatio": 0.1799006466, "totalOtherIncomeExpensesNet": -261000000, "incomeBeforeTax": 4302000000, "incomeBeforeTaxRatio": 0.1696104715, "incomeTaxExpense": 1436000000, "netIncome": 2866000000, "netIncomeRatio": 0.1129947958, "eps": 3.07, "epsdiluted": 3.06, "weightedAverageShsOut": 933736000, "weightedAverageShsOutDil": 938574000, "link": "https://www.sec.gov/Archives/edgar/data/4977/000000497713000030/0000004977-13-000030-index.htm", "finalLink": "https://www.sec.gov/Archives/edgar/data/4977/000000497713000030/afl12311210k.htm", "calculatedOtherExpenses": 20801000000, "calculatedOperatingExpenses": 20801000000, "calculatedNetInterest": -261000000, "calculatedOtherIncome": 0, "calculatedIncomeNonControlling": 0, "calculatedEbitda": 4563000000}, {"date": "2011-12-31", "symbol": "AFL", "reportedCurrency": "USD", "cik": "0000004977", "fillingDate": "2012-02-27", "acceptedDate": "2012-02-27 17:15:21", "calendarYear": "2011", "period": "FY", "revenue": 22171000000, "costOfRevenue": 0, "grossProfit": 22171000000, "grossProfitRatio": 1, "researchAndDevelopmentExpenses": 0, "generalAndAdministrativeExpenses": 2225000000, "sellingAndMarketingExpenses": 1725000000, "sellingGeneralAndAdministrativeExpenses": 3950000000, "otherExpenses": -22933000000, "operatingExpenses": -18983000000, "costAndExpenses": 19179000000, "interestIncome": 0, "interestExpense": 196000000, "depreciationAndAmortization": 0, "ebitda": 3188000000, "ebitdaratio": 0.1437914393, "operatingIncome": 3188000000, "operatingIncomeRatio": 0.1437914393, "totalOtherIncomeExpensesNet": 81000000, "incomeBeforeTax": 2992000000, "incomeBeforeTaxRatio": 0.1349510622, "incomeTaxExpense": 1028000000, "netIncome": 1964000000, "netIncomeRatio": 0.0885841865, "eps": 2.08, "epsdiluted": 2.06, "weightedAverageShsOut": 933038000, "weightedAverageShsOutDil": 938740000, "link": "https://www.sec.gov/Archives/edgar/data/4977/000119312512081967/0001193125-12-081967-index.htm", "finalLink": "https://www.sec.gov/Archives/edgar/data/4977/000119312512081967/d270225d10k.htm", "calculatedOtherExpenses": 15033000000, "calculatedOperatingExpenses": 18983000000, "calculatedNetInterest": -196000000, "calculatedOtherIncome": 0, "calculatedIncomeNonControlling": 0, "calculatedEbitda": 3188000000}, {"date": "2010-12-31", "symbol": "AFL", "reportedCurrency": "USD", "cik": "0000004977", "fillingDate": "2011-02-25", "acceptedDate": "2011-02-25 17:16:27", "calendarYear": "2010", "period": "FY", "revenue": 20732000000, "costOfRevenue": 0, "grossProfit": 20732000000, "grossProfitRatio": 1, "researchAndDevelopmentExpenses": 0, "generalAndAdministrativeExpenses": 2062000000, "sellingAndMarketingExpenses": 1637000000, "sellingGeneralAndAdministrativeExpenses": 3699000000, "otherExpenses": -20697000000, "operatingExpenses": -16998000000, "costAndExpenses": 17147000000, "interestIncome": 0, "interestExpense": 149000000, "depreciationAndAmortization": 0, "ebitda": 3734000000, "ebitdaratio": 0.1801080455, "operatingIncome": 3734000000, "operatingIncomeRatio": 0.1801080455, "totalOtherIncomeExpensesNet": 74000000, "incomeBeforeTax": 3585000000, "incomeBeforeTaxRatio": 0.1729210882, "incomeTaxExpense": 1241000000, "netIncome": 2344000000, "netIncomeRatio": 0.1130619332, "eps": 2.48, "epsdiluted": 2.46, "weightedAverageShsOut": 938076000, "weightedAverageShsOutDil": 946170000, "link": "https://www.sec.gov/Archives/edgar/data/4977/000119312511047639/0001193125-11-047639-index.htm", "finalLink": "https://www.sec.gov/Archives/edgar/data/4977/000119312511047639/d10k.htm", "calculatedOtherExpenses": 13299000000, "calculatedOperatingExpenses": 16998000000, "calculatedNetInterest": -149000000, "calculatedOtherIncome": 0, "calculatedIncomeNonControlling": 0, "calculatedEbitda": 3734000000}, {"date": "2009-12-31", "symbol": "AFL", "reportedCurrency": "USD", "cik": "0000004977", "fillingDate": "2010-02-26", "acceptedDate": "2010-02-26 17:24:33", "calendarYear": "2009", "period": "FY", "revenue": 18254000000, "costOfRevenue": 65000000, "grossProfit": 18189000000, "grossProfitRatio": 0.9964391366, "researchAndDevelopmentExpenses": 0, "generalAndAdministrativeExpenses": 0, "sellingAndMarketingExpenses": 1568000000, "sellingGeneralAndAdministrativeExpenses": 1568000000, "otherExpenses": 138000000, "operatingExpenses": 138000000, "costAndExpenses": 16019000000, "interestIncome": 0, "interestExpense": 72000000, "depreciationAndAmortization": 0, "ebitda": 2307000000, "ebitdaratio": 0.1263832585, "operatingIncome": 2307000000, "operatingIncomeRatio": 0.1263832585, "totalOtherIncomeExpensesNet": 80000000, "incomeBeforeTax": 2235000000, "incomeBeforeTaxRatio": 0.1224389175, "incomeTaxExpense": 738000000, "netIncome": 1497000000, "netIncomeRatio": 0.0820094226, "eps": 1.61, "epsdiluted": 1.6, "weightedAverageShsOut": 933104000, "weightedAverageShsOutDil": 938126000, "link": "https://www.sec.gov/Archives/edgar/data/4977/000119312510043173/0001193125-10-043173-index.htm", "finalLink": "https://www.sec.gov/Archives/edgar/data/4977/000119312510043173/d10k.htm", "calculatedOtherExpenses": 14314000000, "calculatedOperatingExpenses": 15882000000, "calculatedNetInterest": -72000000, "calculatedOtherIncome": 0, "calculatedIncomeNonControlling": 0, "calculatedEbitda": 2307000000}, {"date": "2008-12-31", "symbol": "AFL", "reportedCurrency": "USD", "cik": "0000004977", "fillingDate": "2009-02-20", "acceptedDate": "2009-02-20 06:26:14", "calendarYear": "2008", "period": "FY", "revenue": 16554000000, "costOfRevenue": 61000000, "grossProfit": 16493000000, "grossProfitRatio": 0.99631509, "researchAndDevelopmentExpenses": 0, "generalAndAdministrativeExpenses": 0, "sellingAndMarketingExpenses": 1460000000, "sellingGeneralAndAdministrativeExpenses": 1460000000, "otherExpenses": 87000000, "operatingExpenses": 87000000, "costAndExpenses": 14640000000, "interestIncome": 0, "interestExpense": 29000000, "depreciationAndAmortization": 74000000, "ebitda": 2017000000, "ebitdaratio": 0.1218436632, "operatingIncome": 1943000000, "operatingIncomeRatio": 0.1173734445, "totalOtherIncomeExpensesNet": 36000000, "incomeBeforeTax": 1914000000, "incomeBeforeTaxRatio": 0.115621602, "incomeTaxExpense": 660000000, "netIncome": 1254000000, "netIncomeRatio": 0.0757520841, "eps": 1.33, "epsdiluted": 1.31, "weightedAverageShsOut": 946810000, "weightedAverageShsOutDil": 957630000, "link": "https://www.sec.gov/Archives/edgar/data/4977/000095014409001463/0000950144-09-001463-index.htm", "finalLink": "https://www.sec.gov/Archives/edgar/data/4977/000095014409001463/g17619e10vk.htm", "calculatedOtherExpenses": 13090000000, "calculatedOperatingExpenses": 14550000000, "calculatedNetInterest": -29000000, "calculatedOtherIncome": 0, "calculatedIncomeNonControlling": 0, "calculatedEbitda": 2017000000}, {"date": "2007-12-31", "symbol": "AFL", "reportedCurrency": "USD", "cik": "0000004977", "fillingDate": "2008-02-29", "acceptedDate": "2008-02-28 17:44:03", "calendarYear": "2007", "period": "FY", "revenue": 15393000000, "costOfRevenue": 0, "grossProfit": 15393000000, "grossProfitRatio": 1, "researchAndDevelopmentExpenses": 0, "generalAndAdministrativeExpenses": 1491000000, "sellingAndMarketingExpenses": 1331000000, "sellingGeneralAndAdministrativeExpenses": 2822000000, "otherExpenses": -15689000000, "operatingExpenses": -12867000000, "costAndExpenses": 12894000000, "interestIncome": 0, "interestExpense": 27000000, "depreciationAndAmortization": 0, "ebitda": 2526000000, "ebitdaratio": 0.1641005652, "operatingIncome": 2526000000, "operatingIncomeRatio": 0.1641005652, "totalOtherIncomeExpensesNet": 59000000, "incomeBeforeTax": 2499000000, "incomeBeforeTaxRatio": 0.1623465211, "incomeTaxExpense": 865000000, "netIncome": 1634000000, "netIncomeRatio": 0.1061521471, "eps": 1.68, "epsdiluted": 1.66, "weightedAverageShsOut": 975738000, "weightedAverageShsOutDil": 987942000, "link": "https://www.sec.gov/Archives/edgar/data/4977/000095014408001495/0000950144-08-001495-index.htm", "finalLink": "https://www.sec.gov/Archives/edgar/data/4977/000095014408001495/g11443e10vk.htm", "calculatedOtherExpenses": 10045000000, "calculatedOperatingExpenses": 12867000000, "calculatedNetInterest": -27000000, "calculatedOtherIncome": 0, "calculatedIncomeNonControlling": 0, "calculatedEbitda": 2526000000}, {"date": "2006-12-31", "symbol": "AFL", "reportedCurrency": "USD", "cik": "0000004977", "fillingDate": "2007-02-28", "acceptedDate": "2007-02-28 17:09:18", "calendarYear": "2006", "period": "FY", "revenue": 14616000000, "costOfRevenue": 0, "grossProfit": 14616000000, "grossProfitRatio": 1, "researchAndDevelopmentExpenses": 0, "generalAndAdministrativeExpenses": 1337000000, "sellingAndMarketingExpenses": 1303000000, "sellingGeneralAndAdministrativeExpenses": 2640000000, "otherExpenses": -14973000000, "operatingExpenses": -12333000000, "costAndExpenses": 12352000000, "interestIncome": 0, "interestExpense": 19000000, "depreciationAndAmortization": 0, "ebitda": 2283000000, "ebitdaratio": 0.1561986864, "operatingIncome": 2283000000, "operatingIncomeRatio": 0.1561986864, "totalOtherIncomeExpensesNet": 52000000, "incomeBeforeTax": 2264000000, "incomeBeforeTaxRatio": 0.1548987411, "incomeTaxExpense": 781000000, "netIncome": 1483000000, "netIncomeRatio": 0.1014641489, "eps": 1.5, "epsdiluted": 1.48, "weightedAverageShsOut": 991228000, "weightedAverageShsOutDil": 1003654000, "link": "https://www.sec.gov/Archives/edgar/data/4977/000110465907015014/0001104659-07-015014-index.htm", "finalLink": "https://www.sec.gov/Archives/edgar/data/4977/000110465907015014/a07-4920_110k.htm", "calculatedOtherExpenses": 9693000000, "calculatedOperatingExpenses": 12333000000, "calculatedNetInterest": -19000000, "calculatedOtherIncome": 0, "calculatedIncomeNonControlling": 0, "calculatedEbitda": 2283000000}, {"date": "2005-12-31", "symbol": "AFL", "reportedCurrency": "USD", "cik": "0000004977", "fillingDate": "2006-02-28", "acceptedDate": "2006-02-28 17:05:38", "calendarYear": "2005", "period": "FY", "revenue": 14363000000, "costOfRevenue": 99000000, "grossProfit": 14264000000, "grossProfitRatio": 0.9931072896, "researchAndDevelopmentExpenses": 0, "generalAndAdministrativeExpenses": 1281000000, "sellingAndMarketingExpenses": 1302000000, "sellingGeneralAndAdministrativeExpenses": 2583000000, "otherExpenses": 3247000000, "operatingExpenses": 3247000000, "costAndExpenses": 12137000000, "interestIncome": 0, "interestExpense": 23000000, "depreciationAndAmortization": 0, "ebitda": 2249000000, "ebitdaratio": 0.1565828866, "operatingIncome": 2249000000, "operatingIncomeRatio": 0.1565828866, "totalOtherIncomeExpensesNet": 40000000, "incomeBeforeTax": 2226000000, "incomeBeforeTaxRatio": 0.1549815498, "incomeTaxExpense": 743000000, "netIncome": 1483000000, "netIncomeRatio": 0.1032514099, "eps": 1.48, "epsdiluted": 1.46, "weightedAverageShsOut": 1001878000, "weightedAverageShsOutDil": 1015408000, "link": "https://www.sec.gov/Archives/edgar/data/4977/000000497706000036/0000004977-06-000036-index.htm", "finalLink": "https://www.sec.gov/Archives/edgar/data/4977/000000497706000036/afl10k05.htm", "calculatedOtherExpenses": 9432000000, "calculatedOperatingExpenses": 12015000000, "calculatedNetInterest": -23000000, "calculatedOtherIncome": 0, "calculatedIncomeNonControlling": 0, "calculatedEbitda": 2249000000}, {"date": "2004-12-31", "symbol": "AFL", "reportedCurrency": "USD", "cik": "0000004977", "fillingDate": "2005-03-10", "acceptedDate": "2005-03-10 15:21:29", "calendarYear": "2004", "period": "FY", "revenue": 13281000000, "costOfRevenue": 100000000, "grossProfit": 13181000000, "grossProfitRatio": 0.9924704465, "researchAndDevelopmentExpenses": 0, "generalAndAdministrativeExpenses": 1098000000, "sellingAndMarketingExpenses": 1252000000, "sellingGeneralAndAdministrativeExpenses": 2350000000, "otherExpenses": 2992000000, "operatingExpenses": 2992000000, "costAndExpenses": 11474000000, "interestIncome": 0, "interestExpense": 23000000, "depreciationAndAmortization": 0, "ebitda": 1830000000, "ebitdaratio": 0.137790829, "operatingIncome": 1830000000, "operatingIncomeRatio": 0.137790829, "totalOtherIncomeExpensesNet": 34000000, "incomeBeforeTax": 1807000000, "incomeBeforeTaxRatio": 0.1360590317, "incomeTaxExpense": 508000000, "netIncome": 1299000000, "netIncomeRatio": 0.0978088999, "eps": 1.25, "epsdiluted": 1.23, "weightedAverageShsOut": 1014666000, "weightedAverageShsOutDil": 1032842000, "link": "https://www.sec.gov/Archives/edgar/data/4977/000000497705000049/0000004977-05-000049-index.htm", "finalLink": "https://www.sec.gov/Archives/edgar/data/4977/000000497705000049/afl10k04.htm", "calculatedOtherExpenses": 9001000000, "calculatedOperatingExpenses": 11351000000, "calculatedNetInterest": -23000000, "calculatedOtherIncome": 0, "calculatedIncomeNonControlling": 0, "calculatedEbitda": 1830000000}, {"date": "2003-12-31", "symbol": "AFL", "reportedCurrency": "USD", "cik": "0000004977", "fillingDate": "2004-03-11", "acceptedDate": "2004-03-11 15:10:03", "calendarYear": "2003", "period": "FY", "revenue": 11447000000, "costOfRevenue": 48000000, "grossProfit": 11399000000, "grossProfitRatio": 0.9958067616, "researchAndDevelopmentExpenses": 0, "generalAndAdministrativeExpenses": 982000000, "sellingAndMarketingExpenses": 1146000000, "sellingGeneralAndAdministrativeExpenses": 2128000000, "otherExpenses": 67000000, "operatingExpenses": 67000000, "costAndExpenses": 10222000000, "interestIncome": 0, "interestExpense": 22000000, "depreciationAndAmortization": 0, "ebitda": 1247000000, "ebitdaratio": 0.1089368393, "operatingIncome": 1247000000, "operatingIncomeRatio": 0.1089368393, "totalOtherIncomeExpensesNet": 40000000, "incomeBeforeTax": 1225000000, "incomeBeforeTaxRatio": 0.1070149384, "incomeTaxExpense": 430000000, "netIncome": 795000000, "netIncomeRatio": 0.0694505111, "eps": 0.75, "epsdiluted": 0.74, "weightedAverageShsOut": 1026440000, "weightedAverageShsOutDil": 1044276000, "link": "https://www.sec.gov/Archives/edgar/data/4977/000000497704000030/0000004977-04-000030-index.htm", "finalLink": "https://www.sec.gov/Archives/edgar/data/4977/000000497704000030/afl10k03.htm", "calculatedOtherExpenses": 8024000000, "calculatedOperatingExpenses": 10152000000, "calculatedNetInterest": -22000000, "calculatedOtherIncome": 0, "calculatedIncomeNonControlling": 0, "calculatedEbitda": 1247000000}, {"date": "2002-12-31", "symbol": "AFL", "reportedCurrency": "USD", "cik": "0000004977", "fillingDate": "2003-03-27", "acceptedDate": "2003-03-27 16:54:05", "calendarYear": "2002", "period": "FY", "revenue": 10257000000, "costOfRevenue": 56000000, "grossProfit": 10201000000, "grossProfitRatio": 0.9945403139, "researchAndDevelopmentExpenses": 0, "generalAndAdministrativeExpenses": 842000000, "sellingAndMarketingExpenses": 1037000000, "sellingGeneralAndAdministrativeExpenses": 1879000000, "otherExpenses": 72000000, "operatingExpenses": 72000000, "costAndExpenses": 8998000000, "interestIncome": 0, "interestExpense": 20000000, "depreciationAndAmortization": 0, "ebitda": 1279000000, "ebitdaratio": 0.12469533, "operatingIncome": 1279000000, "operatingIncomeRatio": 0.12469533, "totalOtherIncomeExpensesNet": 62000000, "incomeBeforeTax": 1259000000, "incomeBeforeTaxRatio": 0.1227454421, "incomeTaxExpense": 438000000, "netIncome": 821000000, "netIncomeRatio": 0.0800428975, "eps": 0.8, "epsdiluted": 0.78, "weightedAverageShsOut": 1035082000, "weightedAverageShsOutDil": 1056652000, "link": "https://www.sec.gov/Archives/edgar/data/4977/000000497703000098/0000004977-03-000098-index.htm", "finalLink": "https://www.sec.gov/Archives/edgar/data/4977/000000497703000098/k02.htm", "calculatedOtherExpenses": 7043000000, "calculatedOperatingExpenses": 8922000000, "calculatedNetInterest": -20000000, "calculatedOtherIncome": 0, "calculatedIncomeNonControlling": 0, "calculatedEbitda": 1279000000}, {"date": "2001-12-31", "symbol": "AFL", "reportedCurrency": "USD", "cik": "0000004977", "fillingDate": "2002-03-27", "acceptedDate": "2002-03-27 00:00:00", "calendarYear": "2001", "period": "FY", "revenue": 9598000000, "costOfRevenue": 47000000, "grossProfit": 9551000000, "grossProfitRatio": 0.9951031465, "researchAndDevelopmentExpenses": 0, "generalAndAdministrativeExpenses": 0, "sellingAndMarketingExpenses": 0, "sellingGeneralAndAdministrativeExpenses": 0, "otherExpenses": 63000000, "operatingExpenses": 63000000, "costAndExpenses": 8517000000, "interestIncome": 0, "interestExpense": 19000000, "depreciationAndAmortization": 0, "ebitda": 1100000000, "ebitdaratio": 0.1146072098, "operatingIncome": 1100000000, "operatingIncomeRatio": 0.1146072098, "totalOtherIncomeExpensesNet": 18000000, "incomeBeforeTax": 1081000000, "incomeBeforeTaxRatio": 0.1126276308, "incomeTaxExpense": 394000000, "netIncome": 687000000, "netIncomeRatio": 0.071577412, "eps": 0.66, "epsdiluted": 0.64, "weightedAverageShsOut": 1050196000, "weightedAverageShsOutDil": 1074766000, "link": "https://www.sec.gov/Archives/edgar/data/4977/000000497702000065/0000004977-02-000065-index.htm", "finalLink": "https://www.sec.gov/Archives/edgar/data/4977/000000497702000065/k01edg.htm", "calculatedOtherExpenses": 8451000000, "calculatedOperatingExpenses": 8451000000, "calculatedNetInterest": -19000000, "calculatedOtherIncome": 0, "calculatedIncomeNonControlling": 0, "calculatedEbitda": 1100000000}, {"date": "2000-12-31", "symbol": "AFL", "reportedCurrency": "USD", "cik": "0000004977", "fillingDate": "2001-03-28", "acceptedDate": "2001-03-28 00:00:00", "calendarYear": "2000", "period": "FY", "revenue": 9720000000, "costOfRevenue": 0, "grossProfit": 9720000000, "grossProfitRatio": 1, "researchAndDevelopmentExpenses": 0, "generalAndAdministrativeExpenses": 0, "sellingAndMarketingExpenses": 0, "sellingGeneralAndAdministrativeExpenses": 0, "otherExpenses": -8689000000, "operatingExpenses": -8689000000, "costAndExpenses": 8708000000, "interestIncome": 0, "interestExpense": 19000000, "depreciationAndAmortization": 0, "ebitda": 1031000000, "ebitdaratio": 0.1060699588, "operatingIncome": 1031000000, "operatingIncomeRatio": 0.1060699588, "totalOtherIncomeExpensesNet": 33000000, "incomeBeforeTax": 1012000000, "incomeBeforeTaxRatio": 0.1041152263, "incomeTaxExpense": 325000000, "netIncome": 687000000, "netIncomeRatio": 0.0706790123, "eps": 0.65, "epsdiluted": 0.63, "weightedAverageShsOut": 1061214000, "weightedAverageShsOutDil": 1089812000, "link": "https://www.sec.gov/Archives/edgar/data/4977/000000497701500045/0000004977-01-500045-index.htm", "finalLink": "https://www.sec.gov/Archives/edgar/data/4977/000000497701500045/k00edg.txt", "calculatedOtherExpenses": 8689000000, "calculatedOperatingExpenses": 8689000000, "calculatedNetInterest": -19000000, "calculatedOtherIncome": 0, "calculatedIncomeNonControlling": 0, "calculatedEbitda": 1031000000}, {"date": "1999-12-31", "symbol": "AFL", "reportedCurrency": "USD", "cik": "0000004977", "fillingDate": "2000-03-27", "acceptedDate": "2000-03-27 00:00:00", "calendarYear": "1999", "period": "FY", "revenue": 8640000000, "costOfRevenue": 0, "grossProfit": 8640000000, "grossProfitRatio": 1, "researchAndDevelopmentExpenses": 0, "generalAndAdministrativeExpenses": 0, "sellingAndMarketingExpenses": 0, "sellingGeneralAndAdministrativeExpenses": 0, "otherExpenses": -7844000000, "operatingExpenses": -7844000000, "costAndExpenses": 7862000000, "interestIncome": 0, "interestExpense": 18000000, "depreciationAndAmortization": 0, "ebitda": 796000000, "ebitdaratio": 0.0921296296, "operatingIncome": 796000000, "operatingIncomeRatio": 0.0921296296, "totalOtherIncomeExpensesNet": 20000000, "incomeBeforeTax": 778000000, "incomeBeforeTaxRatio": 0.0900462963, "incomeTaxExpense": 207000000, "netIncome": 571000000, "netIncomeRatio": 0.066087963, "eps": 0.54, "epsdiluted": 0.52, "weightedAverageShsOut": 1063474000, "weightedAverageShsOutDil": 1101690000, "link": "https://www.sec.gov/Archives/edgar/data/4977/000000497700000011/0000004977-00-000011-index.htm", "finalLink": "https://www.sec.gov/Archives/edgar/data/4977/000000497700000011/", "calculatedOtherExpenses": 7844000000, "calculatedOperatingExpenses": 7844000000, "calculatedNetInterest": -18000000, "calculatedOtherIncome": 0, "calculatedIncomeNonControlling": 0, "calculatedEbitda": 796000000}, {"date": "1998-12-31", "symbol": "AFL", "reportedCurrency": "USD", "cik": "0000004977", "fillingDate": "1999-03-26", "acceptedDate": "1999-03-26 00:00:00", "calendarYear": "1998", "period": "FY", "revenue": 7104000000, "costOfRevenue": 0, "grossProfit": 7104000000, "grossProfitRatio": 1, "researchAndDevelopmentExpenses": 0, "generalAndAdministrativeExpenses": 0, "sellingAndMarketingExpenses": 0, "sellingGeneralAndAdministrativeExpenses": 0, "otherExpenses": -6540000000, "operatingExpenses": -6540000000, "costAndExpenses": 6553000000, "interestIncome": 0, "interestExpense": 13000000, "depreciationAndAmortization": 43000000, "ebitda": 607000000, "ebitdaratio": 0.0854448198, "operatingIncome": 564000000, "operatingIncomeRatio": 0.0793918919, "totalOtherIncomeExpensesNet": 25000000, "incomeBeforeTax": 551000000, "incomeBeforeTaxRatio": 0.0775619369, "incomeTaxExpense": 64000000, "netIncome": 487000000, "netIncomeRatio": 0.0685529279, "eps": 0.46, "epsdiluted": 0.44, "weightedAverageShsOut": 1065220000, "weightedAverageShsOutDil": 1103488000, "link": "https://www.sec.gov/Archives/edgar/data/4977/000000497799000010/0000004977-99-000010-index.htm", "finalLink": "https://www.sec.gov/Archives/edgar/data/4977/000000497799000010/", "calculatedOtherExpenses": 6540000000, "calculatedOperatingExpenses": 6540000000, "calculatedNetInterest": -13000000, "calculatedOtherIncome": 0, "calculatedIncomeNonControlling": 0, "calculatedEbitda": 607000000}, {"date": "1997-12-31", "symbol": "AFL", "reportedCurrency": "USD", "cik": "0000004977", "fillingDate": "1998-03-26", "acceptedDate": "1998-03-26 00:00:00", "calendarYear": "1997", "period": "FY", "revenue": 7250702000, "costOfRevenue": 0, "grossProfit": 7250702000, "grossProfitRatio": 1, "researchAndDevelopmentExpenses": 0, "generalAndAdministrativeExpenses": 0, "sellingAndMarketingExpenses": 0, "sellingGeneralAndAdministrativeExpenses": 0, "otherExpenses": -6372173000, "operatingExpenses": -6372173000, "costAndExpenses": 6385882000, "interestIncome": 0, "interestExpense": 13709000, "depreciationAndAmortization": 0, "ebitda": 878529000, "ebitdaratio": 0.1211646817, "operatingIncome": 878529000, "operatingIncomeRatio": 0.1211646817, "totalOtherIncomeExpensesNet": 304766000, "incomeBeforeTax": 864820000, "incomeBeforeTaxRatio": 0.1192739682, "incomeTaxExpense": 279797000, "netIncome": 585023000, "netIncomeRatio": 0.0806850151, "eps": 0.54, "epsdiluted": 0.52, "weightedAverageShsOut": 1083333333, "weightedAverageShsOutDil": 1125000000, "link": "https://www.sec.gov/Archives/edgar/data/4977/000000497798000006/0000004977-98-000006-index.htm", "finalLink": "https://www.sec.gov/Archives/edgar/data/4977/000000497798000006/", "calculatedOtherExpenses": 6372173000, "calculatedOperatingExpenses": 6372173000, "calculatedNetInterest": -13709000, "calculatedOtherIncome": 0, "calculatedIncomeNonControlling": 0, "calculatedEbitda": 878529000}, {"date": "1996-12-31", "symbol": "AFL", "reportedCurrency": "USD", "cik": "0000004977", "fillingDate": "1997-03-26", "acceptedDate": "1997-03-26 00:00:00", "calendarYear": "1996", "period": "FY", "revenue": 7100203000, "costOfRevenue": 0, "grossProfit": 7100203000, "grossProfitRatio": 1, "researchAndDevelopmentExpenses": 0, "generalAndAdministrativeExpenses": 0, "sellingAndMarketingExpenses": 0, "sellingGeneralAndAdministrativeExpenses": 0, "otherExpenses": -6434016000, "operatingExpenses": -6434016000, "costAndExpenses": 6450202000, "interestIncome": 0, "interestExpense": 16186000, "depreciationAndAmortization": 0, "ebitda": 666187000, "ebitdaratio": 0.0938264723, "operatingIncome": 666187000, "operatingIncomeRatio": 0.0938264723, "totalOtherIncomeExpensesNet": 166232000, "incomeBeforeTax": 650001000, "incomeBeforeTaxRatio": 0.0915468192, "incomeTaxExpense": 255638000, "netIncome": 394363000, "netIncomeRatio": 0.0555424965, "eps": 0.36, "epsdiluted": 0.34, "weightedAverageShsOut": 1109859155, "weightedAverageShsOutDil": 1158823529, "link": "https://www.sec.gov/Archives/edgar/data/4977/000000497797000009/0000004977-97-000009-index.htm", "finalLink": "https://www.sec.gov/Archives/edgar/data/4977/000000497797000009/", "calculatedOtherExpenses": 6434016000, "calculatedOperatingExpenses": 6434016000, "calculatedNetInterest": -16186000, "calculatedOtherIncome": 0, "calculatedIncomeNonControlling": 0, "calculatedEbitda": 666187000}, {"date": "1995-12-31", "symbol": "AFL", "reportedCurrency": "USD", "cik": "0000004977", "fillingDate": "1996-03-26", "acceptedDate": "1996-03-26 00:00:00", "calendarYear": "1995", "period": "FY", "revenue": 7190620000, "costOfRevenue": 0, "grossProfit": 7190620000, "grossProfitRatio": 1, "researchAndDevelopmentExpenses": 0, "generalAndAdministrativeExpenses": 0, "sellingAndMarketingExpenses": 0, "sellingGeneralAndAdministrativeExpenses": 0, "otherExpenses": -6574014000, "operatingExpenses": -6574014000, "costAndExpenses": 6589625000, "interestIncome": 0, "interestExpense": 15611000, "depreciationAndAmortization": 0, "ebitda": 616606000, "ebitdaratio": 0.0857514373, "operatingIncome": 616606000, "operatingIncomeRatio": 0.0857514373, "totalOtherIncomeExpensesNet": 95100000, "incomeBeforeTax": 600995000, "incomeBeforeTaxRatio": 0.0835804145, "incomeTaxExpense": 251938000, "netIncome": 349057000, "netIncomeRatio": 0.0485433801, "eps": 0.3, "epsdiluted": 0.3, "weightedAverageShsOut": 1163666667, "weightedAverageShsOutDil": 1183389831, "link": "https://www.sec.gov/Archives/edgar/data/4977/000000497796000006/0000004977-96-000006-index.htm", "finalLink": "https://www.sec.gov/Archives/edgar/data/4977/000000497796000006/", "calculatedOtherExpenses": 6574014000, "calculatedOperatingExpenses": 6574014000, "calculatedNetInterest": -15611000, "calculatedOtherIncome": 0, "calculatedIncomeNonControlling": 0, "calculatedEbitda": 616606000}, {"date": "1994-12-31", "symbol": "AFL", "reportedCurrency": "USD", "cik": "0000004977", "fillingDate": "1995-03-28", "acceptedDate": "1995-03-28 00:00:00", "calendarYear": "1994", "period": "FY", "revenue": 6110758000, "costOfRevenue": 0, "grossProfit": 6110758000, "grossProfitRatio": 1, "researchAndDevelopmentExpenses": 0, "generalAndAdministrativeExpenses": 0, "sellingAndMarketingExpenses": 0, "sellingGeneralAndAdministrativeExpenses": 0, "otherExpenses": -5592926000, "operatingExpenses": -5592926000, "costAndExpenses": 5606422000, "interestIncome": 0, "interestExpense": 13496000, "depreciationAndAmortization": 0, "ebitda": 517832000, "ebitdaratio": 0.0847410419, "operatingIncome": 517832000, "operatingIncomeRatio": 0.0847410419, "totalOtherIncomeExpensesNet": 91259000, "incomeBeforeTax": 504336000, "incomeBeforeTaxRatio": 0.082532478, "incomeTaxExpense": 211546000, "netIncome": 292790000, "netIncomeRatio": 0.0479138595, "eps": 0.24, "epsdiluted": 0.24, "weightedAverageShsOut": 1237212000, "weightedAverageShsOutDil": 1241536000, "link": "https://www.sec.gov/Archives/edgar/data/4977/000000497795000006/0000004977-95-000006-index.htm", "finalLink": "https://www.sec.gov/Archives/edgar/data/4977/000000497795000006/", "calculatedOtherExpenses": 5592926000, "calculatedOperatingExpenses": 5592926000, "calculatedNetInterest": -13496000, "calculatedOtherIncome": 0, "calculatedIncomeNonControlling": 0, "calculatedEbitda": 517832000}, {"date": "1993-12-31", "symbol": "AFL", "reportedCurrency": "USD", "cik": "0000004977", "fillingDate": "1994-03-30", "acceptedDate": "1994-03-30 00:00:00", "calendarYear": "1993", "period": "FY", "revenue": 5001000000, "costOfRevenue": 0, "grossProfit": 5001000000, "grossProfitRatio": 1, "researchAndDevelopmentExpenses": 0, "generalAndAdministrativeExpenses": 0, "sellingAndMarketingExpenses": 0, "sellingGeneralAndAdministrativeExpenses": 0, "otherExpenses": -4559000000, "operatingExpenses": -4559000000, "costAndExpenses": 564000000, "interestIncome": 0, "interestExpense": 2000000, "depreciationAndAmortization": 0, "ebitda": 442000000, "ebitdaratio": 0.0883823235, "operatingIncome": 442000000, "operatingIncomeRatio": 0.0883823235, "totalOtherIncomeExpensesNet": 776000000, "incomeBeforeTax": 1218000000, "incomeBeforeTaxRatio": 0.2435512897, "incomeTaxExpense": 185000000, "netIncome": 255000000, "netIncomeRatio": 0.050989802, "eps": 0.21, "epsdiluted": 0.21, "weightedAverageShsOut": 1261782000, "weightedAverageShsOutDil": 1261782000, "link": "https://www.sec.gov/Archives/edgar/data/4977/000000497794000006/0000004977-94-000006-index.htm", "finalLink": "https://www.sec.gov/Archives/edgar/data/4977/000000497794000006/", "calculatedOtherExpenses": 4559000000, "calculatedOperatingExpenses": 4559000000, "calculatedNetInterest": -2000000, "calculatedOtherIncome": 778000000, "calculatedIncomeNonControlling": 778000000, "calculatedEbitda": 442000000}, {"date": "1992-12-31", "symbol": "AFL", "reportedCurrency": "USD", "cik": "0000004977", "fillingDate": "1992-12-31", "acceptedDate": "1992-12-31 00:00:00", "calendarYear": "1992", "period": "FY", "revenue": 3986500000, "costOfRevenue": 0, "grossProfit": 3986500000, "grossProfitRatio": 1, "researchAndDevelopmentExpenses": 0, "generalAndAdministrativeExpenses": 0, "sellingAndMarketingExpenses": 0, "sellingGeneralAndAdministrativeExpenses": 0, "otherExpenses": -3656000000, "operatingExpenses": -3656000000, "costAndExpenses": 457800000, "interestIncome": 0, "interestExpense": 5900000, "depreciationAndAmortization": 0, "ebitda": 330500000, "ebitdaratio": 0.0829048037, "operatingIncome": 330500000, "operatingIncomeRatio": 0.0829048037, "totalOtherIncomeExpensesNet": 617300000, "incomeBeforeTax": 947800000, "incomeBeforeTaxRatio": 0.2377524144, "incomeTaxExpense": 141200000, "netIncome": 183400000, "netIncomeRatio": 0.0460052678, "eps": 0.15, "epsdiluted": 0.15, "weightedAverageShsOut": 1222666667, "weightedAverageShsOutDil": 1222666667, "link": null, "finalLink": null, "calculatedOtherExpenses": 3656000000, "calculatedOperatingExpenses": 3656000000, "calculatedNetInterest": -5900000, "calculatedOtherIncome": 623200000, "calculatedIncomeNonControlling": 623200000, "calculatedEbitda": 330500000}, {"date": "1991-12-31", "symbol": "AFL", "reportedCurrency": "USD", "cik": "0000004977", "fillingDate": "1991-12-31", "acceptedDate": "1991-12-31 00:00:00", "calendarYear": "1991", "period": "FY", "revenue": 3282700000, "costOfRevenue": 0, "grossProfit": 3282700000, "grossProfitRatio": 1, "researchAndDevelopmentExpenses": 0, "generalAndAdministrativeExpenses": 0, "sellingAndMarketingExpenses": 0, "sellingGeneralAndAdministrativeExpenses": 0, "otherExpenses": -3003900000, "operatingExpenses": -3003900000, "costAndExpenses": 14100000, "interestIncome": 0, "interestExpense": 14100000, "depreciationAndAmortization": 0, "ebitda": 278800000, "ebitdaratio": 0.084930088, "operatingIncome": 278800000, "operatingIncomeRatio": 0.084930088, "totalOtherIncomeExpensesNet": 517400000, "incomeBeforeTax": 796200000, "incomeBeforeTaxRatio": 0.2425442471, "incomeTaxExpense": 116000000, "netIncome": 148700000, "netIncomeRatio": 0.0452980778, "eps": 0.13, "epsdiluted": 0.12, "weightedAverageShsOut": 1189600000, "weightedAverageShsOutDil": 1239166667, "link": null, "finalLink": null, "calculatedOtherExpenses": 3003900000, "calculatedOperatingExpenses": 3003900000, "calculatedNetInterest": -14100000, "calculatedOtherIncome": 531500000, "calculatedIncomeNonControlling": 531500000, "calculatedEbitda": 278800000}, {"date": "1990-12-31", "symbol": "AFL", "reportedCurrency": "USD", "cik": "0000004977", "fillingDate": "1990-12-31", "acceptedDate": "1990-12-31 00:00:00", "calendarYear": "1990", "period": "FY", "revenue": 2678400000, "costOfRevenue": 0, "grossProfit": 2678400000, "grossProfitRatio": 1, "researchAndDevelopmentExpenses": 0, "generalAndAdministrativeExpenses": 0, "sellingAndMarketingExpenses": 0, "sellingGeneralAndAdministrativeExpenses": 0, "otherExpenses": -2446800000, "operatingExpenses": -2446800000, "costAndExpenses": 15200000, "interestIncome": 0, "interestExpense": 15200000, "depreciationAndAmortization": 0, "ebitda": 231600000, "ebitdaratio": 0.0864695341, "operatingIncome": 231600000, "operatingIncomeRatio": 0.0864695341, "totalOtherIncomeExpensesNet": 419300000, "incomeBeforeTax": 650900000, "incomeBeforeTaxRatio": 0.2430182198, "incomeTaxExpense": 99200000, "netIncome": 117200000, "netIncomeRatio": 0.0437574671, "eps": 0.1, "epsdiluted": 0.095, "weightedAverageShsOut": 1172000000, "weightedAverageShsOutDil": 1233684211, "link": null, "finalLink": null, "calculatedOtherExpenses": 2446800000, "calculatedOperatingExpenses": 2446800000, "calculatedNetInterest": -15200000, "calculatedOtherIncome": 434500000, "calculatedIncomeNonControlling": 434500000, "calculatedEbitda": 231600000}, {"date": "1989-12-31", "symbol": "AFL", "reportedCurrency": "USD", "cik": "0000004977", "fillingDate": "1989-12-31", "acceptedDate": "1989-12-31 00:00:00", "calendarYear": "1989", "period": "FY", "revenue": 2438200000, "costOfRevenue": 0, "grossProfit": 2438200000, "grossProfitRatio": 1, "researchAndDevelopmentExpenses": 0, "generalAndAdministrativeExpenses": 0, "sellingAndMarketingExpenses": 0, "sellingGeneralAndAdministrativeExpenses": 0, "otherExpenses": -2240900000, "operatingExpenses": -2240900000, "costAndExpenses": 19300000, "interestIncome": 0, "interestExpense": 19300000, "depreciationAndAmortization": 0, "ebitda": 197300000, "ebitdaratio": 0.0809203511, "operatingIncome": 197300000, "operatingIncomeRatio": 0.0809203511, "totalOtherIncomeExpensesNet": 405000000, "incomeBeforeTax": 602300000, "incomeBeforeTaxRatio": 0.247026495, "incomeTaxExpense": 97200000, "netIncome": 80800000, "netIncomeRatio": 0.033139201, "eps": 0.07, "epsdiluted": 0.07, "weightedAverageShsOut": 1154285714, "weightedAverageShsOutDil": 1154285714, "link": null, "finalLink": null, "calculatedOtherExpenses": 2240900000, "calculatedOperatingExpenses": 2240900000, "calculatedNetInterest": -19300000, "calculatedOtherIncome": 424300000, "calculatedIncomeNonControlling": 424300000, "calculatedEbitda": 197300000}, {"date": "1988-12-31", "symbol": "AFL", "reportedCurrency": "USD", "cik": "0000004977", "fillingDate": "1988-12-31", "acceptedDate": "1988-12-31 00:00:00", "calendarYear": "1988", "period": "FY", "revenue": 2324600000, "costOfRevenue": 0, "grossProfit": 2324600000, "grossProfitRatio": 1, "researchAndDevelopmentExpenses": 0, "generalAndAdministrativeExpenses": 0, "sellingAndMarketingExpenses": 0, "sellingGeneralAndAdministrativeExpenses": 0, "otherExpenses": -2114900000, "operatingExpenses": -2114900000, "costAndExpenses": 10600000, "interestIncome": 0, "interestExpense": 10600000, "depreciationAndAmortization": 0, "ebitda": 209700000, "ebitdaratio": 0.0902090682, "operatingIncome": 209700000, "operatingIncomeRatio": 0.0902090682, "totalOtherIncomeExpensesNet": 0, "incomeBeforeTax": 0, "incomeBeforeTaxRatio": 0, "incomeTaxExpense": 90200000, "netIncome": 108900000, "netIncomeRatio": 0.0468467693, "eps": 0.09, "epsdiluted": 0.09, "weightedAverageShsOut": 1210000000, "weightedAverageShsOutDil": 1210000000, "link": null, "finalLink": null, "calculatedOtherExpenses": 2114900000, "calculatedOperatingExpenses": 2114900000, "calculatedNetInterest": -10600000, "calculatedOtherIncome": -199100000, "calculatedIncomeNonControlling": -199100000, "calculatedEbitda": 209700000}, {"date": "1987-12-31", "symbol": "AFL", "reportedCurrency": "USD", "cik": "0000004977", "fillingDate": "1987-12-31", "acceptedDate": "1987-12-31 00:00:00", "calendarYear": "1987", "period": "FY", "revenue": 1876100000, "costOfRevenue": 0, "grossProfit": 1876100000, "grossProfitRatio": 1, "researchAndDevelopmentExpenses": 0, "generalAndAdministrativeExpenses": 0, "sellingAndMarketingExpenses": 0, "sellingGeneralAndAdministrativeExpenses": 0, "otherExpenses": -1707600000, "operatingExpenses": -1707600000, "costAndExpenses": 5300000, "interestIncome": 0, "interestExpense": 5300000, "depreciationAndAmortization": 0, "ebitda": 168500000, "ebitdaratio": 0.0898139758, "operatingIncome": 168500000, "operatingIncomeRatio": 0.0898139758, "totalOtherIncomeExpensesNet": 0, "incomeBeforeTax": 0, "incomeBeforeTaxRatio": 0, "incomeTaxExpense": 69900000, "netIncome": 93300000, "netIncomeRatio": 0.0497308246, "eps": 0.08, "epsdiluted": 0.08, "weightedAverageShsOut": 1166250000, "weightedAverageShsOutDil": 1166250000, "link": null, "finalLink": null, "calculatedOtherExpenses": 1707600000, "calculatedOperatingExpenses": 1707600000, "calculatedNetInterest": -5300000, "calculatedOtherIncome": -163200000, "calculatedIncomeNonControlling": -163200000, "calculatedEbitda": 168500000}, {"date": "1986-12-31", "symbol": "AFL", "reportedCurrency": "USD", "cik": "0000004977", "fillingDate": "1986-12-31", "acceptedDate": "1986-12-31 00:00:00", "calendarYear": "1986", "period": "FY", "revenue": 1401500000, "costOfRevenue": 0, "grossProfit": 1401500000, "grossProfitRatio": 1, "researchAndDevelopmentExpenses": 0, "generalAndAdministrativeExpenses": 0, "sellingAndMarketingExpenses": 0, "sellingGeneralAndAdministrativeExpenses": 0, "otherExpenses": -1265000000, "operatingExpenses": -1265000000, "costAndExpenses": 5500000, "interestIncome": 0, "interestExpense": 5500000, "depreciationAndAmortization": 0, "ebitda": 136500000, "ebitdaratio": 0.0973956475, "operatingIncome": 136500000, "operatingIncomeRatio": 0.0973956475, "totalOtherIncomeExpensesNet": 0, "incomeBeforeTax": 0, "incomeBeforeTaxRatio": 0, "incomeTaxExpense": 52800000, "netIncome": 78200000, "netIncomeRatio": 0.05579736, "eps": 0.065, "epsdiluted": 0.065, "weightedAverageShsOut": 1203076923, "weightedAverageShsOutDil": 1203076923, "link": null, "finalLink": null, "calculatedOtherExpenses": 1265000000, "calculatedOperatingExpenses": 1265000000, "calculatedNetInterest": -5500000, "calculatedOtherIncome": -131000000, "calculatedIncomeNonControlling": -131000000, "calculatedEbitda": 136500000}, {"date": "1985-12-31", "symbol": "AFL", "reportedCurrency": "USD", "cik": "0000004977", "fillingDate": "1985-12-31", "acceptedDate": "1985-12-31 00:00:00", "calendarYear": "1985", "period": "FY", "revenue": 954800000, "costOfRevenue": 0, "grossProfit": 954800000, "grossProfitRatio": 1, "researchAndDevelopmentExpenses": 0, "generalAndAdministrativeExpenses": 0, "sellingAndMarketingExpenses": 0, "sellingGeneralAndAdministrativeExpenses": 0, "otherExpenses": -856100000, "operatingExpenses": -856100000, "costAndExpenses": 4200000, "interestIncome": 0, "interestExpense": 4200000, "depreciationAndAmortization": 0, "ebitda": 98700000, "ebitdaratio": 0.103372434, "operatingIncome": 98700000, "operatingIncomeRatio": 0.103372434, "totalOtherIncomeExpensesNet": 0, "incomeBeforeTax": 0, "incomeBeforeTaxRatio": 0, "incomeTaxExpense": 40300000, "netIncome": 54200000, "netIncomeRatio": 0.0567658148, "eps": 0.045, "epsdiluted": 0.045, "weightedAverageShsOut": 1204444444, "weightedAverageShsOutDil": 1204444444, "link": null, "finalLink": null, "calculatedOtherExpenses": 856100000, "calculatedOperatingExpenses": 856100000, "calculatedNetInterest": -4200000, "calculatedOtherIncome": -94500000, "calculatedIncomeNonControlling": -94500000, "calculatedEbitda": 98700000}]}