{"originalCurrency": "USD", "convertedCurrency": "USD", "report": [{"date": "2023-12-31", "symbol": "AG", "reportedCurrency": "USD", "cik": "0001308648", "fillingDate": "2023-12-31", "acceptedDate": "2023-12-29 19:00:00", "calendarYear": "2023", "period": "FY", "revenue": 584323830, "costOfRevenue": 568222875, "grossProfit": 16100955, "grossProfitRatio": 0.0275548492, "researchAndDevelopmentExpenses": 0, "generalAndAdministrativeExpenses": 50380000, "sellingAndMarketingExpenses": 23416977, "sellingGeneralAndAdministrativeExpenses": 73796977, "otherExpenses": 0, "operatingExpenses": 73796977, "costAndExpenses": 642019852, "interestIncome": 6510000, "interestExpense": 15249000, "depreciationAndAmortization": 136961478, "ebitda": 79265461, "ebitdaratio": 0.1356533089, "operatingIncome": -57696018, "operatingIncomeRatio": -0.0987397998, "totalOtherIncomeExpensesNet": -141811830, "incomeBeforeTax": -199507848, "incomeBeforeTaxRatio": -0.3414337012, "incomeTaxExpense": -61918054, "netIncome": -137589793, "netIncomeRatio": -0.2354683926, "eps": -0.49, "epsdiluted": -0.49, "weightedAverageShsOut": 282331106, "weightedAverageShsOutDil": 282331106, "link": null, "finalLink": null, "calculatedOtherExpenses": -4, "calculatedOperatingExpenses": 73796973, "calculatedNetInterest": -8739000, "calculatedOtherIncome": -133072830, "calculatedIncomeNonControlling": -1, "calculatedEbitda": 79265460}, {"date": "2022-12-31", "symbol": "AG", "reportedCurrency": "USD", "cik": "0001308648", "fillingDate": "2022-12-31", "acceptedDate": "2022-12-31 00:00:00", "calendarYear": "2022", "period": "FY", "revenue": 626850000, "costOfRevenue": 610098000, "grossProfit": 16752000, "grossProfitRatio": 0.0267240967, "researchAndDevelopmentExpenses": 0, "generalAndAdministrativeExpenses": 48701000, "sellingAndMarketingExpenses": 0, "sellingGeneralAndAdministrativeExpenses": 48701000, "otherExpenses": 19661000, "operatingExpenses": 68362000, "costAndExpenses": 678460000, "interestIncome": 2353000, "interestExpense": 12941000, "depreciationAndAmortization": 137411000, "ebitda": 86874000, "ebitdaratio": 0.138588179, "operatingIncome": -50537000, "operatingIncomeRatio": -0.0806205631, "totalOtherIncomeExpensesNet": -10867000, "incomeBeforeTax": -61404000, "incomeBeforeTaxRatio": -0.0979564489, "incomeTaxExpense": 52872000, "netIncome": -114276000, "netIncomeRatio": -0.1823019861, "eps": -0.43, "epsdiluted": -0.43, "weightedAverageShsOut": 263122252, "weightedAverageShsOutDil": 263122252, "link": null, "finalLink": null, "calculatedOtherExpenses": 18588000, "calculatedOperatingExpenses": 67289000, "calculatedNetInterest": -10588000, "calculatedOtherIncome": -279000, "calculatedIncomeNonControlling": 0, "calculatedEbitda": 86874000}, {"date": "2021-12-31", "symbol": "AG", "reportedCurrency": "USD", "cik": "0001308648", "fillingDate": "2021-12-31", "acceptedDate": "2021-12-31 00:00:00", "calendarYear": "2021", "period": "FY", "revenue": 587225000, "costOfRevenue": 485806000, "grossProfit": 101419000, "grossProfitRatio": 0.1727089276, "researchAndDevelopmentExpenses": 0, "generalAndAdministrativeExpenses": 37683000, "sellingAndMarketingExpenses": 0, "sellingGeneralAndAdministrativeExpenses": 37683000, "otherExpenses": 16954000, "operatingExpenses": 54637000, "costAndExpenses": 540443000, "interestIncome": 1075000, "interestExpense": 12554000, "depreciationAndAmortization": 116358000, "ebitda": 165560000, "ebitdaratio": 0.2819362255, "operatingIncome": 49202000, "operatingIncomeRatio": 0.0837873047, "totalOtherIncomeExpensesNet": -23952000, "incomeBeforeTax": 25250000, "incomeBeforeTaxRatio": 0.0429988505, "incomeTaxExpense": 30173000, "netIncome": -4923000, "netIncomeRatio": -0.0083834987, "eps": -0.0201, "epsdiluted": -0.0201, "weightedAverageShsOut": 244749772, "weightedAverageShsOutDil": 244749772, "link": null, "finalLink": null, "calculatedOtherExpenses": 14534000, "calculatedOperatingExpenses": 52217000, "calculatedNetInterest": -11479000, "calculatedOtherIncome": -12473000, "calculatedIncomeNonControlling": 0, "calculatedEbitda": 165560000}, {"date": "2020-12-31", "symbol": "AG", "reportedCurrency": "USD", "cik": "0001308648", "fillingDate": "2020-12-31", "acceptedDate": "2020-12-31 00:00:00", "calendarYear": "2020", "period": "FY", "revenue": 366676000, "costOfRevenue": 261622000, "grossProfit": 105054000, "grossProfitRatio": 0.2865036163, "researchAndDevelopmentExpenses": 0, "generalAndAdministrativeExpenses": 31232000, "sellingAndMarketingExpenses": 0, "sellingGeneralAndAdministrativeExpenses": 31232000, "otherExpenses": 25823000, "operatingExpenses": 57055000, "costAndExpenses": 318677000, "interestIncome": 1075000, "interestExpense": 12072000, "depreciationAndAmortization": 64661000, "ebitda": 105018000, "ebitdaratio": 0.286405437, "operatingIncome": 40357000, "operatingIncomeRatio": 0.1100617439, "totalOtherIncomeExpensesNet": -10628000, "incomeBeforeTax": 29729000, "incomeBeforeTaxRatio": 0.0810770271, "incomeTaxExpense": 6642000, "netIncome": 23087000, "netIncomeRatio": 0.0629629428, "eps": 0.11, "epsdiluted": 0.11, "weightedAverageShsOut": 213879622, "weightedAverageShsOutDil": 215878829, "link": null, "finalLink": null, "calculatedOtherExpenses": 33465000, "calculatedOperatingExpenses": 64697000, "calculatedNetInterest": -10997000, "calculatedOtherIncome": 369000, "calculatedIncomeNonControlling": 0, "calculatedEbitda": 105018000}, {"date": "2019-12-31", "symbol": "AG", "reportedCurrency": "USD", "cik": "0001308648", "fillingDate": "2019-12-31", "acceptedDate": "2019-12-31 00:00:00", "calendarYear": "2019", "period": "FY", "revenue": 368835000, "costOfRevenue": 300976000, "grossProfit": 67859000, "grossProfitRatio": 0.1839819974, "researchAndDevelopmentExpenses": 0, "generalAndAdministrativeExpenses": 33489000, "sellingAndMarketingExpenses": 0, "sellingGeneralAndAdministrativeExpenses": 33489000, "otherExpenses": 11625000, "operatingExpenses": 45114000, "costAndExpenses": 346090000, "interestIncome": 6344000, "interestExpense": 12027000, "depreciationAndAmortization": 67220000, "ebitda": 95599000, "ebitdaratio": 0.2591917795, "operatingIncome": 28379000, "operatingIncomeRatio": 0.0769422642, "totalOtherIncomeExpensesNet": -67403000, "incomeBeforeTax": -39024000, "incomeBeforeTaxRatio": -0.105803408, "incomeTaxExpense": 1450000, "netIncome": -40474000, "netIncomeRatio": -0.1097347052, "eps": -0.2, "epsdiluted": -0.2, "weightedAverageShsOut": 201615489, "weightedAverageShsOutDil": 201615489, "link": null, "finalLink": null, "calculatedOtherExpenses": 5991000, "calculatedOperatingExpenses": 39480000, "calculatedNetInterest": -5683000, "calculatedOtherIncome": -61720000, "calculatedIncomeNonControlling": 0, "calculatedEbitda": 95599000}, {"date": "2018-12-31", "symbol": "AG", "reportedCurrency": "USD", "cik": "0001308648", "fillingDate": "2018-12-31", "acceptedDate": "2018-12-31 00:00:00", "calendarYear": "2018", "period": "FY", "revenue": 308420000, "costOfRevenue": 322429000, "grossProfit": -14009000, "grossProfitRatio": -0.0454218274, "researchAndDevelopmentExpenses": 0, "generalAndAdministrativeExpenses": 27948000, "sellingAndMarketingExpenses": 0, "sellingGeneralAndAdministrativeExpenses": 27948000, "otherExpenses": 2350000, "operatingExpenses": 30298000, "costAndExpenses": 352727000, "interestIncome": 3691000, "interestExpense": 10913000, "depreciationAndAmortization": 94522000, "ebitda": 53278000, "ebitdaratio": 0.1727449582, "operatingIncome": -249267000, "operatingIncomeRatio": -0.808206342, "totalOtherIncomeExpensesNet": -210890000, "incomeBeforeTax": -263047000, "incomeBeforeTaxRatio": -0.8528856754, "incomeTaxExpense": -58883000, "netIncome": -204164000, "netIncomeRatio": -0.661967447, "eps": -1.11, "epsdiluted": -1.11, "weightedAverageShsOut": 183650405, "weightedAverageShsOutDil": 183650405, "link": null, "finalLink": null, "calculatedOtherExpenses": 207310000, "calculatedOperatingExpenses": 235258000, "calculatedNetInterest": -7222000, "calculatedOtherIncome": -6558000, "calculatedIncomeNonControlling": 0, "calculatedEbitda": -154745000}, {"date": "2017-12-31", "symbol": "AG", "reportedCurrency": "USD", "cik": "0001308648", "fillingDate": "2017-12-31", "acceptedDate": "2017-12-31 00:00:00", "calendarYear": "2017", "period": "FY", "revenue": 263706000, "costOfRevenue": 247728000, "grossProfit": 15978000, "grossProfitRatio": 0.0605902027, "researchAndDevelopmentExpenses": 0, "generalAndAdministrativeExpenses": 24756000, "sellingAndMarketingExpenses": 0, "sellingGeneralAndAdministrativeExpenses": 24756000, "otherExpenses": 1967000, "operatingExpenses": 25788000, "costAndExpenses": 273516000, "interestIncome": 1360000, "interestExpense": 3750000, "depreciationAndAmortization": 78077000, "ebitda": 69106000, "ebitdaratio": 0.2620569877, "operatingIncome": -70996000, "operatingIncomeRatio": -0.2692240601, "totalOtherIncomeExpensesNet": -62580000, "incomeBeforeTax": -75301000, "incomeBeforeTaxRatio": -0.2855490584, "incomeTaxExpense": -22029000, "netIncome": -53272000, "netIncomeRatio": -0.2020128476, "eps": -0.32, "epsdiluted": -0.32, "weightedAverageShsOut": 165293893, "weightedAverageShsOutDil": 165293893, "link": null, "finalLink": null, "calculatedOtherExpenses": 62218000, "calculatedOperatingExpenses": 86974000, "calculatedNetInterest": -2390000, "calculatedOtherIncome": -1915000, "calculatedIncomeNonControlling": 0, "calculatedEbitda": 7081000}, {"date": "2016-12-31", "symbol": "AG", "reportedCurrency": "USD", "cik": "0001308648", "fillingDate": "2016-12-31", "acceptedDate": "2016-12-31 00:00:00", "calendarYear": "2016", "period": "FY", "revenue": 300091000, "costOfRevenue": 250888000, "grossProfit": 49203000, "grossProfitRatio": 0.1639602654, "researchAndDevelopmentExpenses": 0, "generalAndAdministrativeExpenses": 21391000, "sellingAndMarketingExpenses": 0, "sellingGeneralAndAdministrativeExpenses": 21391000, "otherExpenses": 1589000, "operatingExpenses": 22980000, "costAndExpenses": 273868000, "interestIncome": 183000, "interestExpense": 3324000, "depreciationAndAmortization": 80352000, "ebitda": 106455000, "ebitdaratio": 0.3547423948, "operatingIncome": 28245000, "operatingIncomeRatio": 0.0941214498, "totalOtherIncomeExpensesNet": 2712000, "incomeBeforeTax": 25491000, "incomeBeforeTaxRatio": 0.0849442336, "incomeTaxExpense": 16890000, "netIncome": 8601000, "netIncomeRatio": 0.0286613061, "eps": 0.05, "epsdiluted": 0.05, "weightedAverageShsOut": 160874038, "weightedAverageShsOutDil": 164257563, "link": null, "finalLink": null, "calculatedOtherExpenses": -433000, "calculatedOperatingExpenses": 20958000, "calculatedNetInterest": -3141000, "calculatedOtherIncome": 387000, "calculatedIncomeNonControlling": 0, "calculatedEbitda": 108597000}, {"date": "2015-12-31", "symbol": "AG", "reportedCurrency": "USD", "cik": "0001308648", "fillingDate": "2015-12-31", "acceptedDate": "2015-12-31 00:00:00", "calendarYear": "2015", "period": "FY", "revenue": 247719000, "costOfRevenue": 238988000, "grossProfit": 8731000, "grossProfitRatio": 0.0352455807, "researchAndDevelopmentExpenses": 0, "generalAndAdministrativeExpenses": 21146000, "sellingAndMarketingExpenses": 0, "sellingGeneralAndAdministrativeExpenses": 21146000, "otherExpenses": 1619000, "operatingExpenses": 22765000, "costAndExpenses": 261753000, "interestIncome": 853000, "interestExpense": 4681000, "depreciationAndAmortization": 75822000, "ebitda": 63026000, "ebitdaratio": 0.2544253771, "operatingIncome": -120408000, "operatingIncomeRatio": -0.4860668742, "totalOtherIncomeExpensesNet": -108096000, "incomeBeforeTax": -126252000, "incomeBeforeTaxRatio": -0.5096581207, "incomeTaxExpense": -17828000, "netIncome": -108424000, "netIncomeRatio": -0.4376894788, "eps": -0.84, "epsdiluted": -0.84, "weightedAverageShsOut": 129117652, "weightedAverageShsOutDil": 129117653, "link": null, "finalLink": null, "calculatedOtherExpenses": 107993000, "calculatedOperatingExpenses": 129139000, "calculatedNetInterest": -3828000, "calculatedOtherIncome": -2016000, "calculatedIncomeNonControlling": 0, "calculatedEbitda": -44586000}, {"date": "2014-12-31", "symbol": "AG", "reportedCurrency": "USD", "cik": "0001308648", "fillingDate": "2014-12-31", "acceptedDate": "2014-12-31 00:00:00", "calendarYear": "2014", "period": "FY", "revenue": 272028000, "costOfRevenue": 241864000, "grossProfit": 30164000, "grossProfitRatio": 0.1108856441, "researchAndDevelopmentExpenses": 0, "generalAndAdministrativeExpenses": 26016000, "sellingAndMarketingExpenses": 0, "sellingGeneralAndAdministrativeExpenses": 26016000, "otherExpenses": 1498000, "operatingExpenses": 27514000, "costAndExpenses": 269378000, "interestIncome": 499000, "interestExpense": 6212000, "depreciationAndAmortization": 61163000, "ebitda": 63948000, "ebitdaratio": 0.2350787419, "operatingIncome": -92988000, "operatingIncomeRatio": -0.3418324584, "totalOtherIncomeExpensesNet": -77510000, "incomeBeforeTax": -80937000, "incomeBeforeTaxRatio": -0.2975318717, "incomeTaxExpense": -19489000, "netIncome": -61448000, "netIncomeRatio": -0.2258885115, "eps": -0.52, "epsdiluted": -0.52, "weightedAverageShsOut": 117444276, "weightedAverageShsOutDil": 117444276, "link": null, "finalLink": null, "calculatedOtherExpenses": 97136000, "calculatedOperatingExpenses": 123152000, "calculatedNetInterest": -5713000, "calculatedOtherIncome": 17764000, "calculatedIncomeNonControlling": 0, "calculatedEbitda": -31825000}, {"date": "2013-12-31", "symbol": "AG", "reportedCurrency": "USD", "cik": "0001308648", "fillingDate": "2013-12-31", "acceptedDate": "2013-12-31 00:00:00", "calendarYear": "2013", "period": "FY", "revenue": 277363000, "costOfRevenue": 185045000, "grossProfit": 92318000, "grossProfitRatio": 0.3328417994, "researchAndDevelopmentExpenses": 0, "generalAndAdministrativeExpenses": 38791000, "sellingAndMarketingExpenses": 0, "sellingGeneralAndAdministrativeExpenses": 38791000, "otherExpenses": 1121000, "operatingExpenses": 39912000, "costAndExpenses": 224957000, "interestIncome": 822000, "interestExpense": 2470000, "depreciationAndAmortization": 43919000, "ebitda": 97147000, "ebitdaratio": 0.3502521966, "operatingIncome": 22689000, "operatingIncomeRatio": 0.0818025476, "totalOtherIncomeExpensesNet": -24565000, "incomeBeforeTax": 26193000, "incomeBeforeTaxRatio": 0.0944358116, "incomeTaxExpense": 64425000, "netIncome": -38232000, "netIncomeRatio": -0.1378410242, "eps": -0.33, "epsdiluted": -0.33, "weightedAverageShsOut": 115854896, "weightedAverageShsOutDil": 116935325, "link": null, "finalLink": null, "calculatedOtherExpenses": 30838000, "calculatedOperatingExpenses": 69629000, "calculatedNetInterest": -1648000, "calculatedOtherIncome": 5152000, "calculatedIncomeNonControlling": 0, "calculatedEbitda": 66608000}, {"date": "2012-12-31", "symbol": "AG", "reportedCurrency": "USD", "cik": "0001308648", "fillingDate": "2012-12-31", "acceptedDate": "2012-12-31 00:00:00", "calendarYear": "2012", "period": "FY", "revenue": 264992000, "costOfRevenue": 122967000, "grossProfit": 142025000, "grossProfitRatio": 0.5359595761, "researchAndDevelopmentExpenses": 0, "generalAndAdministrativeExpenses": 31845000, "sellingAndMarketingExpenses": 0, "sellingGeneralAndAdministrativeExpenses": 31845000, "otherExpenses": 1047000, "operatingExpenses": 32892000, "costAndExpenses": 155859000, "interestIncome": 499000, "interestExpense": 2293000, "depreciationAndAmortization": 25980000, "ebitda": 135612000, "ebitdaratio": 0.5117588456, "operatingIncome": 106567000, "operatingIncomeRatio": 0.4021517631, "totalOtherIncomeExpensesNet": 3650000, "incomeBeforeTax": 110989000, "incomeBeforeTaxRatio": 0.4188390593, "incomeTaxExpense": 22091000, "netIncome": 88898000, "netIncomeRatio": 0.3354742785, "eps": 0.8, "epsdiluted": 0.79, "weightedAverageShsOut": 110775284, "weightedAverageShsOutDil": 112859088, "link": null, "finalLink": null, "calculatedOtherExpenses": 3613000, "calculatedOperatingExpenses": 35458000, "calculatedNetInterest": -1794000, "calculatedOtherIncome": 6216000, "calculatedIncomeNonControlling": 0, "calculatedEbitda": 132547000}, {"date": "2011-12-31", "symbol": "AG", "reportedCurrency": "USD", "cik": "0001308648", "fillingDate": "2011-12-31", "acceptedDate": "2011-12-31 00:00:00", "calendarYear": "2011", "period": "FY", "revenue": 245514000, "costOfRevenue": 66787000, "grossProfit": 178727000, "grossProfitRatio": 0.7279707064, "researchAndDevelopmentExpenses": 0, "generalAndAdministrativeExpenses": 21917000, "sellingAndMarketingExpenses": 0, "sellingGeneralAndAdministrativeExpenses": 21917000, "otherExpenses": 16358000, "operatingExpenses": 38275000, "costAndExpenses": 105062000, "interestIncome": 0, "interestExpense": 1263000, "depreciationAndAmortization": 15735000, "ebitda": 156187000, "ebitdaratio": 0.6361633145, "operatingIncome": 139830000, "operatingIncomeRatio": 0.5695398226, "totalOtherIncomeExpensesNet": -1652000, "incomeBeforeTax": 137537000, "incomeBeforeTaxRatio": 0.560200233, "incomeTaxExpense": 33963000, "netIncome": 103574000, "netIncomeRatio": 0.4218659628, "eps": 1, "epsdiluted": 0.96, "weightedAverageShsOut": 103276935, "weightedAverageShsOutDil": 107368050, "link": null, "finalLink": null, "calculatedOtherExpenses": 16980000, "calculatedOperatingExpenses": 38897000, "calculatedNetInterest": -1263000, "calculatedOtherIncome": -1030000, "calculatedIncomeNonControlling": 0, "calculatedEbitda": 155565000}, {"date": "2010-12-31", "symbol": "AG", "reportedCurrency": "USD", "cik": "0001308648", "fillingDate": "2010-12-31", "acceptedDate": "2010-12-31 00:00:00", "calendarYear": "2010", "period": "FY", "revenue": 120746041, "costOfRevenue": 59584411, "grossProfit": 61161630, "grossProfitRatio": 0.5065311402, "researchAndDevelopmentExpenses": 0, "generalAndAdministrativeExpenses": 15333446, "sellingAndMarketingExpenses": 0, "sellingGeneralAndAdministrativeExpenses": 15333446, "otherExpenses": 0, "operatingExpenses": 15333446, "costAndExpenses": 74917858, "interestIncome": 0, "interestExpense": 1863341, "depreciationAndAmortization": 9382280, "ebitda": 55210464, "ebitdaratio": 0.4572445074, "operatingIncome": 45828183, "operatingIncomeRatio": 0.3795419119, "totalOtherIncomeExpensesNet": 3039656, "incomeBeforeTax": 47004498, "incomeBeforeTaxRatio": 0.3892839686, "incomeTaxExpense": 10905329, "netIncome": 36099169, "netIncomeRatio": 0.298967723, "eps": 0.38, "epsdiluted": 0.36, "weightedAverageShsOut": 93587581, "weightedAverageShsOutDil": 98857498, "link": null, "finalLink": null, "calculatedOtherExpenses": 1, "calculatedOperatingExpenses": 15333447, "calculatedNetInterest": -1863341, "calculatedOtherIncome": 3039656, "calculatedIncomeNonControlling": 0, "calculatedEbitda": 55210463}, {"date": "2009-12-31", "symbol": "AG", "reportedCurrency": "USD", "cik": "0001308648", "fillingDate": "2009-12-31", "acceptedDate": "2009-12-31 00:00:00", "calendarYear": "2009", "period": "FY", "revenue": 56833797, "costOfRevenue": 38778174, "grossProfit": 18055622, "grossProfitRatio": 0.3176916395, "researchAndDevelopmentExpenses": 0, "generalAndAdministrativeExpenses": 0, "sellingAndMarketingExpenses": 0, "sellingGeneralAndAdministrativeExpenses": 7725228, "otherExpenses": 5627546, "operatingExpenses": 13352775, "costAndExpenses": 52130950, "interestIncome": 0, "interestExpense": 2007317, "depreciationAndAmortization": 5971515, "ebitda": 10249293, "ebitdaratio": 0.1803379996, "operatingIncome": 4277777, "operatingIncomeRatio": 0.0752682011, "totalOtherIncomeExpensesNet": 671028, "incomeBeforeTax": 2941488, "incomeBeforeTaxRatio": 0.0517559801, "incomeTaxExpense": -3084893.515424, "netIncome": 6026382, "netIncomeRatio": 0.1060351884, "eps": 0.0764, "epsdiluted": 0.0669, "weightedAverageShsOut": 83389253, "weightedAverageShsOutDil": 85913487, "link": null, "finalLink": null, "calculatedOtherExpenses": 6052617, "calculatedOperatingExpenses": 13777845, "calculatedNetInterest": -2007317, "calculatedOtherIncome": 671028, "calculatedIncomeNonControlling": -0.48457599990069866, "calculatedEbitda": 10249292}, {"date": "2008-12-31", "symbol": "AG", "reportedCurrency": "USD", "cik": "0001308648", "fillingDate": "2008-12-31", "acceptedDate": "2008-12-31 00:00:00", "calendarYear": "2008", "period": "FY", "revenue": 36421435, "costOfRevenue": 30257399, "grossProfit": 6164036, "grossProfitRatio": 0.1692419881, "researchAndDevelopmentExpenses": 0, "generalAndAdministrativeExpenses": 9226943, "sellingAndMarketingExpenses": 0, "sellingGeneralAndAdministrativeExpenses": 9226943, "otherExpenses": 0, "operatingExpenses": 9226943, "costAndExpenses": 39484342, "interestIncome": 0, "interestExpense": 1127993, "depreciationAndAmortization": 5097258, "ebitda": 2034350, "ebitdaratio": 0.0558558672, "operatingIncome": -3062907.148726, "operatingIncomeRatio": -0.0840962776, "totalOtherIncomeExpensesNet": -1613732.128184, "incomeBeforeTax": -5804632.703369, "incomeBeforeTaxRatio": -0.159374078, "incomeTaxExpense": -1577201.314708, "netIncome": -4227431.388661, "netIncomeRatio": -0.1160698729, "eps": -0.0592, "epsdiluted": -0.0592, "weightedAverageShsOut": 71395164, "weightedAverageShsOutDil": 71395164, "link": null, "finalLink": null, "calculatedOtherExpenses": 0.14872599998489022, "calculatedOperatingExpenses": 9226943.148726, "calculatedNetInterest": -1127993, "calculatedOtherIncome": -1613732.554643, "calculatedIncomeNonControlling": 0.0, "calculatedEbitda": 2034350.851274}, {"date": "2007-12-31", "symbol": "AG", "reportedCurrency": "USD", "cik": "0001308648", "fillingDate": "2007-12-31", "acceptedDate": "2007-12-31 00:00:00", "calendarYear": "2007", "period": "FY", "revenue": 43345370, "costOfRevenue": 27253660, "grossProfit": 16091709, "grossProfitRatio": 0.3712440233, "researchAndDevelopmentExpenses": 0, "generalAndAdministrativeExpenses": 11437536, "sellingAndMarketingExpenses": 0, "sellingGeneralAndAdministrativeExpenses": 11437536, "otherExpenses": 9015293, "operatingExpenses": 20452829, "costAndExpenses": 47706489, "interestIncome": 0, "interestExpense": 1181393, "depreciationAndAmortization": 8804802, "ebitda": 4443682, "ebitdaratio": 0.1025180478, "operatingIncome": -6081397.556296, "operatingIncomeRatio": -0.140300972, "totalOtherIncomeExpensesNet": -360218.115723, "incomeBeforeTax": -5902731.495506, "incomeBeforeTaxRatio": -0.136179054, "incomeTaxExpense": 1398209, "netIncome": -7300941.128951, "netIncomeRatio": -0.16843647, "eps": -0.13, "epsdiluted": -0.13, "weightedAverageShsOut": 56720099, "weightedAverageShsOutDil": 56720099, "link": null, "finalLink": null, "calculatedOtherExpenses": 10735570.556296, "calculatedOperatingExpenses": 22173106.556296, "calculatedNetInterest": -1181393, "calculatedOtherIncome": 1360059.0607900005, "calculatedIncomeNonControlling": 0.6334450002759695, "calculatedEbitda": 2723404.4437039997}, {"date": "2006-06-30", "symbol": "AG", "reportedCurrency": "USD", "cik": "0001308648", "fillingDate": "2006-06-30", "acceptedDate": "2006-06-30 00:00:00", "calendarYear": "2006", "period": "FY", "revenue": 3732985, "costOfRevenue": 3400254, "grossProfit": 332730, "grossProfitRatio": 0.0891324774, "researchAndDevelopmentExpenses": 0, "generalAndAdministrativeExpenses": 0, "sellingAndMarketingExpenses": 0, "sellingGeneralAndAdministrativeExpenses": 3990475, "otherExpenses": 1801742, "operatingExpenses": 5792218, "costAndExpenses": 9192473, "interestIncome": 0, "interestExpense": 257334, "depreciationAndAmortization": 1792779, "ebitda": -3218946.329205, "ebitdaratio": -0.8622981988, "operatingIncome": -5804964.997307, "operatingIncomeRatio": -1.5550463877, "totalOtherIncomeExpensesNet": -447762.520194, "incomeBeforeTax": -5780083.467959, "incomeBeforeTaxRatio": -1.5483810706, "incomeTaxExpense": -183899.658948, "netIncome": -5085160.653384, "netIncomeRatio": -1.3622236669, "eps": -0.15, "epsdiluted": -0.15, "weightedAverageShsOut": 35024657, "weightedAverageShsOutDil": 35024657, "link": null, "finalLink": null, "calculatedOtherExpenses": 2147219.9973069998, "calculatedOperatingExpenses": 6137694.997307, "calculatedNetInterest": -257334, "calculatedOtherIncome": 282215.52934799995, "calculatedIncomeNonControlling": -511023.15562700015, "calculatedEbitda": -4012185.9973069998}, {"date": "2005-06-30", "symbol": "AG", "reportedCurrency": "USD", "cik": "0001308648", "fillingDate": "2005-06-30", "acceptedDate": "2005-06-30 00:00:00", "calendarYear": "2005", "period": "FY", "revenue": 746098, "costOfRevenue": 1012642, "grossProfit": -266543.94958500005, "grossProfitRatio": -0.357250547, "researchAndDevelopmentExpenses": 0, "generalAndAdministrativeExpenses": 0, "sellingAndMarketingExpenses": 0, "sellingGeneralAndAdministrativeExpenses": 1849496, "otherExpenses": 251444, "operatingExpenses": 2100940, "costAndExpenses": 3113582, "interestIncome": 0, "interestExpense": 0, "depreciationAndAmortization": 243991, "ebitda": -1358570.332397, "ebitdaratio": -1.8209004376, "operatingIncome": -3199785.313133, "operatingIncomeRatio": -4.2886925602, "totalOtherIncomeExpensesNet": -764922.778032, "incomeBeforeTax": -3964708.0911649996, "incomeBeforeTaxRatio": -5.3139234136, "incomeTaxExpense": 1424301, "netIncome": -3026862.796317, "netIncomeRatio": -4.0569234136, "eps": -0.14, "epsdiluted": -0.14, "weightedAverageShsOut": 22261433, "weightedAverageShsOutDil": 22261433, "link": null, "finalLink": null, "calculatedOtherExpenses": 1083745.3635479999, "calculatedOperatingExpenses": 2933241.363548, "calculatedNetInterest": 0, "calculatedOtherIncome": -764922.7780319997, "calculatedIncomeNonControlling": -2362146.2948479997, "calculatedEbitda": -2955794.313133}, {"date": "2004-06-30", "symbol": "AG", "reportedCurrency": "USD", "cik": "0001308648", "fillingDate": "2004-06-30", "acceptedDate": "2004-06-30 00:00:00", "calendarYear": "2004", "period": "FY", "revenue": 0, "costOfRevenue": 0, "grossProfit": 0, "grossProfitRatio": 0, "researchAndDevelopmentExpenses": 0, "generalAndAdministrativeExpenses": 0, "sellingAndMarketingExpenses": 0, "sellingGeneralAndAdministrativeExpenses": 1222484, "otherExpenses": 866.3626280000899, "operatingExpenses": 1223350, "costAndExpenses": 1223350, "interestIncome": 0, "interestExpense": 0, "depreciationAndAmortization": 866.362627, "ebitda": -1177785.112065, "ebitdaratio": 0, "operatingIncome": -1223350.53557, "operatingIncomeRatio": 0, "totalOtherIncomeExpensesNet": -44699.060878, "incomeBeforeTax": -1268049.596448, "incomeBeforeTaxRatio": 0, "incomeTaxExpense": 65172, "netIncome": -1243823.697081, "netIncomeRatio": 0, "eps": -0.11, "epsdiluted": -0.11, "weightedAverageShsOut": 10832314, "weightedAverageShsOutDil": 10832314, "link": null, "finalLink": null, "calculatedOtherExpenses": 866.5355700000655, "calculatedOperatingExpenses": 1223350.53557, "calculatedNetInterest": 0, "calculatedOtherIncome": -44699.06087799999, "calculatedIncomeNonControlling": -89397.89936699998, "calculatedEbitda": -1222484.172943}, {"date": "2003-06-30", "symbol": "AG", "reportedCurrency": "USD", "cik": "0001308648", "fillingDate": "2003-06-30", "acceptedDate": "2003-06-30 00:00:00", "calendarYear": "2003", "period": "FY", "revenue": 0, "costOfRevenue": 0, "grossProfit": 0, "grossProfitRatio": 0, "researchAndDevelopmentExpenses": 0, "generalAndAdministrativeExpenses": 0, "sellingAndMarketingExpenses": 0, "sellingGeneralAndAdministrativeExpenses": 82246, "otherExpenses": 0, "operatingExpenses": 82246, "costAndExpenses": 82246, "interestIncome": 0, "interestExpense": 0, "depreciationAndAmortization": 596025, "ebitda": 223259, "ebitdaratio": 0, "operatingIncome": -372766.485026, "operatingIncomeRatio": 0, "totalOtherIncomeExpensesNet": -305506.392077, "incomeBeforeTax": -678272.8771030001, "incomeBeforeTaxRatio": 0, "incomeTaxExpense": 14986, "netIncome": -387753.344519, "netIncomeRatio": 0, "eps": -0.0671, "epsdiluted": -0.0671, "weightedAverageShsOut": 5781735, "weightedAverageShsOutDil": 5781735, "link": null, "finalLink": null, "calculatedOtherExpenses": 290520.485026, "calculatedOperatingExpenses": 372766.485026, "calculatedNetInterest": 0, "calculatedOtherIncome": -305506.39207700005, "calculatedIncomeNonControlling": -305505.5325840001, "calculatedEbitda": 223258.514974}, {"date": "2002-06-30", "symbol": "AG", "reportedCurrency": "USD", "cik": "0001308648", "fillingDate": "2002-06-30", "acceptedDate": "2002-06-30 00:00:00", "calendarYear": "2002", "period": "FY", "revenue": 16.485328, "costOfRevenue": 0, "grossProfit": 16.485328, "grossProfitRatio": 1, "researchAndDevelopmentExpenses": 0, "generalAndAdministrativeExpenses": 0, "sellingAndMarketingExpenses": 0, "sellingGeneralAndAdministrativeExpenses": 40673, "otherExpenses": 0, "operatingExpenses": 40673, "costAndExpenses": 40673, "interestIncome": 0, "interestExpense": 0, "depreciationAndAmortization": 20170, "ebitda": -20486.646884, "ebitdaratio": -1242.7200043578, "operatingIncome": -40656.77547, "operatingIncomeRatio": -2466.2400086914, "totalOtherIncomeExpensesNet": -20170.128586, "incomeBeforeTax": -60826.904056, "incomeBeforeTaxRatio": -3689.7600130249, "incomeTaxExpense": 20170, "netIncome": -60826.904055, "netIncomeRatio": -3689.7600129643, "eps": -0.0169, "epsdiluted": -0.0169, "weightedAverageShsOut": 3589270, "weightedAverageShsOutDil": 3589270, "link": null, "finalLink": null, "calculatedOtherExpenses": 0.26079800000297837, "calculatedOperatingExpenses": 40673.260798, "calculatedNetInterest": 0, "calculatedOtherIncome": -20170.128586, "calculatedIncomeNonControlling": -20170.000001, "calculatedEbitda": -20486.77547}, {"date": "2001-06-30", "symbol": "AG", "reportedCurrency": "USD", "cik": "0001308648", "fillingDate": "2001-06-30", "acceptedDate": "2001-06-30 00:00:00", "calendarYear": "2001", "period": "FY", "revenue": 1577.139082, "costOfRevenue": 0, "grossProfit": 1577.139082, "grossProfitRatio": 1, "researchAndDevelopmentExpenses": 0, "generalAndAdministrativeExpenses": 0, "sellingAndMarketingExpenses": 0, "sellingGeneralAndAdministrativeExpenses": 48234, "otherExpenses": 2237.8592659999995, "operatingExpenses": 50472, "costAndExpenses": 50472, "interestIncome": 0, "interestExpense": 0, "depreciationAndAmortization": 2237.859267, "ebitda": -9972.910472, "ebitdaratio": -6.3234185151, "operatingIncome": -94239.180707, "operatingIncomeRatio": -59.7532467381, "totalOtherIncomeExpensesNet": -36684.506112, "incomeBeforeTax": -130923.68681900001, "incomeBeforeTaxRatio": -83.013405928, "incomeTaxExpense": 73369, "netIncome": -85579.781962, "netIncomeRatio": -54.262672797, "eps": -0.0287, "epsdiluted": -0.0287, "weightedAverageShsOut": 2977818, "weightedAverageShsOutDil": 2977818, "link": null, "finalLink": null, "calculatedOtherExpenses": 47582.31978900001, "calculatedOperatingExpenses": 95816.319789, "calculatedNetInterest": 0, "calculatedOtherIncome": -36684.506112, "calculatedIncomeNonControlling": -118712.904857, "calculatedEbitda": -92001.32144}]}