{"originalCurrency": "USD", "convertedCurrency": "USD", "report": [{"date": "2023-12-31", "symbol": "AGCO", "reportedCurrency": "USD", "cik": "0000880266", "fillingDate": "2024-02-27", "acceptedDate": "2024-02-27 09:18:48", "calendarYear": "2023", "period": "FY", "revenue": 14412400000, "costOfRevenue": 10674800000, "grossProfit": 3737600000, "grossProfitRatio": 0.2593322417, "researchAndDevelopmentExpenses": 548800000, "generalAndAdministrativeExpenses": 0, "sellingAndMarketingExpenses": 0, "sellingGeneralAndAdministrativeExpenses": 1454500000, "otherExpenses": -362300000, "operatingExpenses": 2003300000, "costAndExpenses": 12678100000, "interestIncome": 64200000, "interestExpense": 68800000, "depreciationAndAmortization": 289900000, "ebitda": 2024200000, "ebitdaratio": 0.1404485027, "operatingIncome": 1734300000, "operatingIncomeRatio": 0.1203338792, "totalOtherIncomeExpensesNet": -400800000, "incomeBeforeTax": 1333500000, "incomeBeforeTaxRatio": 0.0925244928, "incomeTaxExpense": 230400000, "netIncome": 1171400000, "netIncomeRatio": 0.0812772335, "eps": 15.66, "epsdiluted": 15.64, "weightedAverageShsOut": 74800000, "weightedAverageShsOutDil": 74900000, "link": "https://www.sec.gov/Archives/edgar/data/880266/000088026624000013/0000880266-24-000013-index.htm", "finalLink": "https://www.sec.gov/Archives/edgar/data/880266/000088026624000013/agco-20231231.htm", "calculatedOtherExpenses": 0, "calculatedOperatingExpenses": 2003300000, "calculatedNetInterest": -4600000, "calculatedOtherIncome": -396200000, "calculatedIncomeNonControlling": -68300000, "calculatedEbitda": 2024200000}, {"date": "2022-12-31", "symbol": "AGCO", "reportedCurrency": "USD", "cik": "0000880266", "fillingDate": "2023-03-01", "acceptedDate": "2023-03-01 06:04:09", "calendarYear": "2022", "period": "FY", "revenue": 12651400000, "costOfRevenue": 9650100000, "grossProfit": 3001300000, "grossProfitRatio": 0.2372306622, "researchAndDevelopmentExpenses": 444200000, "generalAndAdministrativeExpenses": 0, "sellingAndMarketingExpenses": 0, "sellingGeneralAndAdministrativeExpenses": 1186200000, "otherExpenses": 60100000, "operatingExpenses": 1690500000, "costAndExpenses": 11340600000, "interestIncome": 33000000, "interestExpense": 13000000, "depreciationAndAmortization": 169800000, "ebitda": 1435200000, "ebitdaratio": 0.1134419906, "operatingIncome": 1265400000, "operatingIncomeRatio": 0.1000205511, "totalOtherIncomeExpensesNet": -158200000, "incomeBeforeTax": 1107200000, "incomeBeforeTaxRatio": 0.0875160061, "incomeTaxExpense": 296600000, "netIncome": 889600000, "netIncomeRatio": 0.0703163286, "eps": 11.92, "epsdiluted": 11.88, "weightedAverageShsOut": 74600000, "weightedAverageShsOutDil": 74900000, "link": "https://www.sec.gov/Archives/edgar/data/880266/000088026623000010/0000880266-23-000010-index.htm", "finalLink": "https://www.sec.gov/Archives/edgar/data/880266/000088026623000010/agco-20221231.htm", "calculatedOtherExpenses": 105500000, "calculatedOperatingExpenses": 1735900000, "calculatedNetInterest": 20000000, "calculatedOtherIncome": -178200000, "calculatedIncomeNonControlling": -79000000, "calculatedEbitda": 1435200000}, {"date": "2021-12-31", "symbol": "AGCO", "reportedCurrency": "USD", "cik": "0000880266", "fillingDate": "2022-02-25", "acceptedDate": "2022-02-25 15:37:01", "calendarYear": "2021", "period": "FY", "revenue": 11138300000, "costOfRevenue": 8566000000, "grossProfit": 2572300000, "grossProfitRatio": 0.2309418852, "researchAndDevelopmentExpenses": 405800000, "generalAndAdministrativeExpenses": 0, "sellingAndMarketingExpenses": 0, "sellingGeneralAndAdministrativeExpenses": 1088200000, "otherExpenses": 61100000, "operatingExpenses": 1555100000, "costAndExpenses": 10121100000, "interestIncome": 18700000, "interestExpense": 6700000, "depreciationAndAmortization": 247200000, "ebitda": 1248600000, "ebitdaratio": 0.1120996921, "operatingIncome": 1001400000, "operatingIncomeRatio": 0.089906, "totalOtherIncomeExpensesNet": -57100000, "incomeBeforeTax": 944300000, "incomeBeforeTaxRatio": 0.0847795445, "incomeTaxExpense": 108400000, "netIncome": 897000000, "netIncomeRatio": 0.0805329359, "eps": 11.93, "epsdiluted": 11.85, "weightedAverageShsOut": 75200000, "weightedAverageShsOutDil": 75700000, "link": "https://www.sec.gov/Archives/edgar/data/880266/000088026622000006/0000880266-22-000006-index.htm", "finalLink": "https://www.sec.gov/Archives/edgar/data/880266/000088026622000006/agco-20211231.htm", "calculatedOtherExpenses": 76900000, "calculatedOperatingExpenses": 1570900000, "calculatedNetInterest": 12000000, "calculatedOtherIncome": -69100000, "calculatedIncomeNonControlling": -61100000, "calculatedEbitda": 1248600000}, {"date": "2020-12-31", "symbol": "AGCO", "reportedCurrency": "USD", "cik": "0000880266", "fillingDate": "2021-03-01", "acceptedDate": "2021-02-26 18:10:25", "calendarYear": "2020", "period": "FY", "revenue": 9149700000, "costOfRevenue": 7092200000, "grossProfit": 2057500000, "grossProfitRatio": 0.2248707608, "researchAndDevelopmentExpenses": 342600000, "generalAndAdministrativeExpenses": 0, "sellingAndMarketingExpenses": 0, "sellingGeneralAndAdministrativeExpenses": 1001500000, "otherExpenses": 59500000, "operatingExpenses": 1403600000, "costAndExpenses": 8495800000, "interestIncome": 9900000, "interestExpense": 15000000, "depreciationAndAmortization": 303500000, "ebitda": 903200000, "ebitdaratio": 0.098713619, "operatingIncome": 599700000, "operatingIncomeRatio": 0.0655431326, "totalOtherIncomeExpensesNet": -37700000, "incomeBeforeTax": 562000000, "incomeBeforeTaxRatio": 0.0614227789, "incomeTaxExpense": 187700000, "netIncome": 427100000, "netIncomeRatio": 0.0466791261, "eps": 5.69, "epsdiluted": 5.65, "weightedAverageShsOut": 75000000, "weightedAverageShsOutDil": 75600000, "link": "https://www.sec.gov/Archives/edgar/data/880266/000088026621000009/0000880266-21-000009-index.htm", "finalLink": "https://www.sec.gov/Archives/edgar/data/880266/000088026621000009/agco-20201231.htm", "calculatedOtherExpenses": 113700000, "calculatedOperatingExpenses": 1457800000, "calculatedNetInterest": -5100000, "calculatedOtherIncome": -32600000, "calculatedIncomeNonControlling": -52800000, "calculatedEbitda": 903200000}, {"date": "2019-12-31", "symbol": "AGCO", "reportedCurrency": "USD", "cik": "0000880266", "fillingDate": "2020-02-28", "acceptedDate": "2020-02-28 12:53:38", "calendarYear": "2019", "period": "FY", "revenue": 9041400000, "costOfRevenue": 7057100000, "grossProfit": 1984300000, "grossProfitRatio": 0.2194682239, "researchAndDevelopmentExpenses": 343400000, "generalAndAdministrativeExpenses": 0, "sellingAndMarketingExpenses": 0, "sellingGeneralAndAdministrativeExpenses": 1040300000, "otherExpenses": 61100000, "operatingExpenses": 1444800000, "costAndExpenses": 8501900000, "interestIncome": 8900000, "interestExpense": 19900000, "depreciationAndAmortization": 272000000, "ebitda": 744400000, "ebitdaratio": 0.0823323822, "operatingIncome": 472400000, "operatingIncomeRatio": 0.0522485456, "totalOtherIncomeExpensesNet": -211300000, "incomeBeforeTax": 261100000, "incomeBeforeTaxRatio": 0.0288782711, "incomeTaxExpense": 180800000, "netIncome": 80300000, "netIncomeRatio": 0.0088813679, "eps": 1.05, "epsdiluted": 1.04, "weightedAverageShsOut": 76200000, "weightedAverageShsOutDil": 77000000, "link": "https://www.sec.gov/Archives/edgar/data/880266/000088026620000006/0000880266-20-000006-index.htm", "finalLink": "https://www.sec.gov/Archives/edgar/data/880266/000088026620000006/a2019agco10-k.htm", "calculatedOtherExpenses": 128200000, "calculatedOperatingExpenses": 1511900000, "calculatedNetInterest": -11000000, "calculatedOtherIncome": -200300000, "calculatedIncomeNonControlling": 0, "calculatedEbitda": 744400000}, {"date": "2018-12-31", "symbol": "AGCO", "reportedCurrency": "USD", "cik": "0000880266", "fillingDate": "2019-03-01", "acceptedDate": "2019-03-01 11:45:21", "calendarYear": "2018", "period": "FY", "revenue": 9352000000, "costOfRevenue": 7355300000, "grossProfit": 1996700000, "grossProfitRatio": 0.2135051326, "researchAndDevelopmentExpenses": 355200000, "generalAndAdministrativeExpenses": 1069400000, "sellingAndMarketingExpenses": 0, "sellingGeneralAndAdministrativeExpenses": 1069400000, "otherExpenses": -74900000, "operatingExpenses": 1489300000, "costAndExpenses": 8844600000, "interestIncome": 8100000, "interestExpense": 53800000, "depreciationAndAmortization": 289900000, "ebitda": 722400000, "ebitdaratio": 0.077245509, "operatingIncome": 489000000, "operatingIncomeRatio": 0.0522882806, "totalOtherIncomeExpensesNet": -93300000, "incomeBeforeTax": 360300000, "incomeBeforeTaxRatio": 0.0385265184, "incomeTaxExpense": 110900000, "netIncome": 285500000, "netIncomeRatio": 0.0305282293, "eps": 3.62, "epsdiluted": 3.58, "weightedAverageShsOut": 78800000, "weightedAverageShsOutDil": 79700000, "link": "https://www.sec.gov/Archives/edgar/data/880266/000088026619000009/0000880266-19-000009-index.htm", "finalLink": "https://www.sec.gov/Archives/edgar/data/880266/000088026619000009/a2018agco10-k.htm", "calculatedOtherExpenses": 83100000, "calculatedOperatingExpenses": 1507700000, "calculatedNetInterest": -45700000, "calculatedOtherIncome": -83000000, "calculatedIncomeNonControlling": -36100000, "calculatedEbitda": 778900000}, {"date": "2017-12-31", "symbol": "AGCO", "reportedCurrency": "USD", "cik": "0000880266", "fillingDate": "2018-02-28", "acceptedDate": "2018-02-28 15:46:01", "calendarYear": "2017", "period": "FY", "revenue": 8306500000, "costOfRevenue": 6541200000, "grossProfit": 1765300000, "grossProfitRatio": 0.2125203154, "researchAndDevelopmentExpenses": 323100000, "generalAndAdministrativeExpenses": 970700000, "sellingAndMarketingExpenses": 0, "sellingGeneralAndAdministrativeExpenses": 970700000, "otherExpenses": -74400000, "operatingExpenses": 1350800000, "costAndExpenses": 7892000000, "interestIncome": 9400000, "interestExpense": 45100000, "depreciationAndAmortization": 279800000, "ebitda": 619900000, "ebitdaratio": 0.0746283031, "operatingIncome": 403300000, "operatingIncomeRatio": 0.0485523385, "totalOtherIncomeExpensesNet": -85600000, "incomeBeforeTax": 283800000, "incomeBeforeTaxRatio": 0.0341660146, "incomeTaxExpense": 133600000, "netIncome": 186400000, "netIncomeRatio": 0.0224402576, "eps": 2.34, "epsdiluted": 2.32, "weightedAverageShsOut": 79500000, "weightedAverageShsOutDil": 80200000, "link": "https://www.sec.gov/Archives/edgar/data/880266/000088026618000005/0000880266-18-000005-index.htm", "finalLink": "https://www.sec.gov/Archives/edgar/data/880266/000088026618000005/a2017agco10-k.htm", "calculatedOtherExpenses": 68200000, "calculatedOperatingExpenses": 1362000000, "calculatedNetInterest": -35700000, "calculatedOtherIncome": -83800000, "calculatedIncomeNonControlling": -36200000, "calculatedEbitda": 683100000}, {"date": "2016-12-31", "symbol": "AGCO", "reportedCurrency": "USD", "cik": "0000880266", "fillingDate": "2017-02-28", "acceptedDate": "2017-02-28 15:11:09", "calendarYear": "2016", "period": "FY", "revenue": 7410500000, "costOfRevenue": 5895000000, "grossProfit": 1515500000, "grossProfitRatio": 0.2045071183, "researchAndDevelopmentExpenses": 296100000, "generalAndAdministrativeExpenses": 867900000, "sellingAndMarketingExpenses": 0, "sellingGeneralAndAdministrativeExpenses": 867900000, "otherExpenses": -31400000, "operatingExpenses": 1215200000, "costAndExpenses": 7110200000, "interestIncome": 13300000, "interestExpense": 52100000, "depreciationAndAmortization": 274600000, "ebitda": 543500000, "ebitdaratio": 0.0733418798, "operatingIncome": 288400000, "operatingIncomeRatio": 0.0389177518, "totalOtherIncomeExpensesNet": -43300000, "incomeBeforeTax": 204900000, "incomeBeforeTaxRatio": 0.0276499561, "incomeTaxExpense": 92200000, "netIncome": 160100000, "netIncomeRatio": 0.0216044801, "eps": 1.97, "epsdiluted": 1.96, "weightedAverageShsOut": 81400000, "weightedAverageShsOutDil": 81700000, "link": "https://www.sec.gov/Archives/edgar/data/880266/000088026617000005/0000880266-17-000005-index.htm", "finalLink": "https://www.sec.gov/Archives/edgar/data/880266/000088026617000005/a2016agco10-k.htm", "calculatedOtherExpenses": 63100000, "calculatedOperatingExpenses": 1227100000, "calculatedNetInterest": -38800000, "calculatedOtherIncome": -44700000, "calculatedIncomeNonControlling": -47400000, "calculatedEbitda": 563000000}, {"date": "2015-12-31", "symbol": "AGCO", "reportedCurrency": "USD", "cik": "0000880266", "fillingDate": "2016-02-26", "acceptedDate": "2016-02-26 11:59:51", "calendarYear": "2015", "period": "FY", "revenue": 7467300000, "costOfRevenue": 5906700000, "grossProfit": 1560600000, "grossProfitRatio": 0.2089912016, "researchAndDevelopmentExpenses": 282200000, "generalAndAdministrativeExpenses": 852300000, "sellingAndMarketingExpenses": 0, "sellingGeneralAndAdministrativeExpenses": 852300000, "otherExpenses": -36300000, "operatingExpenses": 1177200000, "costAndExpenses": 7083900000, "interestIncome": 18700000, "interestExpense": 45400000, "depreciationAndAmortization": 260100000, "ebitda": 607200000, "ebitdaratio": 0.0813145314, "operatingIncome": 361100000, "operatingIncomeRatio": 0.0483575054, "totalOtherIncomeExpensesNet": -58600000, "incomeBeforeTax": 279400000, "incomeBeforeTaxRatio": 0.0374164691, "incomeTaxExpense": 72500000, "netIncome": 266400000, "netIncomeRatio": 0.0356755454, "eps": 3.06, "epsdiluted": 3.06, "weightedAverageShsOut": 87000000, "weightedAverageShsOutDil": 87100000, "link": "https://www.sec.gov/Archives/edgar/data/880266/000088026616000044/0000880266-16-000044-index.htm", "finalLink": "https://www.sec.gov/Archives/edgar/data/880266/000088026616000044/a2015agco10-k.htm", "calculatedOtherExpenses": 65000000, "calculatedOperatingExpenses": 1199500000, "calculatedNetInterest": -26700000, "calculatedOtherIncome": -55000000, "calculatedIncomeNonControlling": -59500000, "calculatedEbitda": 621200000}, {"date": "2014-12-31", "symbol": "AGCO", "reportedCurrency": "USD", "cik": "0000880266", "fillingDate": "2015-02-27", "acceptedDate": "2015-02-27 13:45:41", "calendarYear": "2014", "period": "FY", "revenue": 9723700000, "costOfRevenue": 7657400000, "grossProfit": 2066300000, "grossProfitRatio": 0.2125014141, "researchAndDevelopmentExpenses": 337000000, "generalAndAdministrativeExpenses": 995400000, "sellingAndMarketingExpenses": 0, "sellingGeneralAndAdministrativeExpenses": 995400000, "otherExpenses": -49100000, "operatingExpenses": 1373400000, "costAndExpenses": 9030800000, "interestIncome": 13500000, "interestExpense": 58400000, "depreciationAndAmortization": 280400000, "ebitda": 924200000, "ebitdaratio": 0.0950461244, "operatingIncome": 646500000, "operatingIncomeRatio": 0.0664870368, "totalOtherIncomeExpensesNet": -95500000, "incomeBeforeTax": 539000000, "incomeBeforeTaxRatio": 0.0554315744, "incomeTaxExpense": 187700000, "netIncome": 410400000, "netIncomeRatio": 0.0422061561, "eps": 4.39, "epsdiluted": 4.36, "weightedAverageShsOut": 93400000, "weightedAverageShsOutDil": 94200000, "link": "https://www.sec.gov/Archives/edgar/data/880266/000088026615000009/0000880266-15-000009-index.htm", "finalLink": "https://www.sec.gov/Archives/edgar/data/880266/000088026615000009/a2014agco10-k.htm", "calculatedOtherExpenses": 87400000, "calculatedOperatingExpenses": 1419800000, "calculatedNetInterest": -44900000, "calculatedOtherIncome": -62600000, "calculatedIncomeNonControlling": -59100000, "calculatedEbitda": 926900000}, {"date": "2013-12-31", "symbol": "AGCO", "reportedCurrency": "USD", "cik": "0000880266", "fillingDate": "2014-02-28", "acceptedDate": "2014-02-28 10:27:28", "calendarYear": "2013", "period": "FY", "revenue": 10786900000, "costOfRevenue": 8396300000, "grossProfit": 2390600000, "grossProfitRatio": 0.2216206695, "researchAndDevelopmentExpenses": 353400000, "generalAndAdministrativeExpenses": 1088700000, "sellingAndMarketingExpenses": 0, "sellingGeneralAndAdministrativeExpenses": 1088700000, "otherExpenses": -40100000, "operatingExpenses": 1489900000, "costAndExpenses": 9886200000, "interestIncome": 20800000, "interestExpense": 58000000, "depreciationAndAmortization": 259400000, "ebitda": 1120000000, "ebitdaratio": 0.1038296452, "operatingIncome": 900700000, "operatingIncomeRatio": 0.0834994299, "totalOtherIncomeExpensesNet": -40100000, "incomeBeforeTax": 802600000, "incomeBeforeTaxRatio": 0.0744050654, "incomeTaxExpense": 258500000, "netIncome": 597200000, "netIncomeRatio": 0.0553634501, "eps": 6.14, "epsdiluted": 6.01, "weightedAverageShsOut": 97300000, "weightedAverageShsOutDil": 99400000, "link": "https://www.sec.gov/Archives/edgar/data/880266/000088026614000004/0000880266-14-000004-index.htm", "finalLink": "https://www.sec.gov/Archives/edgar/data/880266/000088026614000004/a2013agco10-k.htm", "calculatedOtherExpenses": 47800000, "calculatedOperatingExpenses": 1489900000, "calculatedNetInterest": -37200000, "calculatedOtherIncome": -60900000, "calculatedIncomeNonControlling": -53100000, "calculatedEbitda": 1160100000}, {"date": "2012-12-31", "symbol": "AGCO", "reportedCurrency": "USD", "cik": "0000880266", "fillingDate": "2013-02-27", "acceptedDate": "2013-02-27 11:54:58", "calendarYear": "2012", "period": "FY", "revenue": 9962200000, "costOfRevenue": 7839000000, "grossProfit": 2123200000, "grossProfitRatio": 0.2131256148, "researchAndDevelopmentExpenses": 317100000, "generalAndAdministrativeExpenses": 1041200000, "sellingAndMarketingExpenses": 0, "sellingGeneralAndAdministrativeExpenses": 1041200000, "otherExpenses": -34800000, "operatingExpenses": 1407600000, "costAndExpenses": 9246600000, "interestIncome": 20100000, "interestExpense": 57600000, "depreciationAndAmortization": 229900000, "ebitda": 910700000, "ebitdaratio": 0.0914155508, "operatingIncome": 693200000, "operatingIncomeRatio": 0.0695830238, "totalOtherIncomeExpensesNet": -57200000, "incomeBeforeTax": 600800000, "incomeBeforeTaxRatio": 0.0603079641, "incomeTaxExpense": 137900000, "netIncome": 522100000, "netIncomeRatio": 0.0524081026, "eps": 5.38, "epsdiluted": 5.3, "weightedAverageShsOut": 97100000, "weightedAverageShsOutDil": 98600000, "link": "https://www.sec.gov/Archives/edgar/data/880266/000088026613000003/0000880266-13-000003-index.htm", "finalLink": "https://www.sec.gov/Archives/edgar/data/880266/000088026613000003/a2012agco10-k.htm", "calculatedOtherExpenses": 71700000, "calculatedOperatingExpenses": 1430000000, "calculatedNetInterest": -37500000, "calculatedOtherIncome": -54900000, "calculatedIncomeNonControlling": -59200000, "calculatedEbitda": 923100000}, {"date": "2011-12-31", "symbol": "AGCO", "reportedCurrency": "USD", "cik": "0000880266", "fillingDate": "2012-02-27", "acceptedDate": "2012-02-27 10:49:11", "calendarYear": "2011", "period": "FY", "revenue": 8773200000, "costOfRevenue": 6997100000, "grossProfit": 1776100000, "grossProfitRatio": 0.2024460858, "researchAndDevelopmentExpenses": 275600000, "generalAndAdministrativeExpenses": 869300000, "sellingAndMarketingExpenses": 0, "sellingGeneralAndAdministrativeExpenses": 869300000, "otherExpenses": 21600000, "operatingExpenses": 1166500000, "costAndExpenses": 8163600000, "interestIncome": 28800000, "interestExpense": 59000000, "depreciationAndAmortization": 173500000, "ebitda": 801500000, "ebitdaratio": 0.0913577714, "operatingIncome": 610300000, "operatingIncomeRatio": 0.0695641271, "totalOtherIncomeExpensesNet": -18400000, "incomeBeforeTax": 561000000, "incomeBeforeTaxRatio": 0.0639447408, "incomeTaxExpense": -24600000, "netIncome": 583300000, "netIncomeRatio": 0.0664865727, "eps": 6.1, "epsdiluted": 5.95, "weightedAverageShsOut": 95600000, "weightedAverageShsOutDil": 98100000, "link": "https://www.sec.gov/Archives/edgar/data/880266/000088026612000004/0000880266-12-000004-index.htm", "finalLink": "https://www.sec.gov/Archives/edgar/data/880266/000088026612000004/a2011agco10-k.htm", "calculatedOtherExpenses": 20900000, "calculatedOperatingExpenses": 1165800000, "calculatedNetInterest": -30200000, "calculatedOtherIncome": -19100000, "calculatedIncomeNonControlling": 2300000, "calculatedEbitda": 783800000}, {"date": "2010-12-31", "symbol": "AGCO", "reportedCurrency": "USD", "cik": "0000880266", "fillingDate": "2011-02-25", "acceptedDate": "2011-02-25 12:11:19", "calendarYear": "2010", "period": "FY", "revenue": 6896600000, "costOfRevenue": 5637900000, "grossProfit": 1258700000, "grossProfitRatio": 0.1825102224, "researchAndDevelopmentExpenses": 219600000, "generalAndAdministrativeExpenses": 692100000, "sellingAndMarketingExpenses": 0, "sellingGeneralAndAdministrativeExpenses": 692100000, "otherExpenses": 18400000, "operatingExpenses": 930100000, "costAndExpenses": 6568000000, "interestIncome": 30700000, "interestExpense": 64000000, "depreciationAndAmortization": 154300000, "ebitda": 503300000, "ebitdaratio": 0.0729779892, "operatingIncome": 324200000, "operatingIncomeRatio": 0.0470086709, "totalOtherIncomeExpensesNet": -20400000, "incomeBeforeTax": 274900000, "incomeBeforeTaxRatio": 0.039860221, "incomeTaxExpense": 104400000, "netIncome": 220500000, "netIncomeRatio": 0.0319722762, "eps": 2.38, "epsdiluted": 2.29, "weightedAverageShsOut": 92800000, "weightedAverageShsOutDil": 96400000, "link": "https://www.sec.gov/Archives/edgar/data/880266/000095012311018407/0000950123-11-018407-index.htm", "finalLink": "https://www.sec.gov/Archives/edgar/data/880266/000095012311018407/g26076e10vk.htm", "calculatedOtherExpenses": 22800000, "calculatedOperatingExpenses": 934500000, "calculatedNetInterest": -33300000, "calculatedOtherIncome": -16000000, "calculatedIncomeNonControlling": -50000000, "calculatedEbitda": 478500000}, {"date": "2009-12-31", "symbol": "AGCO", "reportedCurrency": "USD", "cik": "0000880266", "fillingDate": "2010-02-26", "acceptedDate": "2010-02-26 14:03:40", "calendarYear": "2009", "period": "FY", "revenue": 6630400000, "costOfRevenue": 5557900000, "grossProfit": 1072500000, "grossProfitRatio": 0.1617549469, "researchAndDevelopmentExpenses": 191900000, "generalAndAdministrativeExpenses": 630100000, "sellingAndMarketingExpenses": 0, "sellingGeneralAndAdministrativeExpenses": 630100000, "otherExpenses": 18000000, "operatingExpenses": 840000000, "costAndExpenses": 6397900000, "interestIncome": 22400000, "interestExpense": 43300000, "depreciationAndAmortization": 147600000, "ebitda": 380100000, "ebitdaratio": 0.0573268581, "operatingIncome": 219300000, "operatingIncomeRatio": 0.0330749276, "totalOtherIncomeExpensesNet": -35400000, "incomeBeforeTax": 153800000, "incomeBeforeTaxRatio": 0.0231961873, "incomeTaxExpense": 56500000, "netIncome": 135700000, "netIncomeRatio": 0.0204663369, "eps": 1.47, "epsdiluted": 1.44, "weightedAverageShsOut": 92200000, "weightedAverageShsOutDil": 94100000, "link": "https://www.sec.gov/Archives/edgar/data/880266/000095012310017928/0000950123-10-017928-index.htm", "finalLink": "https://www.sec.gov/Archives/edgar/data/880266/000095012310017928/g22156e10vk.htm", "calculatedOtherExpenses": 31200000, "calculatedOperatingExpenses": 853200000, "calculatedNetInterest": -20900000, "calculatedOtherIncome": -44600000, "calculatedIncomeNonControlling": -38400000, "calculatedEbitda": 366900000}, {"date": "2008-12-31", "symbol": "AGCO", "reportedCurrency": "USD", "cik": "0000880266", "fillingDate": "2009-02-27", "acceptedDate": "2009-02-27 15:18:45", "calendarYear": "2008", "period": "FY", "revenue": 8424600000, "costOfRevenue": 6924900000, "grossProfit": 1499700000, "grossProfitRatio": 0.1780143864, "researchAndDevelopmentExpenses": 194500000, "generalAndAdministrativeExpenses": 720900000, "sellingAndMarketingExpenses": 0, "sellingGeneralAndAdministrativeExpenses": 720900000, "otherExpenses": 19100000, "operatingExpenses": 934700000, "costAndExpenses": 7859600000, "interestIncome": 0, "interestExpense": 19100000, "depreciationAndAmortization": 146500000, "ebitda": 671300000, "ebitdaratio": 0.0796833084, "operatingIncome": 565000000, "operatingIncomeRatio": 0.0670654987, "totalOtherIncomeExpensesNet": 20100000, "incomeBeforeTax": 525800000, "incomeBeforeTaxRatio": 0.0624124588, "incomeTaxExpense": 164600000, "netIncome": 400000000, "netIncomeRatio": 0.0474799991, "eps": 4.36, "epsdiluted": 4.09, "weightedAverageShsOut": 91700000, "weightedAverageShsOutDil": 97700000, "link": "https://www.sec.gov/Archives/edgar/data/880266/000095014409001706/0000950144-09-001706-index.htm", "finalLink": "https://www.sec.gov/Archives/edgar/data/880266/000095014409001706/g17799e10vk.htm", "calculatedOtherExpenses": 19300000, "calculatedOperatingExpenses": 934700000, "calculatedNetInterest": -19100000, "calculatedOtherIncome": -20100000, "calculatedIncomeNonControlling": -38800000, "calculatedEbitda": 711500000}, {"date": "2007-12-31", "symbol": "AGCO", "reportedCurrency": "USD", "cik": "0000880266", "fillingDate": "2008-02-29", "acceptedDate": "2008-02-29 09:44:06", "calendarYear": "2007", "period": "FY", "revenue": 6828100000, "costOfRevenue": 5637100000, "grossProfit": 1191000000, "grossProfitRatio": 0.1744262679, "researchAndDevelopmentExpenses": 154900000, "generalAndAdministrativeExpenses": 625700000, "sellingAndMarketingExpenses": 0, "sellingGeneralAndAdministrativeExpenses": 625700000, "otherExpenses": 17900000, "operatingExpenses": 798500000, "costAndExpenses": 6435600000, "interestIncome": 0, "interestExpense": 24100000, "depreciationAndAmortization": 138200000, "ebitda": 571800000, "ebitdaratio": 0.083742183, "operatingIncome": 394800000, "operatingIncomeRatio": 0.0578198913, "totalOtherIncomeExpensesNet": -10700000, "incomeBeforeTax": 327300000, "incomeBeforeTaxRatio": 0.0479342716, "incomeTaxExpense": 111400000, "netIncome": 246300000, "netIncomeRatio": 0.036071528, "eps": 2.69, "epsdiluted": 2.55, "weightedAverageShsOut": 91500000, "weightedAverageShsOutDil": 96600000, "link": "https://www.sec.gov/Archives/edgar/data/880266/000095014408001513/0000950144-08-001513-index.htm", "finalLink": "https://www.sec.gov/Archives/edgar/data/880266/000095014408001513/g11879e10vk.htm", "calculatedOtherExpenses": 15600000, "calculatedOperatingExpenses": 796200000, "calculatedNetInterest": -24100000, "calculatedOtherIncome": -43400000, "calculatedIncomeNonControlling": -30400000, "calculatedEbitda": 533000000}, {"date": "2006-12-31", "symbol": "AGCO", "reportedCurrency": "USD", "cik": "0000880266", "fillingDate": "2007-03-01", "acceptedDate": "2007-03-01 14:07:27", "calendarYear": "2006", "period": "FY", "revenue": 5435000000, "costOfRevenue": 4507200000, "grossProfit": 927800000, "grossProfitRatio": 0.1707083717, "researchAndDevelopmentExpenses": 127900000, "generalAndAdministrativeExpenses": 541700000, "sellingAndMarketingExpenses": 0, "sellingGeneralAndAdministrativeExpenses": 541700000, "otherExpenses": 188300000, "operatingExpenses": 857900000, "costAndExpenses": 5365100000, "interestIncome": 0, "interestExpense": 55200000, "depreciationAndAmortization": 121900000, "ebitda": 397100000, "ebitdaratio": 0.0730634775, "operatingIncome": 68900000, "operatingIncomeRatio": 0.0126770929, "totalOtherIncomeExpensesNet": -177500000, "incomeBeforeTax": -19200000, "incomeBeforeTaxRatio": -0.0035326587, "incomeTaxExpense": 73500000, "netIncome": -64900000, "netIncomeRatio": -0.0119411224, "eps": -0.71, "epsdiluted": -0.71, "weightedAverageShsOut": 90800000, "weightedAverageShsOutDil": 90800000, "link": "https://www.sec.gov/Archives/edgar/data/880266/000095014407001772/0000950144-07-001772-index.htm", "finalLink": "https://www.sec.gov/Archives/edgar/data/880266/000095014407001772/g05639e10vk.htm", "calculatedOtherExpenses": 189300000, "calculatedOperatingExpenses": 858900000, "calculatedNetInterest": -55200000, "calculatedOtherIncome": -32900000, "calculatedIncomeNonControlling": -27800000, "calculatedEbitda": 190800000}, {"date": "2005-12-31", "symbol": "AGCO", "reportedCurrency": "USD", "cik": "0000880266", "fillingDate": "2006-03-13", "acceptedDate": "2006-03-13 16:20:43", "calendarYear": "2005", "period": "FY", "revenue": 5449700000, "costOfRevenue": 4516100000, "grossProfit": 933600000, "grossProfitRatio": 0.1713121823, "researchAndDevelopmentExpenses": 0, "generalAndAdministrativeExpenses": 642400000, "sellingAndMarketingExpenses": 0, "sellingGeneralAndAdministrativeExpenses": 642400000, "otherExpenses": 16500000, "operatingExpenses": 658900000, "costAndExpenses": 5175000000, "interestIncome": 0, "interestExpense": 80000000, "depreciationAndAmortization": 105900000, "ebitda": 415200000, "ebitdaratio": 0.0761876801, "operatingIncome": 274700000, "operatingIncomeRatio": 0.0504064444, "totalOtherIncomeExpensesNet": -12000000, "incomeBeforeTax": 160100000, "incomeBeforeTaxRatio": 0.0293777639, "incomeTaxExpense": 151100000, "netIncome": 31600000, "netIncomeRatio": 0.0057984843, "eps": 0.35, "epsdiluted": 0.35, "weightedAverageShsOut": 90400000, "weightedAverageShsOutDil": 90700000, "link": "https://www.sec.gov/Archives/edgar/data/880266/000095014406002147/0000950144-06-002147-index.htm", "finalLink": "https://www.sec.gov/Archives/edgar/data/880266/000095014406002147/g99944e10vk.htm", "calculatedOtherExpenses": 16500000, "calculatedOperatingExpenses": 658900000, "calculatedNetInterest": -80000000, "calculatedOtherIncome": -34600000, "calculatedIncomeNonControlling": -22600000, "calculatedEbitda": 380600000}, {"date": "2004-12-31", "symbol": "AGCO", "reportedCurrency": "USD", "cik": "0000880266", "fillingDate": "2005-03-16", "acceptedDate": "2005-03-16 12:55:03", "calendarYear": "2004", "period": "FY", "revenue": 5273300000, "costOfRevenue": 4320400000, "grossProfit": 952900000, "grossProfitRatio": 0.1807027857, "researchAndDevelopmentExpenses": 0, "generalAndAdministrativeExpenses": 613500000, "sellingAndMarketingExpenses": 0, "sellingGeneralAndAdministrativeExpenses": 613500000, "otherExpenses": 15800000, "operatingExpenses": 629300000, "costAndExpenses": 4949700000, "interestIncome": 0, "interestExpense": 77000000, "depreciationAndAmortization": 113300000, "ebitda": 459100000, "ebitdaratio": 0.087061233, "operatingIncome": 323500000, "operatingIncomeRatio": 0.0613467847, "totalOtherIncomeExpensesNet": -1600000, "incomeBeforeTax": 224400000, "incomeBeforeTaxRatio": 0.0425539984, "incomeTaxExpense": 86200000, "netIncome": 158800000, "netIncomeRatio": 0.0301139704, "eps": 1.84, "epsdiluted": 1.71, "weightedAverageShsOut": 86200000, "weightedAverageShsOutDil": 95600000, "link": "https://www.sec.gov/Archives/edgar/data/880266/000095014405002600/0000950144-05-002600-index.htm", "finalLink": "https://www.sec.gov/Archives/edgar/data/880266/000095014405002600/g93649e10vk.htm", "calculatedOtherExpenses": 15900000, "calculatedOperatingExpenses": 629400000, "calculatedNetInterest": -77000000, "calculatedOtherIncome": -22100000, "calculatedIncomeNonControlling": -20600000, "calculatedEbitda": 436800000}, {"date": "2003-12-31", "symbol": "AGCO", "reportedCurrency": "USD", "cik": "0000880266", "fillingDate": "2004-03-15", "acceptedDate": "2004-03-15 13:31:35", "calendarYear": "2003", "period": "FY", "revenue": 3495300000, "costOfRevenue": 2878900000, "grossProfit": 616400000, "grossProfitRatio": 0.1763511, "researchAndDevelopmentExpenses": 0, "generalAndAdministrativeExpenses": 403000000, "sellingAndMarketingExpenses": 0, "sellingGeneralAndAdministrativeExpenses": 403000000, "otherExpenses": 2300000, "operatingExpenses": 405300000, "costAndExpenses": 3284200000, "interestIncome": 0, "interestExpense": 60000000, "depreciationAndAmortization": 65900000, "ebitda": 330400000, "ebitdaratio": 0.0945269362, "operatingIncome": 183500000, "operatingIncomeRatio": 0.0524990702, "totalOtherIncomeExpensesNet": -36000000, "incomeBeforeTax": 98300000, "incomeBeforeTaxRatio": 0.0281234801, "incomeTaxExpense": 41300000, "netIncome": 74400000, "netIncomeRatio": 0.0212857265, "eps": 0.99, "epsdiluted": 0.98, "weightedAverageShsOut": 75200000, "weightedAverageShsOutDil": 75800000, "link": "https://www.sec.gov/Archives/edgar/data/880266/000095014404002500/0000950144-04-002500-index.htm", "finalLink": "https://www.sec.gov/Archives/edgar/data/880266/000095014404002500/g87777e10vk.htm", "calculatedOtherExpenses": 29900000, "calculatedOperatingExpenses": 432900000, "calculatedNetInterest": -60000000, "calculatedOtherIncome": -25200000, "calculatedIncomeNonControlling": -17400000, "calculatedEbitda": 249400000}, {"date": "2002-12-31", "symbol": "AGCO", "reportedCurrency": "USD", "cik": "0000880266", "fillingDate": "2003-03-17", "acceptedDate": "2003-03-17 17:25:52", "calendarYear": "2002", "period": "FY", "revenue": 2922700000, "costOfRevenue": 2390900000, "grossProfit": 531800000, "grossProfitRatio": 0.1819550416, "researchAndDevelopmentExpenses": 0, "generalAndAdministrativeExpenses": 383700000, "sellingAndMarketingExpenses": 0, "sellingGeneralAndAdministrativeExpenses": 383700000, "otherExpenses": 1400000, "operatingExpenses": 385100000, "costAndExpenses": 2776000000, "interestIncome": 0, "interestExpense": 57400000, "depreciationAndAmortization": 52300000, "ebitda": 262500000, "ebitdaratio": 0.0898142129, "operatingIncome": 104000000, "operatingIncomeRatio": 0.0355835358, "totalOtherIncomeExpensesNet": -49800000, "incomeBeforeTax": 25800000, "incomeBeforeTaxRatio": 0.0088274541, "incomeTaxExpense": 99800000, "netIncome": -84400000, "netIncomeRatio": -0.0288774079, "eps": -1.14, "epsdiluted": -1.14, "weightedAverageShsOut": 74200000, "weightedAverageShsOutDil": 74200000, "link": "https://www.sec.gov/Archives/edgar/data/880266/000095014403003218/0000950144-03-003218-index.htm", "finalLink": "https://www.sec.gov/Archives/edgar/data/880266/000095014403003218/g80957e10vk.htm", "calculatedOtherExpenses": 44100000, "calculatedOperatingExpenses": 427800000, "calculatedNetInterest": -57400000, "calculatedOtherIncome": -20800000, "calculatedIncomeNonControlling": 10400000, "calculatedEbitda": 156300000}, {"date": "2001-12-31", "symbol": "AGCO", "reportedCurrency": "USD", "cik": "0000880266", "fillingDate": "2002-03-29", "acceptedDate": "2002-03-29 00:00:00", "calendarYear": "2001", "period": "FY", "revenue": 2541500000, "costOfRevenue": 2106700000, "grossProfit": 434800000, "grossProfitRatio": 0.1710800708, "researchAndDevelopmentExpenses": 0, "generalAndAdministrativeExpenses": 306600000, "sellingAndMarketingExpenses": 0, "sellingGeneralAndAdministrativeExpenses": 306600000, "otherExpenses": 18500000, "operatingExpenses": 325100000, "costAndExpenses": 2431800000, "interestIncome": 0, "interestExpense": 0, "depreciationAndAmortization": 70400000, "ebitda": 216500000, "ebitdaratio": 0.0851859138, "operatingIncome": 96700000, "operatingIncomeRatio": 0.0380483966, "totalOtherIncomeExpensesNet": -25800000, "incomeBeforeTax": 14700000, "incomeBeforeTaxRatio": 0.0057839858, "incomeTaxExpense": 1900000, "netIncome": 22600000, "netIncomeRatio": 0.0088923864, "eps": 0.31, "epsdiluted": 0.31, "weightedAverageShsOut": 66900000, "weightedAverageShsOutDil": 68500000, "link": "https://www.sec.gov/Archives/edgar/data/880266/000095014402003124/0000950144-02-003124-index.htm", "finalLink": "https://www.sec.gov/Archives/edgar/data/880266/000095014402003124/g75056e10-k405.txt", "calculatedOtherExpenses": 31500000, "calculatedOperatingExpenses": 338100000, "calculatedNetInterest": 0, "calculatedOtherIncome": -82000000, "calculatedIncomeNonControlling": -9800000, "calculatedEbitda": 167100000}, {"date": "2000-12-31", "symbol": "AGCO", "reportedCurrency": "USD", "cik": "0000880266", "fillingDate": "2001-04-02", "acceptedDate": "2001-04-02 00:00:00", "calendarYear": "2000", "period": "FY", "revenue": 2336100000, "costOfRevenue": 1959500000, "grossProfit": 376600000, "grossProfitRatio": 0.1612088524, "researchAndDevelopmentExpenses": 0, "generalAndAdministrativeExpenses": 273800000, "sellingAndMarketingExpenses": 0, "sellingGeneralAndAdministrativeExpenses": 273800000, "otherExpenses": 37000000, "operatingExpenses": 310800000, "costAndExpenses": 2270300000, "interestIncome": 0, "interestExpense": 0, "depreciationAndAmortization": 69700000, "ebitda": 190500000, "ebitdaratio": 0.0815461667, "operatingIncome": 65800000, "operatingIncomeRatio": 0.0281666025, "totalOtherIncomeExpensesNet": -45200000, "incomeBeforeTax": -13900000, "incomeBeforeTaxRatio": -0.0059500878, "incomeTaxExpense": -7600000, "netIncome": 3500000, "netIncomeRatio": 0.0014982235, "eps": 0.06, "epsdiluted": 0.06, "weightedAverageShsOut": 59200000, "weightedAverageShsOutDil": 59700000, "link": "https://www.sec.gov/Archives/edgar/data/880266/000095014401004595/0000950144-01-004595-index.htm", "finalLink": "https://www.sec.gov/Archives/edgar/data/880266/000095014401004595/g67878e10-k405.txt", "calculatedOtherExpenses": 37000000, "calculatedOperatingExpenses": 310800000, "calculatedNetInterest": 0, "calculatedOtherIncome": -79700000, "calculatedIncomeNonControlling": -9800000, "calculatedEbitda": 135500000}, {"date": "1999-12-31", "symbol": "AGCO", "reportedCurrency": "USD", "cik": "0000880266", "fillingDate": "2000-03-28", "acceptedDate": "2000-03-28 00:00:00", "calendarYear": "1999", "period": "FY", "revenue": 2413300000, "costOfRevenue": 2056900000, "grossProfit": 356400000, "grossProfitRatio": 0.1476815978, "researchAndDevelopmentExpenses": 0, "generalAndAdministrativeExpenses": 274200000, "sellingAndMarketingExpenses": 0, "sellingGeneralAndAdministrativeExpenses": 274200000, "otherExpenses": 24500000, "operatingExpenses": 298700000, "costAndExpenses": 2355600000, "interestIncome": 0, "interestExpense": 0, "depreciationAndAmortization": 76800000, "ebitda": 191300000, "ebitdaratio": 0.0792690507, "operatingIncome": 57700000, "operatingIncomeRatio": 0.02390917, "totalOtherIncomeExpensesNet": -46300000, "incomeBeforeTax": -32200000, "incomeBeforeTaxRatio": -0.0133427257, "incomeTaxExpense": -10200000, "netIncome": -11500000, "netIncomeRatio": -0.0047652592, "eps": -0.2, "epsdiluted": -0.2, "weightedAverageShsOut": 58700000, "weightedAverageShsOutDil": 58700000, "link": "https://www.sec.gov/Archives/edgar/data/880266/000095014400003817/0000950144-00-003817-index.html", "finalLink": "https://www.sec.gov/Archives/edgar/data/880266/000095014400003817/", "calculatedOtherExpenses": 24500000, "calculatedOperatingExpenses": 298700000, "calculatedNetInterest": 0, "calculatedOtherIncome": -89900000, "calculatedIncomeNonControlling": -10500000, "calculatedEbitda": 134500000}, {"date": "1998-12-31", "symbol": "AGCO", "reportedCurrency": "USD", "cik": "0000880266", "fillingDate": "1999-03-31", "acceptedDate": "1999-03-31 00:00:00", "calendarYear": "1998", "period": "FY", "revenue": 2941400000, "costOfRevenue": 2404100000, "grossProfit": 537300000, "grossProfitRatio": 0.1826681172, "researchAndDevelopmentExpenses": 0, "generalAndAdministrativeExpenses": 326800000, "sellingAndMarketingExpenses": 0, "sellingGeneralAndAdministrativeExpenses": 326800000, "otherExpenses": 40000000, "operatingExpenses": 366800000, "costAndExpenses": 2770900000, "interestIncome": 0, "interestExpense": 0, "depreciationAndAmortization": 79700000, "ebitda": 318700000, "ebitdaratio": 0.1083497654, "operatingIncome": 170500000, "operatingIncomeRatio": 0.0579655946, "totalOtherIncomeExpensesNet": -54700000, "incomeBeforeTax": 74300000, "incomeBeforeTaxRatio": 0.0252600802, "incomeTaxExpense": 27500000, "netIncome": 60600000, "netIncomeRatio": 0.0206024342, "eps": 1.01, "epsdiluted": 0.99, "weightedAverageShsOut": 59700000, "weightedAverageShsOutDil": 61200000, "link": "https://www.sec.gov/Archives/edgar/data/880266/000095014499003652/0000950144-99-003652-index.html", "finalLink": "https://www.sec.gov/Archives/edgar/data/880266/", "calculatedOtherExpenses": 40000000, "calculatedOperatingExpenses": 366800000, "calculatedNetInterest": 0, "calculatedOtherIncome": -96200000, "calculatedIncomeNonControlling": -13800000, "calculatedEbitda": 250200000}, {"date": "1997-12-31", "symbol": "AGCO", "reportedCurrency": "USD", "cik": "0000880266", "fillingDate": "1998-03-31", "acceptedDate": "1998-03-31 00:00:00", "calendarYear": "1997", "period": "FY", "revenue": 3224400000, "costOfRevenue": 2557600000, "grossProfit": 666800000, "grossProfitRatio": 0.206798164, "researchAndDevelopmentExpenses": 0, "generalAndAdministrativeExpenses": 329500000, "sellingAndMarketingExpenses": 0, "sellingGeneralAndAdministrativeExpenses": 329500000, "otherExpenses": 0, "operatingExpenses": 329500000, "costAndExpenses": 2887100000, "interestIncome": 0, "interestExpense": 0, "depreciationAndAmortization": 72000000, "ebitda": 447400000, "ebitdaratio": 0.138754497, "operatingIncome": 337300000, "operatingIncomeRatio": 0.1046086094, "totalOtherIncomeExpensesNet": -25500000, "incomeBeforeTax": 245700000, "incomeBeforeTaxRatio": 0.0762002233, "incomeTaxExpense": 87500000, "netIncome": 168700000, "netIncomeRatio": 0.0523198114, "eps": 2.79, "epsdiluted": 2.71, "weightedAverageShsOut": 60400000, "weightedAverageShsOutDil": 62100000, "link": "https://www.sec.gov/Archives/edgar/data/880266/000095014498003728/0000950144-98-003728-index.html", "finalLink": "https://www.sec.gov/Archives/edgar/data/880266/", "calculatedOtherExpenses": 0, "calculatedOperatingExpenses": 329500000, "calculatedNetInterest": 0, "calculatedOtherIncome": -91600000, "calculatedIncomeNonControlling": -10500000, "calculatedEbitda": 409300000}, {"date": "1996-12-31", "symbol": "AGCO", "reportedCurrency": "USD", "cik": "0000880266", "fillingDate": "1997-03-28", "acceptedDate": "1997-03-28 00:00:00", "calendarYear": "1996", "period": "FY", "revenue": 2317500000, "costOfRevenue": 1847200000, "grossProfit": 470300000, "grossProfitRatio": 0.2029341963, "researchAndDevelopmentExpenses": 0, "generalAndAdministrativeExpenses": 243300000, "sellingAndMarketingExpenses": 0, "sellingGeneralAndAdministrativeExpenses": 243300000, "otherExpenses": 0, "operatingExpenses": 243300000, "costAndExpenses": 2090500000, "interestIncome": 0, "interestExpense": 0, "depreciationAndAmortization": 53500000, "ebitda": 303100000, "ebitdaratio": 0.1307874865, "operatingIncome": 227000000, "operatingIncomeRatio": 0.0979503776, "totalOtherIncomeExpensesNet": -4900000, "incomeBeforeTax": 171600000, "incomeBeforeTaxRatio": 0.0740453074, "incomeTaxExpense": 60000000, "netIncome": 125900000, "netIncomeRatio": 0.0543257821, "eps": 2.28, "epsdiluted": 2.2, "weightedAverageShsOut": 55186000, "weightedAverageShsOutDil": 57441000, "link": "https://www.sec.gov/Archives/edgar/data/880266/000095014497003175/0000950144-97-003175-index.html", "finalLink": "https://www.sec.gov/Archives/edgar/data/880266/", "calculatedOtherExpenses": 0, "calculatedOperatingExpenses": 243300000, "calculatedNetInterest": 0, "calculatedOtherIncome": -55400000, "calculatedIncomeNonControlling": -14300000, "calculatedEbitda": 280500000}, {"date": "1995-12-31", "symbol": "AGCO", "reportedCurrency": "USD", "cik": "0000880266", "fillingDate": "1995-12-31", "acceptedDate": "1995-12-30 19:00:00", "calendarYear": "1995", "period": "FY", "revenue": 2125000000, "costOfRevenue": 1592200000, "grossProfit": 532800000, "grossProfitRatio": 0.2507294118, "researchAndDevelopmentExpenses": 0, "generalAndAdministrativeExpenses": 227900000, "sellingAndMarketingExpenses": 0, "sellingGeneralAndAdministrativeExpenses": 227900000, "otherExpenses": 35500000, "operatingExpenses": 263400000, "costAndExpenses": 1855600000, "interestIncome": 0, "interestExpense": 0, "depreciationAndAmortization": 35500000, "ebitda": 316000000, "ebitdaratio": 0.1487058824, "operatingIncome": 269400000, "operatingIncomeRatio": 0.1267764706, "totalOtherIncomeExpensesNet": -11100000, "incomeBeforeTax": 195000000, "incomeBeforeTaxRatio": 0.0917647059, "incomeTaxExpense": 65900000, "netIncome": 129100000, "netIncomeRatio": 0.0607529412, "eps": 2.76, "epsdiluted": 2.3, "weightedAverageShsOut": 46050725, "weightedAverageShsOutDil": 55260870, "link": "", "finalLink": "", "calculatedOtherExpenses": 35500000, "calculatedOperatingExpenses": 263400000, "calculatedNetInterest": 0, "calculatedOtherIncome": -74400000, "calculatedIncomeNonControlling": 0, "calculatedEbitda": 304900000}, {"date": "1994-12-31", "symbol": "AGCO", "reportedCurrency": "USD", "cik": "0000880266", "fillingDate": "1994-12-31", "acceptedDate": "1994-12-30 19:00:00", "calendarYear": "1994", "period": "FY", "revenue": 1359000000, "costOfRevenue": 1023600000, "grossProfit": 335400000, "grossProfitRatio": 0.246799117, "researchAndDevelopmentExpenses": 0, "generalAndAdministrativeExpenses": 148900000, "sellingAndMarketingExpenses": 0, "sellingGeneralAndAdministrativeExpenses": 148900000, "otherExpenses": 19300000, "operatingExpenses": 168200000, "costAndExpenses": 1191800000, "interestIncome": 0, "interestExpense": 0, "depreciationAndAmortization": 19300000, "ebitda": 205900000, "ebitdaratio": 0.1515084621, "operatingIncome": 167200000, "operatingIncomeRatio": 0.1230316409, "totalOtherIncomeExpensesNet": -19400000, "incomeBeforeTax": 104900000, "incomeBeforeTaxRatio": 0.0771891096, "incomeTaxExpense": -10600000, "netIncome": 115500000, "netIncomeRatio": 0.0849889625, "eps": 3.07, "epsdiluted": 2.35, "weightedAverageShsOut": 35863192, "weightedAverageShsOutDil": 46851064, "link": "", "finalLink": "", "calculatedOtherExpenses": 19300000, "calculatedOperatingExpenses": 168200000, "calculatedNetInterest": 0, "calculatedOtherIncome": -62300000, "calculatedIncomeNonControlling": 0, "calculatedEbitda": 186500000}, {"date": "1993-12-31", "symbol": "AGCO", "reportedCurrency": "USD", "cik": "0000880266", "fillingDate": "1993-12-31", "acceptedDate": "1993-12-30 19:00:00", "calendarYear": "1993", "period": "FY", "revenue": 595700000, "costOfRevenue": 467500000, "grossProfit": 128200000, "grossProfitRatio": 0.2152089978, "researchAndDevelopmentExpenses": 0, "generalAndAdministrativeExpenses": 77400000, "sellingAndMarketingExpenses": 0, "sellingGeneralAndAdministrativeExpenses": 77400000, "otherExpenses": 2900000, "operatingExpenses": 80300000, "costAndExpenses": 547800000, "interestIncome": 0, "interestExpense": 0, "depreciationAndAmortization": 2900000, "ebitda": 46700000, "ebitdaratio": 0.0783951654, "operatingIncome": 47900000, "operatingIncomeRatio": 0.0804096021, "totalOtherIncomeExpensesNet": 4100000, "incomeBeforeTax": 52000000, "incomeBeforeTaxRatio": 0.0872922612, "incomeTaxExpense": 13800000, "netIncome": 34100000, "netIncomeRatio": 0.057243579, "eps": 1.11, "epsdiluted": 0.93, "weightedAverageShsOut": 27387387, "weightedAverageShsOutDil": 32688172, "link": "", "finalLink": "", "calculatedOtherExpenses": 2900000, "calculatedOperatingExpenses": 80300000, "calculatedNetInterest": 0, "calculatedOtherIncome": 4100000, "calculatedIncomeNonControlling": 4100000, "calculatedEbitda": 50800000}, {"date": "1992-12-31", "symbol": "AGCO", "reportedCurrency": "USD", "cik": "0000880266", "fillingDate": "1992-12-31", "acceptedDate": "1992-12-30 19:00:00", "calendarYear": "1992", "period": "FY", "revenue": 314500000, "costOfRevenue": 254800000, "grossProfit": 59700000, "grossProfitRatio": 0.1898251192, "researchAndDevelopmentExpenses": 0, "generalAndAdministrativeExpenses": 43900000, "sellingAndMarketingExpenses": 0, "sellingGeneralAndAdministrativeExpenses": 43900000, "otherExpenses": 1700000, "operatingExpenses": 45600000, "costAndExpenses": 300400000, "interestIncome": 0, "interestExpense": 0, "depreciationAndAmortization": 1700000, "ebitda": 11500000, "ebitdaratio": 0.0365659777, "operatingIncome": 14100000, "operatingIncomeRatio": 0.0448330684, "totalOtherIncomeExpensesNet": 4300000, "incomeBeforeTax": 18400000, "incomeBeforeTaxRatio": 0.0585055644, "incomeTaxExpense": 8100000, "netIncome": 6000000, "netIncomeRatio": 0.0190779014, "eps": 0.27, "epsdiluted": 0.27, "weightedAverageShsOut": 22222222, "weightedAverageShsOutDil": 22222222, "link": "", "finalLink": "", "calculatedOtherExpenses": 1700000, "calculatedOperatingExpenses": 45600000, "calculatedNetInterest": 0, "calculatedOtherIncome": 4300000, "calculatedIncomeNonControlling": 4300000, "calculatedEbitda": 15800000}]}