{"originalCurrency": "USD", "convertedCurrency": "USD", "report": [{"date": "2023-12-31", "symbol": "AGNCL", "reportedCurrency": "USD", "cik": "0001423689", "fillingDate": "2024-02-22", "acceptedDate": "2024-02-22 17:09:50", "calendarYear": "2023", "period": "FY", "revenue": 251000000, "costOfRevenue": 96000000, "grossProfit": 155000000, "grossProfitRatio": 0.6175298805, "researchAndDevelopmentExpenses": 0, "generalAndAdministrativeExpenses": 62000000, "sellingAndMarketingExpenses": 0, "sellingGeneralAndAdministrativeExpenses": 62000000, "otherExpenses": 96000000, "operatingExpenses": 96000000, "costAndExpenses": 192000000, "interestIncome": 2041000000, "interestExpense": 2287000000, "depreciationAndAmortization": -155000000, "ebitda": 691000000, "ebitdaratio": 2.7529880478, "operatingIncome": 691000000, "operatingIncomeRatio": 2.7529880478, "totalOtherIncomeExpensesNet": -659000000, "incomeBeforeTax": 155000000, "incomeBeforeTaxRatio": 0.6175298805, "incomeTaxExpense": 32000000, "netIncome": 155000000, "netIncomeRatio": 0.6175298805, "eps": 0.25, "epsdiluted": 0.25, "weightedAverageShsOut": 618400000, "weightedAverageShsOutDil": 619600000, "link": "https://www.sec.gov/Archives/edgar/data/1423689/000142368924000005/0001423689-24-000005-index.htm", "finalLink": "https://www.sec.gov/Archives/edgar/data/1423689/000142368924000005/agnc-20231231.htm", "calculatedOtherExpenses": -598000000, "calculatedOperatingExpenses": -536000000, "calculatedNetInterest": -246000000, "calculatedOtherIncome": -290000000, "calculatedIncomeNonControlling": -32000000, "calculatedEbitda": 536000000}, {"date": "2022-12-31", "symbol": "AGNCL", "reportedCurrency": "USD", "cik": "0001423689", "fillingDate": "2023-02-27", "acceptedDate": "2023-02-24 18:07:39", "calendarYear": "2022", "period": "FY", "revenue": 2549000000, "costOfRevenue": 74000000, "grossProfit": 2475000000, "grossProfitRatio": 0.9709690075, "researchAndDevelopmentExpenses": 0, "generalAndAdministrativeExpenses": 41000000, "sellingAndMarketingExpenses": 0, "sellingGeneralAndAdministrativeExpenses": 41000000, "otherExpenses": 74000000, "operatingExpenses": 74000000, "costAndExpenses": 148000000, "interestIncome": 1590000000, "interestExpense": 625000000, "depreciationAndAmortization": 1190000000, "ebitda": -565000000, "ebitdaratio": -0.2216555512, "operatingIncome": -565000000, "operatingIncomeRatio": -0.2216555512, "totalOtherIncomeExpensesNet": -625000000, "incomeBeforeTax": -1190000000, "incomeBeforeTaxRatio": -0.466849745, "incomeTaxExpense": -1190000000, "netIncome": -1190000000, "netIncomeRatio": -0.466849745, "eps": -2.22, "epsdiluted": -2.22, "weightedAverageShsOut": 537000000, "weightedAverageShsOutDil": 537000000, "link": "https://www.sec.gov/Archives/edgar/data/1423689/000142368923000017/0001423689-23-000017-index.htm", "finalLink": "https://www.sec.gov/Archives/edgar/data/1423689/000142368923000017/agnc-20221231.htm", "calculatedOtherExpenses": 2999000000, "calculatedOperatingExpenses": 3040000000, "calculatedNetInterest": 965000000, "calculatedOtherIncome": -1590000000, "calculatedIncomeNonControlling": 1190000000, "calculatedEbitda": 625000000}, {"date": "2021-12-31", "symbol": "AGNCL", "reportedCurrency": "USD", "cik": "0001423689", "fillingDate": "2022-02-23", "acceptedDate": "2022-02-23 16:38:48", "calendarYear": "2021", "period": "FY", "revenue": 837000000, "costOfRevenue": 88000000, "grossProfit": 749000000, "grossProfitRatio": 0.8948626045, "researchAndDevelopmentExpenses": 0, "generalAndAdministrativeExpenses": 54000000, "sellingAndMarketingExpenses": 0, "sellingGeneralAndAdministrativeExpenses": 54000000, "otherExpenses": -142000000, "operatingExpenses": -88000000, "costAndExpenses": -88000000, "interestIncome": 1361000000, "interestExpense": 75000000, "depreciationAndAmortization": -749000000, "ebitda": 749000000, "ebitdaratio": 0.8948626045, "operatingIncome": 749000000, "operatingIncomeRatio": 0.8948626045, "totalOtherIncomeExpensesNet": 164000000, "incomeBeforeTax": 749000000, "incomeBeforeTaxRatio": 0.8948626045, "incomeTaxExpense": 100000000, "netIncome": 749000000, "netIncomeRatio": 0.8948626045, "eps": 1.23, "epsdiluted": 1.22, "weightedAverageShsOut": 528100000, "weightedAverageShsOutDil": 530000000, "link": "https://www.sec.gov/Archives/edgar/data/1423689/000142368922000014/0001423689-22-000014-index.htm", "finalLink": "https://www.sec.gov/Archives/edgar/data/1423689/000142368922000014/agnc-20211231.htm", "calculatedOtherExpenses": -54000000, "calculatedOperatingExpenses": 0, "calculatedNetInterest": 1286000000, "calculatedOtherIncome": -1286000000, "calculatedIncomeNonControlling": -100000000, "calculatedEbitda": 0}, {"date": "2020-12-31", "symbol": "AGNCL", "reportedCurrency": "USD", "cik": "0001423689", "fillingDate": "2021-02-26", "acceptedDate": "2021-02-26 16:15:12", "calendarYear": "2020", "period": "FY", "revenue": -173000000, "costOfRevenue": 266000000, "grossProfit": -439000000, "grossProfitRatio": 2.5375722543, "researchAndDevelopmentExpenses": 0, "generalAndAdministrativeExpenses": 56000000, "sellingAndMarketingExpenses": 0, "sellingGeneralAndAdministrativeExpenses": 56000000, "otherExpenses": -149000000, "operatingExpenses": -93000000, "costAndExpenses": -93000000, "interestIncome": 1519000000, "interestExpense": 674000000, "depreciationAndAmortization": 266000000, "ebitda": -266000000, "ebitdaratio": 1.5375722543, "operatingIncome": -266000000, "operatingIncomeRatio": 1.5375722543, "totalOtherIncomeExpensesNet": 3305000000, "incomeBeforeTax": -266000000, "incomeBeforeTaxRatio": 1.5375722543, "incomeTaxExpense": 3039000000, "netIncome": -266000000, "netIncomeRatio": 1.5375722543, "eps": -0.48, "epsdiluted": -0.48, "weightedAverageShsOut": 551600000, "weightedAverageShsOutDil": 551600000, "link": "https://www.sec.gov/Archives/edgar/data/1423689/000142368921000011/0001423689-21-000011-index.htm", "finalLink": "https://www.sec.gov/Archives/edgar/data/1423689/000142368921000011/agnc-20201231.htm", "calculatedOtherExpenses": -229000000, "calculatedOperatingExpenses": -173000000, "calculatedNetInterest": 845000000, "calculatedOtherIncome": -845000000, "calculatedIncomeNonControlling": -3039000000, "calculatedEbitda": 0}, {"date": "2019-12-31", "symbol": "AGNCL", "reportedCurrency": "USD", "cik": "0001423689", "fillingDate": "2020-02-25", "acceptedDate": "2020-02-25 13:56:19", "calendarYear": "2019", "period": "FY", "revenue": 771000000, "costOfRevenue": 0, "grossProfit": 771000000, "grossProfitRatio": 1, "researchAndDevelopmentExpenses": 0, "generalAndAdministrativeExpenses": 47000000, "sellingAndMarketingExpenses": 0, "sellingGeneralAndAdministrativeExpenses": 47000000, "otherExpenses": -130000000, "operatingExpenses": -83000000, "costAndExpenses": -83000000, "interestIncome": 2842000000, "interestExpense": 2149000000, "depreciationAndAmortization": -688000000, "ebitda": 688000000, "ebitdaratio": 0.8923476005, "operatingIncome": 688000000, "operatingIncomeRatio": 0.8923476005, "totalOtherIncomeExpensesNet": -2149000000, "incomeBeforeTax": 688000000, "incomeBeforeTaxRatio": 0.8923476005, "incomeTaxExpense": -1461000000, "netIncome": 688000000, "netIncomeRatio": 0.8923476005, "eps": 1.16, "epsdiluted": 1.16, "weightedAverageShsOut": 540600000, "weightedAverageShsOutDil": 541400000, "link": "https://www.sec.gov/Archives/edgar/data/1423689/000142368920000019/0001423689-20-000019-index.htm", "finalLink": "https://www.sec.gov/Archives/edgar/data/1423689/000142368920000019/agnc10k123119.htm", "calculatedOtherExpenses": 36000000, "calculatedOperatingExpenses": 83000000, "calculatedNetInterest": 693000000, "calculatedOtherIncome": -693000000, "calculatedIncomeNonControlling": 1461000000, "calculatedEbitda": 0}, {"date": "2018-12-31", "symbol": "AGNCL", "reportedCurrency": "USD", "cik": "0001423689", "fillingDate": "2019-02-22", "acceptedDate": "2019-02-22 16:04:28", "calendarYear": "2018", "period": "FY", "revenue": 229000000, "costOfRevenue": 0, "grossProfit": 229000000, "grossProfitRatio": 1, "researchAndDevelopmentExpenses": 0, "generalAndAdministrativeExpenses": 45000000, "sellingAndMarketingExpenses": 0, "sellingGeneralAndAdministrativeExpenses": 45000000, "otherExpenses": 1775000000, "operatingExpenses": 1820000000, "costAndExpenses": 1820000000, "interestIncome": 1949000000, "interestExpense": 1173000000, "depreciationAndAmortization": 25000000, "ebitda": 1327000000, "ebitdaratio": 5.7947598253, "operatingIncome": 1302000000, "operatingIncomeRatio": 5.6855895197, "totalOtherIncomeExpensesNet": -1173000000, "incomeBeforeTax": 129000000, "incomeBeforeTaxRatio": 0.5633187773, "incomeTaxExpense": 0, "netIncome": 129000000, "netIncomeRatio": 0.5633187773, "eps": 0.29, "epsdiluted": 0.29, "weightedAverageShsOut": 441100000, "weightedAverageShsOutDil": 441400000, "link": "https://www.sec.gov/Archives/edgar/data/1423689/000142368919000007/0001423689-19-000007-index.htm", "finalLink": "https://www.sec.gov/Archives/edgar/data/1423689/000142368919000007/agnc10k123118.htm", "calculatedOtherExpenses": -1118000000, "calculatedOperatingExpenses": -1073000000, "calculatedNetInterest": 776000000, "calculatedOtherIncome": -1949000000, "calculatedIncomeNonControlling": 0, "calculatedEbitda": 1327000000}, {"date": "2017-12-31", "symbol": "AGNCL", "reportedCurrency": "USD", "cik": "0001423689", "fillingDate": "2018-02-26", "acceptedDate": "2018-02-26 16:57:41", "calendarYear": "2017", "period": "FY", "revenue": 841000000, "costOfRevenue": 0, "grossProfit": 841000000, "grossProfitRatio": 1, "researchAndDevelopmentExpenses": 0, "generalAndAdministrativeExpenses": 42000000, "sellingAndMarketingExpenses": 0, "sellingGeneralAndAdministrativeExpenses": 42000000, "otherExpenses": 0, "operatingExpenses": 0, "costAndExpenses": 0, "interestIncome": 1293000000, "interestExpense": 524000000, "depreciationAndAmortization": 3000000, "ebitda": 774000000, "ebitdaratio": 0.920332937, "operatingIncome": 771000000, "operatingIncomeRatio": 0.9167657551, "totalOtherIncomeExpensesNet": 0, "incomeBeforeTax": 771000000, "incomeBeforeTaxRatio": 0.9167657551, "incomeTaxExpense": 0, "netIncome": 771000000, "netIncomeRatio": 0.9167657551, "eps": 2.04, "epsdiluted": 2.04, "weightedAverageShsOut": 358600000, "weightedAverageShsOutDil": 358700000, "link": "https://www.sec.gov/Archives/edgar/data/1423689/000142368918000007/0001423689-18-000007-index.htm", "finalLink": "https://www.sec.gov/Archives/edgar/data/1423689/000142368918000007/agnc10k123117.htm", "calculatedOtherExpenses": 28000000, "calculatedOperatingExpenses": 70000000, "calculatedNetInterest": 769000000, "calculatedOtherIncome": -769000000, "calculatedIncomeNonControlling": 0, "calculatedEbitda": 774000000}, {"date": "2016-12-31", "symbol": "AGNCL", "reportedCurrency": "USD", "cik": "0001423689", "fillingDate": "2017-02-27", "acceptedDate": "2017-02-27 17:11:41", "calendarYear": "2016", "period": "FY", "revenue": 676000000, "costOfRevenue": 0, "grossProfit": 676000000, "grossProfitRatio": 1, "researchAndDevelopmentExpenses": 0, "generalAndAdministrativeExpenses": 19000000, "sellingAndMarketingExpenses": 0, "sellingGeneralAndAdministrativeExpenses": 19000000, "otherExpenses": 0, "operatingExpenses": 0, "costAndExpenses": 0, "interestIncome": 1321000000, "interestExpense": 394000000, "depreciationAndAmortization": 2000000, "ebitda": 625000000, "ebitdaratio": 0.924556213, "operatingIncome": 623000000, "operatingIncomeRatio": 0.9215976331, "totalOtherIncomeExpensesNet": 0, "incomeBeforeTax": 623000000, "incomeBeforeTaxRatio": 0.9215976331, "incomeTaxExpense": 0, "netIncome": 623000000, "netIncomeRatio": 0.9215976331, "eps": 1.79, "epsdiluted": 1.79, "weightedAverageShsOut": 331900000, "weightedAverageShsOutDil": 331900000, "link": "https://www.sec.gov/Archives/edgar/data/1423689/000142368917000011/0001423689-17-000011-index.htm", "finalLink": "https://www.sec.gov/Archives/edgar/data/1423689/000142368917000011/agnc10k123116.htm", "calculatedOtherExpenses": 34000000, "calculatedOperatingExpenses": 53000000, "calculatedNetInterest": 927000000, "calculatedOtherIncome": -927000000, "calculatedIncomeNonControlling": 0, "calculatedEbitda": 625000000}, {"date": "2015-12-31", "symbol": "AGNCL", "reportedCurrency": "USD", "cik": "0001423689", "fillingDate": "2016-02-23", "acceptedDate": "2016-02-23 16:04:53", "calendarYear": "2015", "period": "FY", "revenue": 238000000, "costOfRevenue": 0, "grossProfit": 238000000, "grossProfitRatio": 1, "researchAndDevelopmentExpenses": 0, "generalAndAdministrativeExpenses": 23000000, "sellingAndMarketingExpenses": 0, "sellingGeneralAndAdministrativeExpenses": 23000000, "otherExpenses": 0, "operatingExpenses": 0, "costAndExpenses": 0, "interestIncome": 1466000000, "interestExpense": 330000000, "depreciationAndAmortization": 0, "ebitda": 215000000, "ebitdaratio": 0.9033613445, "operatingIncome": 215000000, "operatingIncomeRatio": 0.9033613445, "totalOtherIncomeExpensesNet": 0, "incomeBeforeTax": 215000000, "incomeBeforeTaxRatio": 0.9033613445, "incomeTaxExpense": 0, "netIncome": 215000000, "netIncomeRatio": 0.9033613445, "eps": 0.54, "epsdiluted": 0.54, "weightedAverageShsOut": 348600000, "weightedAverageShsOutDil": 348600000, "link": "https://www.sec.gov/Archives/edgar/data/1423689/000142368916000053/0001423689-16-000053-index.htm", "finalLink": "https://www.sec.gov/Archives/edgar/data/1423689/000142368916000053/agnc10k123115.htm", "calculatedOtherExpenses": 0, "calculatedOperatingExpenses": 23000000, "calculatedNetInterest": 1136000000, "calculatedOtherIncome": -1136000000, "calculatedIncomeNonControlling": 0, "calculatedEbitda": 215000000}, {"date": "2014-12-31", "symbol": "AGNCL", "reportedCurrency": "USD", "cik": "0001423689", "fillingDate": "2015-02-25", "acceptedDate": "2015-02-25 17:17:17", "calendarYear": "2014", "period": "FY", "revenue": -211000000, "costOfRevenue": 0, "grossProfit": -211000000, "grossProfitRatio": 1, "researchAndDevelopmentExpenses": 0, "generalAndAdministrativeExpenses": 22000000, "sellingAndMarketingExpenses": 0, "sellingGeneralAndAdministrativeExpenses": 22000000, "otherExpenses": 0, "operatingExpenses": 0, "costAndExpenses": 0, "interestIncome": 1472000000, "interestExpense": 372000000, "depreciationAndAmortization": 0, "ebitda": -233000000, "ebitdaratio": 1.1042654028, "operatingIncome": -233000000, "operatingIncomeRatio": 1.1042654028, "totalOtherIncomeExpensesNet": 0, "incomeBeforeTax": -233000000, "incomeBeforeTaxRatio": 1.1042654028, "incomeTaxExpense": 0, "netIncome": -233000000, "netIncomeRatio": 1.1042654028, "eps": -0.66, "epsdiluted": -0.66, "weightedAverageShsOut": 353300000, "weightedAverageShsOutDil": 353300000, "link": "https://www.sec.gov/Archives/edgar/data/1423689/000142368915000006/0001423689-15-000006-index.htm", "finalLink": "https://www.sec.gov/Archives/edgar/data/1423689/000142368915000006/agnc10k123114.htm", "calculatedOtherExpenses": 0, "calculatedOperatingExpenses": 22000000, "calculatedNetInterest": 1100000000, "calculatedOtherIncome": -1100000000, "calculatedIncomeNonControlling": 0, "calculatedEbitda": -233000000}, {"date": "2013-12-31", "symbol": "AGNCL", "reportedCurrency": "USD", "cik": "0001423689", "fillingDate": "2014-02-27", "acceptedDate": "2014-02-27 12:28:29", "calendarYear": "2013", "period": "FY", "revenue": 1304000000, "costOfRevenue": 0, "grossProfit": 1304000000, "grossProfitRatio": 1, "researchAndDevelopmentExpenses": 0, "generalAndAdministrativeExpenses": 32000000, "sellingAndMarketingExpenses": 0, "sellingGeneralAndAdministrativeExpenses": 32000000, "otherExpenses": 0, "operatingExpenses": 0, "costAndExpenses": 0, "interestIncome": 2193000000, "interestExpense": 536000000, "depreciationAndAmortization": 0, "ebitda": 1272000000, "ebitdaratio": 0.9754601227, "operatingIncome": 1272000000, "operatingIncomeRatio": 0.9754601227, "totalOtherIncomeExpensesNet": 0, "incomeBeforeTax": 1272000000, "incomeBeforeTaxRatio": 0.9754601227, "incomeTaxExpense": 13000000, "netIncome": 1259000000, "netIncomeRatio": 0.9654907975, "eps": 3.28, "epsdiluted": 3.28, "weightedAverageShsOut": 379100000, "weightedAverageShsOutDil": 379100000, "link": "https://www.sec.gov/Archives/edgar/data/1423689/000142368914000008/0001423689-14-000008-index.htm", "finalLink": "https://www.sec.gov/Archives/edgar/data/1423689/000142368914000008/agnc10k123113.htm", "calculatedOtherExpenses": 0, "calculatedOperatingExpenses": 32000000, "calculatedNetInterest": 1657000000, "calculatedOtherIncome": -1657000000, "calculatedIncomeNonControlling": 0, "calculatedEbitda": 1272000000}, {"date": "2012-12-31", "symbol": "AGNCL", "reportedCurrency": "USD", "cik": "0001423689", "fillingDate": "2013-02-27", "acceptedDate": "2013-02-26 17:54:55", "calendarYear": "2012", "period": "FY", "revenue": 1327000000, "costOfRevenue": 0, "grossProfit": 1327000000, "grossProfitRatio": 1, "researchAndDevelopmentExpenses": 0, "generalAndAdministrativeExpenses": 31000000, "sellingAndMarketingExpenses": 0, "sellingGeneralAndAdministrativeExpenses": 31000000, "otherExpenses": 0, "operatingExpenses": 0, "costAndExpenses": 0, "interestIncome": 2109000000, "interestExpense": 512000000, "depreciationAndAmortization": 0, "ebitda": 1296000000, "ebitdaratio": 0.9766390354, "operatingIncome": 1296000000, "operatingIncomeRatio": 0.9766390354, "totalOtherIncomeExpensesNet": 0, "incomeBeforeTax": 1296000000, "incomeBeforeTaxRatio": 0.9766390354, "incomeTaxExpense": 19000000, "netIncome": 1277000000, "netIncomeRatio": 0.9623210249, "eps": 4.17, "epsdiluted": 4.17, "weightedAverageShsOut": 303900000, "weightedAverageShsOutDil": 303900000, "link": "https://www.sec.gov/Archives/edgar/data/1423689/000142368913000007/0001423689-13-000007-index.htm", "finalLink": "https://www.sec.gov/Archives/edgar/data/1423689/000142368913000007/agnc10k123112.htm", "calculatedOtherExpenses": 0, "calculatedOperatingExpenses": 31000000, "calculatedNetInterest": 1597000000, "calculatedOtherIncome": -1597000000, "calculatedIncomeNonControlling": 0, "calculatedEbitda": 1296000000}, {"date": "2011-12-31", "symbol": "AGNCL", "reportedCurrency": "USD", "cik": "0001423689", "fillingDate": "2012-02-23", "acceptedDate": "2012-02-23 09:42:01", "calendarYear": "2011", "period": "FY", "revenue": 850643000, "costOfRevenue": 0, "grossProfit": 850643000, "grossProfitRatio": 1, "researchAndDevelopmentExpenses": 0, "generalAndAdministrativeExpenses": 73958000, "sellingAndMarketingExpenses": 0, "sellingGeneralAndAdministrativeExpenses": 73958000, "otherExpenses": 0, "operatingExpenses": 0, "costAndExpenses": 0, "interestIncome": 1108872000, "interestExpense": 284575000, "depreciationAndAmortization": 0, "ebitda": 776685000, "ebitdaratio": 0.9130563585, "operatingIncome": 776685000, "operatingIncomeRatio": 0.9130563585, "totalOtherIncomeExpensesNet": 0, "incomeBeforeTax": 776685000, "incomeBeforeTaxRatio": 0.9130563585, "incomeTaxExpense": 6205000, "netIncome": 770480000, "netIncomeRatio": 0.9057618766, "eps": 5.02, "epsdiluted": 5.02, "weightedAverageShsOut": 153344000, "weightedAverageShsOutDil": 153344000, "link": "https://www.sec.gov/Archives/edgar/data/1423689/000142368912000005/0001423689-12-000005-index.htm", "finalLink": "https://www.sec.gov/Archives/edgar/data/1423689/000142368912000005/agnc10k123111.htm", "calculatedOtherExpenses": 0, "calculatedOperatingExpenses": 73958000, "calculatedNetInterest": 824297000, "calculatedOtherIncome": -824297000, "calculatedIncomeNonControlling": 0, "calculatedEbitda": 776685000}, {"date": "2010-12-31", "symbol": "AGNCL", "reportedCurrency": "USD", "cik": "0001423689", "fillingDate": "2011-02-25", "acceptedDate": "2011-02-25 12:55:48", "calendarYear": "2010", "period": "FY", "revenue": 130398000, "costOfRevenue": 0, "grossProfit": 130398000, "grossProfitRatio": 1, "researchAndDevelopmentExpenses": 0, "generalAndAdministrativeExpenses": 18806000, "sellingAndMarketingExpenses": 0, "sellingGeneralAndAdministrativeExpenses": 18806000, "otherExpenses": 0, "operatingExpenses": 0, "costAndExpenses": 0, "interestIncome": 253005000, "interestExpense": 76026000, "depreciationAndAmortization": 0, "ebitda": 288571000, "ebitdaratio": 2.2130017332, "operatingIncome": 288571000, "operatingIncomeRatio": 2.2130017332, "totalOtherIncomeExpensesNet": 0, "incomeBeforeTax": 288571000, "incomeBeforeTaxRatio": 2.2130017332, "incomeTaxExpense": 455000, "netIncome": 288116000, "netIncomeRatio": 2.2095124158, "eps": 7.89, "epsdiluted": 7.89, "weightedAverageShsOut": 36495000, "weightedAverageShsOutDil": 36495000, "link": "https://www.sec.gov/Archives/edgar/data/1423689/000119312511046920/0001193125-11-046920-index.htm", "finalLink": "https://www.sec.gov/Archives/edgar/data/1423689/000119312511046920/d10k.htm", "calculatedOtherExpenses": -176979000, "calculatedOperatingExpenses": -158173000, "calculatedNetInterest": 176979000, "calculatedOtherIncome": -176979000, "calculatedIncomeNonControlling": 0, "calculatedEbitda": 288571000}, {"date": "2009-12-31", "symbol": "AGNCL", "reportedCurrency": "USD", "cik": "0001423689", "fillingDate": "2010-02-24", "acceptedDate": "2010-02-24 13:49:42", "calendarYear": "2009", "period": "FY", "revenue": 130091000, "costOfRevenue": 0, "grossProfit": 130091000, "grossProfitRatio": 1, "researchAndDevelopmentExpenses": 0, "generalAndAdministrativeExpenses": 11145000, "sellingAndMarketingExpenses": 0, "sellingGeneralAndAdministrativeExpenses": 11145000, "otherExpenses": 0, "operatingExpenses": 0, "costAndExpenses": 0, "interestIncome": 127920000, "interestExpense": 43539000, "depreciationAndAmortization": 26084000, "ebitda": 145030000, "ebitdaratio": 1.1148350001, "operatingIncome": 118946000, "operatingIncomeRatio": 0.9143292003, "totalOtherIncomeExpensesNet": 0, "incomeBeforeTax": 118946000, "incomeBeforeTaxRatio": 0.9143292003, "incomeTaxExpense": 335000, "netIncome": 118611000, "netIncomeRatio": 0.9117540798, "eps": 6.78, "epsdiluted": 6.78, "weightedAverageShsOut": 17507000, "weightedAverageShsOutDil": 17507000, "link": "https://www.sec.gov/Archives/edgar/data/1423689/000119312510038638/0001193125-10-038638-index.htm", "finalLink": "https://www.sec.gov/Archives/edgar/data/1423689/000119312510038638/d10k.htm", "calculatedOtherExpenses": 0, "calculatedOperatingExpenses": 11145000, "calculatedNetInterest": 84381000, "calculatedOtherIncome": -84381000, "calculatedIncomeNonControlling": 0, "calculatedEbitda": 145030000}, {"date": "2008-12-31", "symbol": "AGNCL", "reportedCurrency": "USD", "cik": "0001423689", "fillingDate": "2009-02-17", "acceptedDate": "2009-02-17 12:05:03", "calendarYear": "2008", "period": "FY", "revenue": 41107000, "costOfRevenue": 0, "grossProfit": 41107000, "grossProfitRatio": 1, "researchAndDevelopmentExpenses": 0, "generalAndAdministrativeExpenses": 5755000, "sellingAndMarketingExpenses": 0, "sellingGeneralAndAdministrativeExpenses": 5755000, "otherExpenses": 0, "operatingExpenses": 0, "costAndExpenses": 0, "interestIncome": 55127000, "interestExpense": 24937000, "depreciationAndAmortization": 10763000, "ebitda": 46115000, "ebitdaratio": 1.1218283991, "operatingIncome": 35352000, "operatingIncomeRatio": 0.8599995135, "totalOtherIncomeExpensesNet": 0, "incomeBeforeTax": 0, "incomeBeforeTaxRatio": 0, "incomeTaxExpense": 0, "netIncome": 35352000, "netIncomeRatio": 0.8599995135, "eps": 2.36, "epsdiluted": 2.36, "weightedAverageShsOut": 15000000, "weightedAverageShsOutDil": 15000000, "link": "https://www.sec.gov/Archives/edgar/data/1423689/000119312509030689/0001193125-09-030689-index.htm", "finalLink": "https://www.sec.gov/Archives/edgar/data/1423689/000119312509030689/d10k.htm", "calculatedOtherExpenses": 0, "calculatedOperatingExpenses": 5755000, "calculatedNetInterest": 30190000, "calculatedOtherIncome": -65542000, "calculatedIncomeNonControlling": -35352000, "calculatedEbitda": 46115000}]}