{"originalCurrency": "USD", "convertedCurrency": "USD", "report": [{"date": "2023-12-31", "symbol": "AGR", "reportedCurrency": "USD", "cik": "0001634997", "fillingDate": "2024-02-22", "acceptedDate": "2024-02-22 16:07:23", "calendarYear": "2023", "period": "FY", "revenue": 8309000000, "costOfRevenue": 5538000000, "grossProfit": 2771000000, "grossProfitRatio": 0.3334938019, "researchAndDevelopmentExpenses": 0, "generalAndAdministrativeExpenses": 0, "sellingAndMarketingExpenses": 0, "sellingGeneralAndAdministrativeExpenses": 22000000, "otherExpenses": 47000000, "operatingExpenses": 1841000000, "costAndExpenses": 7379000000, "interestIncome": 0, "interestExpense": 409000000, "depreciationAndAmortization": 1158000000, "ebitda": 2141000000, "ebitdaratio": 0.2576724034, "operatingIncome": 930000000, "operatingIncomeRatio": 0.1119268263, "totalOtherIncomeExpensesNet": 135000000, "incomeBeforeTax": 656000000, "incomeBeforeTaxRatio": 0.0789505356, "incomeTaxExpense": -9000000, "netIncome": 786000000, "netIncomeRatio": 0.094596221, "eps": 2.03, "epsdiluted": 2.03, "weightedAverageShsOut": 386810088, "weightedAverageShsOutDil": 387164874, "link": "https://www.sec.gov/Archives/edgar/data/1634997/000163499724000031/0001634997-24-000031-index.htm", "finalLink": "https://www.sec.gov/Archives/edgar/data/1634997/000163499724000031/agr-20231231.htm", "calculatedOtherExpenses": 1819000000, "calculatedOperatingExpenses": 1841000000, "calculatedNetInterest": -409000000, "calculatedOtherIncome": 135000000, "calculatedIncomeNonControlling": -121000000, "calculatedEbitda": 2088000000}, {"date": "2022-12-31", "symbol": "AGR", "reportedCurrency": "USD", "cik": "0001634997", "fillingDate": "2023-02-22", "acceptedDate": "2023-02-22 16:07:11", "calendarYear": "2022", "period": "FY", "revenue": 7923000000, "costOfRevenue": 5328000000, "grossProfit": 2595000000, "grossProfitRatio": 0.3275274517, "researchAndDevelopmentExpenses": 0, "generalAndAdministrativeExpenses": 0, "sellingAndMarketingExpenses": 0, "sellingGeneralAndAdministrativeExpenses": 58000000, "otherExpenses": 1743000000, "operatingExpenses": 1743000000, "costAndExpenses": 7071000000, "interestIncome": 303000000, "interestExpense": 303000000, "depreciationAndAmortization": 1085000000, "ebitda": 2229000000, "ebitdaratio": 0.2813328285, "operatingIncome": 1144000000, "operatingIncomeRatio": 0.1443897514, "totalOtherIncomeExpensesNet": -303000000, "incomeBeforeTax": 841000000, "incomeBeforeTaxRatio": 0.1061466616, "incomeTaxExpense": 20000000, "netIncome": 881000000, "netIncomeRatio": 0.1111952543, "eps": 2.28, "epsdiluted": 2.28, "weightedAverageShsOut": 386727246, "weightedAverageShsOutDil": 387215785, "link": "https://www.sec.gov/Archives/edgar/data/1634997/000163499723000023/0001634997-23-000023-index.htm", "finalLink": "https://www.sec.gov/Archives/edgar/data/1634997/000163499723000023/agr-20221231.htm", "calculatedOtherExpenses": 1393000000, "calculatedOperatingExpenses": 1451000000, "calculatedNetInterest": 0, "calculatedOtherIncome": -303000000, "calculatedIncomeNonControlling": -60000000, "calculatedEbitda": 2229000000}, {"date": "2021-12-31", "symbol": "AGR", "reportedCurrency": "USD", "cik": "0001634997", "fillingDate": "2022-02-23", "acceptedDate": "2022-02-23 16:06:06", "calendarYear": "2021", "period": "FY", "revenue": 6974000000, "costOfRevenue": 4425000000, "grossProfit": 2549000000, "grossProfitRatio": 0.3655004302, "researchAndDevelopmentExpenses": 40000000, "generalAndAdministrativeExpenses": 0, "sellingAndMarketingExpenses": 0, "sellingGeneralAndAdministrativeExpenses": 37000000, "otherExpenses": 1654000000, "operatingExpenses": 1654000000, "costAndExpenses": 6079000000, "interestIncome": 298000000, "interestExpense": 298000000, "depreciationAndAmortization": 1081000000, "ebitda": 1976000000, "ebitdaratio": 0.283338113, "operatingIncome": 895000000, "operatingIncomeRatio": 0.1283338113, "totalOtherIncomeExpensesNet": -231000000, "incomeBeforeTax": 664000000, "incomeBeforeTaxRatio": 0.0952107829, "incomeTaxExpense": 21000000, "netIncome": 707000000, "netIncomeRatio": 0.1013765414, "eps": 1.97, "epsdiluted": 1.97, "weightedAverageShsOut": 358086621, "weightedAverageShsOutDil": 358578608, "link": "https://www.sec.gov/Archives/edgar/data/1634997/000163499722000013/0001634997-22-000013-index.htm", "finalLink": "https://www.sec.gov/Archives/edgar/data/1634997/000163499722000013/agr-20211231.htm", "calculatedOtherExpenses": 1577000000, "calculatedOperatingExpenses": 1654000000, "calculatedNetInterest": 0, "calculatedOtherIncome": -231000000, "calculatedIncomeNonControlling": -64000000, "calculatedEbitda": 1976000000}, {"date": "2020-12-31", "symbol": "AGR", "reportedCurrency": "USD", "cik": "0001634997", "fillingDate": "2021-03-01", "acceptedDate": "2021-03-01 16:04:56", "calendarYear": "2020", "period": "FY", "revenue": 6320000000, "costOfRevenue": 3845000000, "grossProfit": 2475000000, "grossProfitRatio": 0.3916139241, "researchAndDevelopmentExpenses": 0, "generalAndAdministrativeExpenses": 0, "sellingAndMarketingExpenses": 0, "sellingGeneralAndAdministrativeExpenses": 62000000, "otherExpenses": 1606000000, "operatingExpenses": 1606000000, "costAndExpenses": 5451000000, "interestIncome": 316000000, "interestExpense": 316000000, "depreciationAndAmortization": 1002000000, "ebitda": 1871000000, "ebitdaratio": 0.2960443038, "operatingIncome": 869000000, "operatingIncomeRatio": 0.1375, "totalOtherIncomeExpensesNet": -301000000, "incomeBeforeTax": 568000000, "incomeBeforeTaxRatio": 0.0898734177, "incomeTaxExpense": 29000000, "netIncome": 581000000, "netIncomeRatio": 0.0919303797, "eps": 1.88, "epsdiluted": 1.88, "weightedAverageShsOut": 309494939, "weightedAverageShsOutDil": 309559387, "link": "https://www.sec.gov/Archives/edgar/data/1634997/000163499721000024/0001634997-21-000024-index.htm", "finalLink": "https://www.sec.gov/Archives/edgar/data/1634997/000163499721000024/agr-20201231.htm", "calculatedOtherExpenses": 1544000000, "calculatedOperatingExpenses": 1606000000, "calculatedNetInterest": 0, "calculatedOtherIncome": -301000000, "calculatedIncomeNonControlling": -42000000, "calculatedEbitda": 1871000000}, {"date": "2019-12-31", "symbol": "AGR", "reportedCurrency": "USD", "cik": "0001634997", "fillingDate": "2020-03-02", "acceptedDate": "2020-03-02 16:25:15", "calendarYear": "2019", "period": "FY", "revenue": 6338000000, "costOfRevenue": 3810000000, "grossProfit": 2528000000, "grossProfitRatio": 0.398863995, "researchAndDevelopmentExpenses": 0, "generalAndAdministrativeExpenses": 0, "sellingAndMarketingExpenses": 0, "sellingGeneralAndAdministrativeExpenses": 79000000, "otherExpenses": 1525000000, "operatingExpenses": 1525000000, "costAndExpenses": 5335000000, "interestIncome": 310000000, "interestExpense": 306000000, "depreciationAndAmortization": 1056000000, "ebitda": 2059000000, "ebitdaratio": 0.3248658883, "operatingIncome": 1003000000, "operatingIncomeRatio": 0.1582518145, "totalOtherIncomeExpensesNet": -184000000, "incomeBeforeTax": 819000000, "incomeBeforeTaxRatio": 0.1292205743, "incomeTaxExpense": 143000000, "netIncome": 700000000, "netIncomeRatio": 0.1104449353, "eps": 2.16, "epsdiluted": 2.15, "weightedAverageShsOut": 309491082, "weightedAverageShsOutDil": 309514910, "link": "https://www.sec.gov/Archives/edgar/data/1634997/000163499720000017/0001634997-20-000017-index.htm", "finalLink": "https://www.sec.gov/Archives/edgar/data/1634997/000163499720000017/agr201910-k.htm", "calculatedOtherExpenses": 1446000000, "calculatedOperatingExpenses": 1525000000, "calculatedNetInterest": 4000000, "calculatedOtherIncome": -188000000, "calculatedIncomeNonControlling": -24000000, "calculatedEbitda": 2059000000}, {"date": "2018-12-31", "symbol": "AGR", "reportedCurrency": "USD", "cik": "0001634997", "fillingDate": "2019-03-01", "acceptedDate": "2019-03-01 06:15:11", "calendarYear": "2018", "period": "FY", "revenue": 6478000000, "costOfRevenue": 3901000000, "grossProfit": 2577000000, "grossProfitRatio": 0.3978079654, "researchAndDevelopmentExpenses": 0, "generalAndAdministrativeExpenses": 0, "sellingAndMarketingExpenses": 0, "sellingGeneralAndAdministrativeExpenses": 128000000, "otherExpenses": -66000000, "operatingExpenses": 1434000000, "costAndExpenses": 5335000000, "interestIncome": 0, "interestExpense": 303000000, "depreciationAndAmortization": 855000000, "ebitda": 1942000000, "ebitdaratio": 0.2997838839, "operatingIncome": 1127000000, "operatingIncomeRatio": 0.1739734486, "totalOtherIncomeExpensesNet": -72000000, "incomeBeforeTax": 768000000, "incomeBeforeTaxRatio": 0.1185551096, "incomeTaxExpense": 170000000, "netIncome": 595000000, "netIncomeRatio": 0.0918493362, "eps": 1.92, "epsdiluted": 1.92, "weightedAverageShsOut": 309500000, "weightedAverageShsOutDil": 309700000, "link": "https://www.sec.gov/Archives/edgar/data/1634997/000163499719000009/0001634997-19-000009-index.htm", "finalLink": "https://www.sec.gov/Archives/edgar/data/1634997/000163499719000009/agr201810-k.htm", "calculatedOtherExpenses": 1322000000, "calculatedOperatingExpenses": 1450000000, "calculatedNetInterest": -303000000, "calculatedOtherIncome": -56000000, "calculatedIncomeNonControlling": 3000000, "calculatedEbitda": 1982000000}, {"date": "2017-12-31", "symbol": "AGR", "reportedCurrency": "USD", "cik": "0001634997", "fillingDate": "2018-03-26", "acceptedDate": "2018-03-26 16:56:50", "calendarYear": "2017", "period": "FY", "revenue": 5963000000, "costOfRevenue": 3549000000, "grossProfit": 2414000000, "grossProfitRatio": 0.4048297837, "researchAndDevelopmentExpenses": 0, "generalAndAdministrativeExpenses": 0, "sellingAndMarketingExpenses": 0, "sellingGeneralAndAdministrativeExpenses": 120000000, "otherExpenses": 58000000, "operatingExpenses": 1387000000, "costAndExpenses": 4936000000, "interestIncome": 0, "interestExpense": 280000000, "depreciationAndAmortization": 824000000, "ebitda": 1869000000, "ebitdaratio": 0.3134328358, "operatingIncome": 385000000, "operatingIncomeRatio": 0.0645648164, "totalOtherIncomeExpensesNet": -624000000, "incomeBeforeTax": 123000000, "incomeBeforeTaxRatio": 0.0206272011, "incomeTaxExpense": -259000000, "netIncome": 381000000, "netIncomeRatio": 0.0638940131, "eps": 1.23, "epsdiluted": 1.23, "weightedAverageShsOut": 309500000, "weightedAverageShsOutDil": 309700000, "link": "https://www.sec.gov/Archives/edgar/data/1634997/000156459018006767/0001564590-18-006767-index.htm", "finalLink": "https://www.sec.gov/Archives/edgar/data/1634997/000156459018006767/agr-10k_20171231.htm", "calculatedOtherExpenses": 1909000000, "calculatedOperatingExpenses": 2029000000, "calculatedNetInterest": -280000000, "calculatedOtherIncome": 18000000, "calculatedIncomeNonControlling": 1000000, "calculatedEbitda": 1209000000}, {"date": "2016-12-31", "symbol": "AGR", "reportedCurrency": "USD", "cik": "0001634997", "fillingDate": "2017-03-10", "acceptedDate": "2017-03-10 17:24:47", "calendarYear": "2016", "period": "FY", "revenue": 6018000000, "costOfRevenue": 3492000000, "grossProfit": 2526000000, "grossProfitRatio": 0.4197407777, "researchAndDevelopmentExpenses": 0, "generalAndAdministrativeExpenses": 0, "sellingAndMarketingExpenses": 0, "sellingGeneralAndAdministrativeExpenses": 0, "otherExpenses": -192000000, "operatingExpenses": 1332000000, "costAndExpenses": 4824000000, "interestIncome": 0, "interestExpense": 268000000, "depreciationAndAmortization": 804000000, "ebitda": 1998000000, "ebitdaratio": 0.332003988, "operatingIncome": 1194000000, "operatingIncomeRatio": 0.1984047856, "totalOtherIncomeExpensesNet": -185000000, "incomeBeforeTax": 1009000000, "incomeBeforeTaxRatio": 0.1676636756, "incomeTaxExpense": 379000000, "netIncome": 630000000, "netIncomeRatio": 0.1046859422, "eps": 2.04, "epsdiluted": 2.04, "weightedAverageShsOut": 309512553, "weightedAverageShsOutDil": 309817322, "link": "https://www.sec.gov/Archives/edgar/data/1634997/000156459017004016/0001564590-17-004016-index.htm", "finalLink": "https://www.sec.gov/Archives/edgar/data/1634997/000156459017004016/agr-10k_20161231.htm", "calculatedOtherExpenses": 1332000000, "calculatedOperatingExpenses": 1332000000, "calculatedNetInterest": -268000000, "calculatedOtherIncome": 83000000, "calculatedIncomeNonControlling": 0, "calculatedEbitda": 1998000000}, {"date": "2015-12-31", "symbol": "AGR", "reportedCurrency": "USD", "cik": "0001634997", "fillingDate": "2016-04-01", "acceptedDate": "2016-04-01 15:24:43", "calendarYear": "2015", "period": "FY", "revenue": 4367000000, "costOfRevenue": 2780000000, "grossProfit": 1587000000, "grossProfitRatio": 0.3634073735, "researchAndDevelopmentExpenses": 0, "generalAndAdministrativeExpenses": 0, "sellingAndMarketingExpenses": 0, "sellingGeneralAndAdministrativeExpenses": 0, "otherExpenses": 34000000, "operatingExpenses": 1062000000, "costAndExpenses": 3842000000, "interestIncome": 0, "interestExpense": 267000000, "depreciationAndAmortization": 796000000, "ebitda": 1355000000, "ebitdaratio": 0.3102816579, "operatingIncome": 513000000, "operatingIncomeRatio": 0.1174719487, "totalOtherIncomeExpensesNet": 43000000, "incomeBeforeTax": 301000000, "incomeBeforeTaxRatio": 0.0689260362, "incomeTaxExpense": 34000000, "netIncome": 267000000, "netIncomeRatio": 0.061140371, "eps": 1.07, "epsdiluted": 1.07, "weightedAverageShsOut": 254588212, "weightedAverageShsOutDil": 254605111, "link": "https://www.sec.gov/Archives/edgar/data/1634997/000156459016015808/0001564590-16-015808-index.htm", "finalLink": "https://www.sec.gov/Archives/edgar/data/1634997/000156459016015808/agr-10k_20151231.htm", "calculatedOtherExpenses": 1074000000, "calculatedOperatingExpenses": 1074000000, "calculatedNetInterest": -267000000, "calculatedOtherIncome": 55000000, "calculatedIncomeNonControlling": 0, "calculatedEbitda": 1309000000}, {"date": "2014-12-31", "symbol": "AGR", "reportedCurrency": "USD", "cik": "0001634997", "fillingDate": "2014-12-31", "acceptedDate": "2014-12-30 19:00:00", "calendarYear": "2014", "period": "FY", "revenue": 1631943000, "costOfRevenue": 1087368000, "grossProfit": 544575000, "grossProfitRatio": 0.3336973166, "researchAndDevelopmentExpenses": 0, "generalAndAdministrativeExpenses": 2200000, "sellingAndMarketingExpenses": 0, "sellingGeneralAndAdministrativeExpenses": 2200000, "otherExpenses": 3676000, "operatingExpenses": 292028000, "costAndExpenses": 1379396000, "interestIncome": 2573000, "interestExpense": 93941000, "depreciationAndAmortization": 153996000, "ebitda": 424246000, "ebitdaratio": 0.2599637365, "operatingIncome": 247403000, "operatingIncomeRatio": 0.1516002704, "totalOtherIncomeExpensesNet": 8401000, "incomeBeforeTax": 167141000, "incomeBeforeTaxRatio": 0.1024184055, "incomeTaxExpense": 57562000, "netIncome": 109579000, "netIncomeRatio": 0.0671463403, "eps": 1.68, "epsdiluted": 1.68, "weightedAverageShsOut": 252235232, "weightedAverageShsOutDil": 252235232, "link": "", "finalLink": "", "calculatedOtherExpenses": 294972000, "calculatedOperatingExpenses": 297172000, "calculatedNetInterest": -91368000, "calculatedOtherIncome": 11106000, "calculatedIncomeNonControlling": 0, "calculatedEbitda": 401399000}, {"date": "2013-12-31", "symbol": "AGR", "reportedCurrency": "USD", "cik": "0001634997", "fillingDate": "2013-12-31", "acceptedDate": "2013-12-30 19:00:00", "calendarYear": "2013", "period": "FY", "revenue": 1618716000, "costOfRevenue": 1049559000, "grossProfit": 569157000, "grossProfitRatio": 0.3516101651, "researchAndDevelopmentExpenses": 0, "generalAndAdministrativeExpenses": 70000, "sellingAndMarketingExpenses": 0, "sellingGeneralAndAdministrativeExpenses": 70000, "otherExpenses": -11000, "operatingExpenses": 320384000, "costAndExpenses": 1369943000, "interestIncome": 2733000, "interestExpense": 89338000, "depreciationAndAmortization": 192287000, "ebitda": 456623000, "ebitdaratio": 0.2820896315, "operatingIncome": 240489000, "operatingIncomeRatio": 0.1485677537, "totalOtherIncomeExpensesNet": 24888000, "incomeBeforeTax": 184625000, "incomeBeforeTaxRatio": 0.1140564497, "incomeTaxExpense": 69308000, "netIncome": 115317000, "netIncomeRatio": 0.0712397975, "eps": -0.2, "epsdiluted": -0.2, "weightedAverageShsOut": 252235232, "weightedAverageShsOutDil": 252235232, "link": "", "finalLink": "", "calculatedOtherExpenses": 328598000, "calculatedOperatingExpenses": 328668000, "calculatedNetInterest": -86605000, "calculatedOtherIncome": 30741000, "calculatedIncomeNonControlling": 0, "calculatedEbitda": 432776000}, {"date": "2012-12-31", "symbol": "AGR", "reportedCurrency": "USD", "cik": "0001634997", "fillingDate": "2012-12-31", "acceptedDate": "2012-12-30 19:00:00", "calendarYear": "2012", "period": "FY", "revenue": 1486501000, "costOfRevenue": 960526000, "grossProfit": 525975000, "grossProfitRatio": 0.3538342726, "researchAndDevelopmentExpenses": 0, "generalAndAdministrativeExpenses": -3488000, "sellingAndMarketingExpenses": 0, "sellingGeneralAndAdministrativeExpenses": -3488000, "otherExpenses": 1923000, "operatingExpenses": 291897000, "costAndExpenses": 1252423000, "interestIncome": 2631000, "interestExpense": 90105000, "depreciationAndAmortization": 183785000, "ebitda": 419980000, "ebitdaratio": 0.2825292415, "operatingIncome": 230590000, "operatingIncomeRatio": 0.1551226673, "totalOtherIncomeExpensesNet": 19127000, "incomeBeforeTax": 163294000, "incomeBeforeTaxRatio": 0.1098512547, "incomeTaxExpense": 74866000, "netIncome": 103701000, "netIncomeRatio": 0.0697618098, "eps": 2.04, "epsdiluted": 2.02, "weightedAverageShsOut": 50831000, "weightedAverageShsOutDil": 51108000, "link": "", "finalLink": "", "calculatedOtherExpenses": 298873000, "calculatedOperatingExpenses": 295385000, "calculatedNetInterest": -87474000, "calculatedOtherIncome": 20178000, "calculatedIncomeNonControlling": -15273000, "calculatedEbitda": 414375000}, {"date": "2011-12-31", "symbol": "AGR", "reportedCurrency": "USD", "cik": "0001634997", "fillingDate": "2011-12-31", "acceptedDate": "2011-12-30 19:00:00", "calendarYear": "2011", "period": "FY", "revenue": 1570447000, "costOfRevenue": 687225000, "grossProfit": 883222000, "grossProfitRatio": 0.5624016602, "researchAndDevelopmentExpenses": 0, "generalAndAdministrativeExpenses": 0, "sellingAndMarketingExpenses": 0, "sellingGeneralAndAdministrativeExpenses": 0, "otherExpenses": 663840000, "operatingExpenses": 663840000, "costAndExpenses": 1351065000, "interestIncome": 3483000, "interestExpense": 95385000, "depreciationAndAmortization": 170237000, "ebitda": 393102000, "ebitdaratio": 0.2503121723, "operatingIncome": 219382000, "operatingIncomeRatio": 0.1396939852, "totalOtherIncomeExpensesNet": 23449000, "incomeBeforeTax": 150929000, "incomeBeforeTaxRatio": 0.0961057584, "incomeTaxExpense": 62501000, "netIncome": 99710000, "netIncomeRatio": 0.0634914773, "eps": 1.96, "epsdiluted": 1.95, "weightedAverageShsOut": 50609000, "weightedAverageShsOutDil": 50926000, "link": "", "finalLink": "", "calculatedOtherExpenses": 663840000, "calculatedOperatingExpenses": 663840000, "calculatedNetInterest": -91902000, "calculatedOtherIncome": 23449000, "calculatedIncomeNonControlling": -11282000, "calculatedEbitda": 389619000}, {"date": "2010-12-31", "symbol": "AGR", "reportedCurrency": "USD", "cik": "0001634997", "fillingDate": "2010-12-31", "acceptedDate": "2010-12-30 19:00:00", "calendarYear": "2010", "period": "FY", "revenue": 997666000, "costOfRevenue": 395865000, "grossProfit": 601801000, "grossProfitRatio": 0.6032088895, "researchAndDevelopmentExpenses": 0, "generalAndAdministrativeExpenses": 0, "sellingAndMarketingExpenses": 0, "sellingGeneralAndAdministrativeExpenses": 0, "otherExpenses": 450930000, "operatingExpenses": 450930000, "costAndExpenses": 846795000, "interestIncome": 4163000, "interestExpense": 53698000, "depreciationAndAmortization": 115489000, "ebitda": 270523000, "ebitdaratio": 0.2711558778, "operatingIncome": 125299000, "operatingIncomeRatio": 0.125592132, "totalOtherIncomeExpensesNet": -12473000, "incomeBeforeTax": 88863000, "incomeBeforeTaxRatio": 0.0890708915, "incomeTaxExpense": 35284000, "netIncome": 54857000, "netIncomeRatio": 0.0549853358, "eps": 1.53, "epsdiluted": 1.52, "weightedAverageShsOut": 35722000, "weightedAverageShsOutDil": 36083000, "link": "", "finalLink": "", "calculatedOtherExpenses": 476502000, "calculatedOperatingExpenses": 476502000, "calculatedNetInterest": -49535000, "calculatedOtherIncome": 13099000, "calculatedIncomeNonControlling": -1278000, "calculatedEbitda": 240788000}, {"date": "2009-12-31", "symbol": "AGR", "reportedCurrency": "USD", "cik": "0001634997", "fillingDate": "2009-12-31", "acceptedDate": "2009-12-30 19:00:00", "calendarYear": "2009", "period": "FY", "revenue": 896550000, "costOfRevenue": 390351000, "grossProfit": 506199000, "grossProfitRatio": 0.5646076627, "researchAndDevelopmentExpenses": 0, "generalAndAdministrativeExpenses": 0, "sellingAndMarketingExpenses": 0, "sellingGeneralAndAdministrativeExpenses": 0, "otherExpenses": 383781000, "operatingExpenses": 383781000, "costAndExpenses": 774132000, "interestIncome": 3231000, "interestExpense": 40400000, "depreciationAndAmortization": 98116000, "ebitda": 220534000, "ebitdaratio": 0.2459807038, "operatingIncome": 122418000, "operatingIncomeRatio": 0.1365434164, "totalOtherIncomeExpensesNet": 5586000, "incomeBeforeTax": 87604000, "incomeBeforeTaxRatio": 0.0977123418, "incomeTaxExpense": 33204000, "netIncome": 54317000, "netIncomeRatio": 0.0605844627, "eps": 1.94, "epsdiluted": 1.93, "weightedAverageShsOut": 28027000, "weightedAverageShsOutDil": 28273000, "link": "", "finalLink": "", "calculatedOtherExpenses": 383781000, "calculatedOperatingExpenses": 383781000, "calculatedNetInterest": -37169000, "calculatedOtherIncome": 2355000, "calculatedIncomeNonControlling": 83000, "calculatedEbitda": 220534000}, {"date": "2008-12-31", "symbol": "AGR", "reportedCurrency": "USD", "cik": "0001634997", "fillingDate": "2008-12-31", "acceptedDate": "2008-12-30 19:00:00", "calendarYear": "2008", "period": "FY", "revenue": 948720000, "costOfRevenue": 470613000, "grossProfit": 478107000, "grossProfitRatio": 0.503949532, "researchAndDevelopmentExpenses": 0, "generalAndAdministrativeExpenses": 0, "sellingAndMarketingExpenses": 0, "sellingGeneralAndAdministrativeExpenses": 0, "otherExpenses": 363980000, "operatingExpenses": 834593000, "costAndExpenses": 834593000, "interestIncome": 2090000, "interestExpense": 34152000, "depreciationAndAmortization": 101129000, "ebitda": 215256000, "ebitdaratio": 0.2268909689, "operatingIncome": 114127000, "operatingIncomeRatio": 0.1202957669, "totalOtherIncomeExpensesNet": -205000, "incomeBeforeTax": 83314000, "incomeBeforeTaxRatio": 0.0878172696, "incomeTaxExpense": 34724000, "netIncome": 48148000, "netIncomeRatio": 0.0507504849, "eps": 1.92, "epsdiluted": 1.89, "weightedAverageShsOut": 25114000, "weightedAverageShsOutDil": 25477000, "link": "", "finalLink": "", "calculatedOtherExpenses": 363980000, "calculatedOperatingExpenses": 363980000, "calculatedNetInterest": -32062000, "calculatedOtherIncome": 1249000, "calculatedIncomeNonControlling": 442000, "calculatedEbitda": 215256000}, {"date": "2007-12-31", "symbol": "AGR", "reportedCurrency": "USD", "cik": "0001634997", "fillingDate": "2007-12-31", "acceptedDate": "2007-12-30 19:00:00", "calendarYear": "2007", "period": "FY", "revenue": 981999000, "costOfRevenue": 516487000, "grossProfit": 465512000, "grossProfitRatio": 0.4740452893, "researchAndDevelopmentExpenses": 0, "generalAndAdministrativeExpenses": 0, "sellingAndMarketingExpenses": 0, "sellingGeneralAndAdministrativeExpenses": 0, "otherExpenses": 377009000, "operatingExpenses": 377009000, "costAndExpenses": 893496000, "interestIncome": 0, "interestExpense": 0, "depreciationAndAmortization": 71007000, "ebitda": 175551000, "ebitdaratio": 0.1787690211, "operatingIncome": 88503000, "operatingIncomeRatio": 0.0901253464, "totalOtherIncomeExpensesNet": 4984000, "incomeBeforeTax": 77205000, "incomeBeforeTaxRatio": 0.078620243, "incomeTaxExpense": 30512000, "netIncome": 44697000, "netIncomeRatio": 0.0455163396, "eps": 1.79, "epsdiluted": 1.77, "weightedAverageShsOut": 24986000, "weightedAverageShsOutDil": 25299000, "link": "", "finalLink": "", "calculatedOtherExpenses": 377009000, "calculatedOperatingExpenses": 377009000, "calculatedNetInterest": 0, "calculatedOtherIncome": -11298000, "calculatedIncomeNonControlling": 1996000, "calculatedEbitda": 159510000}, {"date": "2006-12-31", "symbol": "AGR", "reportedCurrency": "USD", "cik": "0001634997", "fillingDate": "2006-12-31", "acceptedDate": "2006-12-30 19:00:00", "calendarYear": "2006", "period": "FY", "revenue": 845950000, "costOfRevenue": 413851000, "grossProfit": 432099000, "grossProfitRatio": 0.5107855074, "researchAndDevelopmentExpenses": 0, "generalAndAdministrativeExpenses": 0, "sellingAndMarketingExpenses": 0, "sellingGeneralAndAdministrativeExpenses": 0, "otherExpenses": 354702000, "operatingExpenses": 354702000, "costAndExpenses": 768553000, "interestIncome": 0, "interestExpense": 0, "depreciationAndAmortization": 72695000, "ebitda": 119835000, "ebitdaratio": 0.1416573084, "operatingIncome": 77397000, "operatingIncomeRatio": 0.0914912229, "totalOtherIncomeExpensesNet": 30257000, "incomeBeforeTax": 84806000, "incomeBeforeTaxRatio": 0.1002494237, "incomeTaxExpense": 26188000, "netIncome": -65164000, "netIncomeRatio": -0.0770305574, "eps": -2.67, "epsdiluted": -2.63, "weightedAverageShsOut": 24441000, "weightedAverageShsOutDil": 24812000, "link": "", "finalLink": "", "calculatedOtherExpenses": 354702000, "calculatedOperatingExpenses": 354702000, "calculatedNetInterest": 0, "calculatedOtherIncome": 7409000, "calculatedIncomeNonControlling": 123782000, "calculatedEbitda": 150092000}, {"date": "2005-12-31", "symbol": "AGR", "reportedCurrency": "USD", "cik": "0001634997", "fillingDate": "2005-12-31", "acceptedDate": "2005-12-30 19:00:00", "calendarYear": "2005", "period": "FY", "revenue": 1213096000, "costOfRevenue": 413930000, "grossProfit": 799166000, "grossProfitRatio": 0.6587821574, "researchAndDevelopmentExpenses": 0, "generalAndAdministrativeExpenses": 0, "sellingAndMarketingExpenses": 0, "sellingGeneralAndAdministrativeExpenses": 0, "otherExpenses": 724410000, "operatingExpenses": 724410000, "costAndExpenses": 1138340000, "interestIncome": 0, "interestExpense": 0, "depreciationAndAmortization": 48827000, "ebitda": 139343000, "ebitdaratio": 0.1148656001, "operatingIncome": 74756000, "operatingIncomeRatio": 0.0616241419, "totalOtherIncomeExpensesNet": 5991000, "incomeBeforeTax": 56132000, "incomeBeforeTaxRatio": 0.0462716883, "incomeTaxExpense": 24776000, "netIncome": 31254000, "netIncomeRatio": 0.0257638307, "eps": 1.29, "epsdiluted": 1.28, "weightedAverageShsOut": 24245000, "weightedAverageShsOutDil": 24492000, "link": "", "finalLink": "", "calculatedOtherExpenses": 724410000, "calculatedOperatingExpenses": 724410000, "calculatedNetInterest": 0, "calculatedOtherIncome": -18624000, "calculatedIncomeNonControlling": 102000, "calculatedEbitda": 123583000}, {"date": "2004-12-31", "symbol": "AGR", "reportedCurrency": "USD", "cik": "0001634997", "fillingDate": "2004-12-31", "acceptedDate": "2004-12-30 19:00:00", "calendarYear": "2004", "period": "FY", "revenue": 1101287000, "costOfRevenue": 377905000, "grossProfit": 723382000, "grossProfitRatio": 0.6568514838, "researchAndDevelopmentExpenses": 0, "generalAndAdministrativeExpenses": 0, "sellingAndMarketingExpenses": 0, "sellingGeneralAndAdministrativeExpenses": 0, "otherExpenses": 636882000, "operatingExpenses": 636882000, "costAndExpenses": 1014787000, "interestIncome": 0, "interestExpense": 0, "depreciationAndAmortization": 46679000, "ebitda": 153622000, "ebitdaratio": 0.1394931566, "operatingIncome": 86500000, "operatingIncomeRatio": 0.0785444666, "totalOtherIncomeExpensesNet": 2454000, "incomeBeforeTax": 67653000, "incomeBeforeTaxRatio": 0.0614308532, "incomeTaxExpense": 30735000, "netIncome": 86945000, "netIncomeRatio": 0.0789485393, "eps": 3.63, "epsdiluted": 3.6, "weightedAverageShsOut": 23983000, "weightedAverageShsOutDil": 23983000, "link": "", "finalLink": "", "calculatedOtherExpenses": 636882000, "calculatedOperatingExpenses": 636882000, "calculatedNetInterest": 0, "calculatedOtherIncome": -18847000, "calculatedIncomeNonControlling": -50027000, "calculatedEbitda": 133179000}, {"date": "2003-12-31", "symbol": "AGR", "reportedCurrency": "USD", "cik": "0001634997", "fillingDate": "2003-12-31", "acceptedDate": "2003-12-30 19:00:00", "calendarYear": "2003", "period": "FY", "revenue": 963677000, "costOfRevenue": 272673000, "grossProfit": 691004000, "grossProfitRatio": 0.7170493848, "researchAndDevelopmentExpenses": 0, "generalAndAdministrativeExpenses": 0, "sellingAndMarketingExpenses": 0, "sellingGeneralAndAdministrativeExpenses": 0, "otherExpenses": 603314000, "operatingExpenses": 603314000, "costAndExpenses": 875987000, "interestIncome": 0, "interestExpense": 0, "depreciationAndAmortization": 59472000, "ebitda": 167906000, "ebitdaratio": 0.174234728, "operatingIncome": 87690000, "operatingIncomeRatio": 0.0909952194, "totalOtherIncomeExpensesNet": 3290000, "incomeBeforeTax": 62987000, "incomeBeforeTaxRatio": 0.0653611117, "incomeTaxExpense": 33450000, "netIncome": 23286000, "netIncomeRatio": 0.024163698, "eps": 0.98, "epsdiluted": 0.98, "weightedAverageShsOut": 23818000, "weightedAverageShsOutDil": 23818000, "link": "", "finalLink": "", "calculatedOtherExpenses": 603314000, "calculatedOperatingExpenses": 603314000, "calculatedNetInterest": 0, "calculatedOtherIncome": -24703000, "calculatedIncomeNonControlling": 6251000, "calculatedEbitda": 147162000}, {"date": "2002-12-31", "symbol": "AGR", "reportedCurrency": "USD", "cik": "0001634997", "fillingDate": "2002-12-31", "acceptedDate": "2002-12-30 19:00:00", "calendarYear": "2002", "period": "FY", "revenue": 1131022000, "costOfRevenue": 269195000, "grossProfit": 861827000, "grossProfitRatio": 0.7619895988, "researchAndDevelopmentExpenses": 0, "generalAndAdministrativeExpenses": 0, "sellingAndMarketingExpenses": 0, "sellingGeneralAndAdministrativeExpenses": 0, "otherExpenses": 742470000, "operatingExpenses": 742470000, "costAndExpenses": 1011665000, "interestIncome": 0, "interestExpense": 0, "depreciationAndAmortization": 80328000, "ebitda": 219326000, "ebitdaratio": 0.1939184207, "operatingIncome": 119357000, "operatingIncomeRatio": 0.1055302196, "totalOtherIncomeExpensesNet": -1871000, "incomeBeforeTax": 80210000, "incomeBeforeTaxRatio": 0.0709181607, "incomeTaxExpense": 36263000, "netIncome": 43947000, "netIncomeRatio": 0.0388560081, "eps": 1.85, "epsdiluted": 1.84, "weightedAverageShsOut": 23732000, "weightedAverageShsOutDil": 23787000, "link": "", "finalLink": "", "calculatedOtherExpenses": 742470000, "calculatedOperatingExpenses": 742470000, "calculatedNetInterest": 0, "calculatedOtherIncome": -39147000, "calculatedIncomeNonControlling": 0, "calculatedEbitda": 199685000}, {"date": "2001-12-31", "symbol": "AGR", "reportedCurrency": "USD", "cik": "0001634997", "fillingDate": "2001-12-31", "acceptedDate": "2001-12-30 19:00:00", "calendarYear": "2001", "period": "FY", "revenue": 1085846000, "costOfRevenue": 271907000, "grossProfit": 813939000, "grossProfitRatio": 0.7495897208, "researchAndDevelopmentExpenses": 0, "generalAndAdministrativeExpenses": 0, "sellingAndMarketingExpenses": 0, "sellingGeneralAndAdministrativeExpenses": 0, "otherExpenses": 671390000, "operatingExpenses": 671390000, "costAndExpenses": 943297000, "interestIncome": 0, "interestExpense": 0, "depreciationAndAmortization": 86631000, "ebitda": 234445000, "ebitdaratio": 0.2159099909, "operatingIncome": 142549000, "operatingIncomeRatio": 0.1312792053, "totalOtherIncomeExpensesNet": 6388000, "incomeBeforeTax": 107554000, "incomeBeforeTaxRatio": 0.0990508783, "incomeTaxExpense": 48191000, "netIncome": 59363000, "netIncomeRatio": 0.0546698151, "eps": 4.21, "epsdiluted": 4.21, "weightedAverageShsOut": 14097000, "weightedAverageShsOutDil": 14147000, "link": "", "finalLink": "", "calculatedOtherExpenses": 671390000, "calculatedOperatingExpenses": 671390000, "calculatedNetInterest": 0, "calculatedOtherIncome": -34995000, "calculatedIncomeNonControlling": 0, "calculatedEbitda": 229180000}, {"date": "2000-12-31", "symbol": "AGR", "reportedCurrency": "USD", "cik": "0001634997", "fillingDate": "2000-12-31", "acceptedDate": "2000-12-30 19:00:00", "calendarYear": "2000", "period": "FY", "revenue": 704691000, "costOfRevenue": 286835000, "grossProfit": 417856000, "grossProfitRatio": 0.5929634407, "researchAndDevelopmentExpenses": 0, "generalAndAdministrativeExpenses": 25989000, "sellingAndMarketingExpenses": 0, "sellingGeneralAndAdministrativeExpenses": 25989000, "otherExpenses": 418085000, "operatingExpenses": 444074000, "costAndExpenses": 730909000, "interestIncome": 0, "interestExpense": 0, "depreciationAndAmortization": 66068000, "ebitda": -131676000, "ebitdaratio": -0.1868563668, "operatingIncome": -26218000, "operatingIncomeRatio": -0.0372049593, "totalOtherIncomeExpensesNet": 175171000, "incomeBeforeTax": 108786000, "incomeBeforeTaxRatio": 0.1543740448, "incomeTaxExpense": 48029000, "netIncome": 60757000, "netIncomeRatio": 0.086217931, "eps": 4.32, "epsdiluted": 4.31, "weightedAverageShsOut": 14073000, "weightedAverageShsOutDil": 14098000, "link": "", "finalLink": "", "calculatedOtherExpenses": 418085000, "calculatedOperatingExpenses": 444074000, "calculatedNetInterest": 0, "calculatedOtherIncome": 135004000, "calculatedIncomeNonControlling": 0, "calculatedEbitda": 39850000}, {"date": "1999-12-31", "symbol": "AGR", "reportedCurrency": "USD", "cik": "0001634997", "fillingDate": "1999-12-31", "acceptedDate": "1999-12-30 19:00:00", "calendarYear": "1999", "period": "FY", "revenue": 680000000, "costOfRevenue": 193300000, "grossProfit": 486700000, "grossProfitRatio": 0.7157352941, "researchAndDevelopmentExpenses": 0, "generalAndAdministrativeExpenses": 0, "sellingAndMarketingExpenses": 0, "sellingGeneralAndAdministrativeExpenses": 0, "otherExpenses": 329000000, "operatingExpenses": 329000000, "costAndExpenses": 522300000, "interestIncome": 0, "interestExpense": 0, "depreciationAndAmortization": 105200000, "ebitda": 262900000, "ebitdaratio": 0.3866176471, "operatingIncome": 157700000, "operatingIncomeRatio": 0.2319117647, "totalOtherIncomeExpensesNet": -800000, "incomeBeforeTax": 114100000, "incomeBeforeTaxRatio": 0.1677941176, "incomeTaxExpense": 61900000, "netIncome": 52200000, "netIncomeRatio": 0.0767647059, "eps": 2.23, "epsdiluted": 2.23, "weightedAverageShsOut": 23405211, "weightedAverageShsOutDil": 23405211, "link": "", "finalLink": "", "calculatedOtherExpenses": 329000000, "calculatedOperatingExpenses": 329000000, "calculatedNetInterest": 0, "calculatedOtherIncome": -43600000, "calculatedIncomeNonControlling": 0, "calculatedEbitda": 262900000}, {"date": "1998-12-31", "symbol": "AGR", "reportedCurrency": "USD", "cik": "0001634997", "fillingDate": "1998-12-31", "acceptedDate": "1998-12-30 19:00:00", "calendarYear": "1998", "period": "FY", "revenue": 686200000, "costOfRevenue": 186100000, "grossProfit": 500100000, "grossProfitRatio": 0.7287962693, "researchAndDevelopmentExpenses": 0, "generalAndAdministrativeExpenses": 0, "sellingAndMarketingExpenses": 0, "sellingGeneralAndAdministrativeExpenses": 0, "otherExpenses": 352800000, "operatingExpenses": 352800000, "costAndExpenses": 538900000, "interestIncome": 0, "interestExpense": 0, "depreciationAndAmortization": 111400000, "ebitda": 258700000, "ebitdaratio": 0.377003789, "operatingIncome": 147300000, "operatingIncomeRatio": 0.2146604488, "totalOtherIncomeExpensesNet": -3800000, "incomeBeforeTax": 90000000, "incomeBeforeTaxRatio": 0.1311570971, "incomeTaxExpense": 47800000, "netIncome": 42200000, "netIncomeRatio": 0.0614981055, "eps": 1.8, "epsdiluted": 1.8, "weightedAverageShsOut": 23333333, "weightedAverageShsOutDil": 23333333, "link": "", "finalLink": "", "calculatedOtherExpenses": 352800000, "calculatedOperatingExpenses": 352800000, "calculatedNetInterest": 0, "calculatedOtherIncome": -57300000, "calculatedIncomeNonControlling": 0, "calculatedEbitda": 258700000}, {"date": "1997-12-31", "symbol": "AGR", "reportedCurrency": "USD", "cik": "0001634997", "fillingDate": "1997-12-31", "acceptedDate": "1997-12-30 19:00:00", "calendarYear": "1997", "period": "FY", "revenue": 710300000, "costOfRevenue": 222600000, "grossProfit": 487700000, "grossProfitRatio": 0.686611291, "researchAndDevelopmentExpenses": 0, "generalAndAdministrativeExpenses": 0, "sellingAndMarketingExpenses": 0, "sellingGeneralAndAdministrativeExpenses": 0, "otherExpenses": 344500000, "operatingExpenses": 344500000, "costAndExpenses": 567100000, "interestIncome": 0, "interestExpense": 0, "depreciationAndAmortization": 93700000, "ebitda": 236900000, "ebitdaratio": 0.3335210474, "operatingIncome": 143200000, "operatingIncomeRatio": 0.2016049557, "totalOtherIncomeExpensesNet": 4200000, "incomeBeforeTax": 84600000, "incomeBeforeTaxRatio": 0.1191046037, "incomeTaxExpense": 38800000, "netIncome": 45800000, "netIncomeRatio": 0.0644797973, "eps": 1.96, "epsdiluted": 1.96, "weightedAverageShsOut": 23241590, "weightedAverageShsOutDil": 23312883, "link": "", "finalLink": "", "calculatedOtherExpenses": 344500000, "calculatedOperatingExpenses": 344500000, "calculatedNetInterest": 0, "calculatedOtherIncome": -58600000, "calculatedIncomeNonControlling": 0, "calculatedEbitda": 236900000}, {"date": "1996-12-31", "symbol": "AGR", "reportedCurrency": "USD", "cik": "0001634997", "fillingDate": "1996-12-31", "acceptedDate": "1996-12-30 19:00:00", "calendarYear": "1996", "period": "FY", "revenue": 726000000, "costOfRevenue": 207300000, "grossProfit": 518700000, "grossProfitRatio": 0.7144628099, "researchAndDevelopmentExpenses": 0, "generalAndAdministrativeExpenses": 0, "sellingAndMarketingExpenses": 0, "sellingGeneralAndAdministrativeExpenses": 0, "otherExpenses": 357700000, "operatingExpenses": 357700000, "costAndExpenses": 565000000, "interestIncome": 0, "interestExpense": 0, "depreciationAndAmortization": 95800000, "ebitda": 256800000, "ebitdaratio": 0.3537190083, "operatingIncome": 161000000, "operatingIncomeRatio": 0.2217630854, "totalOtherIncomeExpensesNet": -7200000, "incomeBeforeTax": 82900000, "incomeBeforeTaxRatio": 0.1141873278, "incomeTaxExpense": 43800000, "netIncome": 39100000, "netIncomeRatio": 0.0538567493, "eps": 1.73, "epsdiluted": 1.72, "weightedAverageShsOut": 22453704, "weightedAverageShsOutDil": 22531940, "link": "", "finalLink": "", "calculatedOtherExpenses": 357700000, "calculatedOperatingExpenses": 357700000, "calculatedNetInterest": 0, "calculatedOtherIncome": -78100000, "calculatedIncomeNonControlling": 0, "calculatedEbitda": 256800000}, {"date": "1995-12-31", "symbol": "AGR", "reportedCurrency": "USD", "cik": "0001634997", "fillingDate": "1995-12-31", "acceptedDate": "1995-12-30 19:00:00", "calendarYear": "1995", "period": "FY", "revenue": 690400000, "costOfRevenue": 185600000, "grossProfit": 504800000, "grossProfitRatio": 0.731170336, "researchAndDevelopmentExpenses": 0, "generalAndAdministrativeExpenses": 0, "sellingAndMarketingExpenses": 0, "sellingGeneralAndAdministrativeExpenses": 0, "otherExpenses": 322000000, "operatingExpenses": 322000000, "costAndExpenses": 507600000, "interestIncome": 0, "interestExpense": 0, "depreciationAndAmortization": 97400000, "ebitda": 280200000, "ebitdaratio": 0.4058516802, "operatingIncome": 182800000, "operatingIncomeRatio": 0.264774044, "totalOtherIncomeExpensesNet": -4300000, "incomeBeforeTax": 105300000, "incomeBeforeTaxRatio": 0.1525202781, "incomeTaxExpense": 54900000, "netIncome": 50400000, "netIncomeRatio": 0.0730011587, "eps": 2.18, "epsdiluted": 2.18, "weightedAverageShsOut": 22481685, "weightedAverageShsOutDil": 22543618, "link": "", "finalLink": "", "calculatedOtherExpenses": 322000000, "calculatedOperatingExpenses": 322000000, "calculatedNetInterest": 0, "calculatedOtherIncome": -77500000, "calculatedIncomeNonControlling": 0, "calculatedEbitda": 280200000}, {"date": "1994-12-31", "symbol": "AGR", "reportedCurrency": "USD", "cik": "0001634997", "fillingDate": "1994-12-31", "acceptedDate": "1994-12-30 19:00:00", "calendarYear": "1994", "period": "FY", "revenue": 656700000, "costOfRevenue": 172100000, "grossProfit": 484600000, "grossProfitRatio": 0.7379320847, "researchAndDevelopmentExpenses": 0, "generalAndAdministrativeExpenses": 0, "sellingAndMarketingExpenses": 0, "sellingGeneralAndAdministrativeExpenses": 0, "otherExpenses": 312200000, "operatingExpenses": 312200000, "costAndExpenses": 484300000, "interestIncome": 0, "interestExpense": 0, "depreciationAndAmortization": 80900000, "ebitda": 253300000, "ebitdaratio": 0.3857164611, "operatingIncome": 172400000, "operatingIncomeRatio": 0.2625247449, "totalOtherIncomeExpensesNet": -1900000, "incomeBeforeTax": 89800000, "incomeBeforeTaxRatio": 0.1367443277, "incomeTaxExpense": 41700000, "netIncome": 46800000, "netIncomeRatio": 0.071265418, "eps": 1.85, "epsdiluted": 1.85, "weightedAverageShsOut": 23462783, "weightedAverageShsOutDil": 23462783, "link": "", "finalLink": "", "calculatedOtherExpenses": 312200000, "calculatedOperatingExpenses": 312200000, "calculatedNetInterest": 0, "calculatedOtherIncome": -82600000, "calculatedIncomeNonControlling": 1300000, "calculatedEbitda": 253300000}, {"date": "1993-12-31", "symbol": "AGR", "reportedCurrency": "USD", "cik": "0001634997", "fillingDate": "1993-12-31", "acceptedDate": "1993-12-30 19:00:00", "calendarYear": "1993", "period": "FY", "revenue": 653000000, "costOfRevenue": 0, "grossProfit": 653000000, "grossProfitRatio": 1, "researchAndDevelopmentExpenses": 0, "generalAndAdministrativeExpenses": 0, "sellingAndMarketingExpenses": 0, "sellingGeneralAndAdministrativeExpenses": 0, "otherExpenses": 0, "operatingExpenses": 0, "costAndExpenses": 0, "interestIncome": 0, "interestExpense": 0, "depreciationAndAmortization": 0, "ebitda": 653000000, "ebitdaratio": 1, "operatingIncome": 653000000, "operatingIncomeRatio": 1, "totalOtherIncomeExpensesNet": 0, "incomeBeforeTax": 0, "incomeBeforeTaxRatio": 0, "incomeTaxExpense": -40500000, "netIncome": 40500000, "netIncomeRatio": 0.0620214395, "eps": 1.54, "epsdiluted": 1.54, "weightedAverageShsOut": 23476005, "weightedAverageShsOutDil": 23476005, "link": "", "finalLink": "", "calculatedOtherExpenses": 0, "calculatedOperatingExpenses": 0, "calculatedNetInterest": 0, "calculatedOtherIncome": -653000000, "calculatedIncomeNonControlling": 0, "calculatedEbitda": 653000000}, {"date": "1992-12-31", "symbol": "AGR", "reportedCurrency": "USD", "cik": "0001634997", "fillingDate": "1992-12-31", "acceptedDate": "1992-12-30 19:00:00", "calendarYear": "1992", "period": "FY", "revenue": 667300000, "costOfRevenue": 0, "grossProfit": 667300000, "grossProfitRatio": 1, "researchAndDevelopmentExpenses": 0, "generalAndAdministrativeExpenses": 0, "sellingAndMarketingExpenses": 0, "sellingGeneralAndAdministrativeExpenses": 0, "otherExpenses": 0, "operatingExpenses": 0, "costAndExpenses": 0, "interestIncome": 0, "interestExpense": 0, "depreciationAndAmortization": 0, "ebitda": 667300000, "ebitdaratio": 1, "operatingIncome": 667300000, "operatingIncomeRatio": 1, "totalOtherIncomeExpensesNet": 0, "incomeBeforeTax": 0, "incomeBeforeTaxRatio": 0, "incomeTaxExpense": -56800000, "netIncome": 56800000, "netIncomeRatio": 0.0851191368, "eps": 2.26, "epsdiluted": 2.26, "weightedAverageShsOut": 23226950, "weightedAverageShsOutDil": 23226950, "link": "", "finalLink": "", "calculatedOtherExpenses": 0, "calculatedOperatingExpenses": 0, "calculatedNetInterest": 0, "calculatedOtherIncome": -667300000, "calculatedIncomeNonControlling": 0, "calculatedEbitda": 667300000}, {"date": "1991-12-31", "symbol": "AGR", "reportedCurrency": "USD", "cik": "0001634997", "fillingDate": "1991-12-31", "acceptedDate": "1991-12-30 19:00:00", "calendarYear": "1991", "period": "FY", "revenue": 673400000, "costOfRevenue": 0, "grossProfit": 673400000, "grossProfitRatio": 1, "researchAndDevelopmentExpenses": 0, "generalAndAdministrativeExpenses": 0, "sellingAndMarketingExpenses": 0, "sellingGeneralAndAdministrativeExpenses": 0, "otherExpenses": 0, "operatingExpenses": 0, "costAndExpenses": 0, "interestIncome": 0, "interestExpense": 0, "depreciationAndAmortization": 0, "ebitda": 673400000, "ebitdaratio": 1, "operatingIncome": 673400000, "operatingIncomeRatio": 1, "totalOtherIncomeExpensesNet": 0, "incomeBeforeTax": 0, "incomeBeforeTaxRatio": 0, "incomeTaxExpense": -48200000, "netIncome": 48200000, "netIncomeRatio": 0.0715770716, "eps": 1.88, "epsdiluted": 1.88, "weightedAverageShsOut": 23195329, "weightedAverageShsOutDil": 23195329, "link": "", "finalLink": "", "calculatedOtherExpenses": 0, "calculatedOperatingExpenses": 0, "calculatedNetInterest": 0, "calculatedOtherIncome": -673400000, "calculatedIncomeNonControlling": 0, "calculatedEbitda": 673400000}, {"date": "1990-12-31", "symbol": "AGR", "reportedCurrency": "USD", "cik": "0001634997", "fillingDate": "1990-12-31", "acceptedDate": "1990-12-30 19:00:00", "calendarYear": "1990", "period": "FY", "revenue": 593700000, "costOfRevenue": 0, "grossProfit": 593700000, "grossProfitRatio": 1, "researchAndDevelopmentExpenses": 0, "generalAndAdministrativeExpenses": 0, "sellingAndMarketingExpenses": 0, "sellingGeneralAndAdministrativeExpenses": 0, "otherExpenses": 0, "operatingExpenses": 0, "costAndExpenses": 0, "interestIncome": 0, "interestExpense": 0, "depreciationAndAmortization": 0, "ebitda": 593700000, "ebitdaratio": 1, "operatingIncome": 593700000, "operatingIncomeRatio": 1, "totalOtherIncomeExpensesNet": 0, "incomeBeforeTax": 0, "incomeBeforeTaxRatio": 0, "incomeTaxExpense": -54000000, "netIncome": 54000000, "netIncomeRatio": 0.0909550278, "eps": 2.13, "epsdiluted": 2.13, "weightedAverageShsOut": 23098592, "weightedAverageShsOutDil": 23098592, "link": "", "finalLink": "", "calculatedOtherExpenses": 0, "calculatedOperatingExpenses": 0, "calculatedNetInterest": 0, "calculatedOtherIncome": -593700000, "calculatedIncomeNonControlling": 0, "calculatedEbitda": 593700000}, {"date": "1989-12-31", "symbol": "AGR", "reportedCurrency": "USD", "cik": "0001634997", "fillingDate": "1989-12-31", "acceptedDate": "1989-12-30 19:00:00", "calendarYear": "1989", "period": "FY", "revenue": 531200000, "costOfRevenue": 0, "grossProfit": 531200000, "grossProfitRatio": 1, "researchAndDevelopmentExpenses": 0, "generalAndAdministrativeExpenses": 0, "sellingAndMarketingExpenses": 0, "sellingGeneralAndAdministrativeExpenses": 0, "otherExpenses": 0, "operatingExpenses": 0, "costAndExpenses": 0, "interestIncome": 0, "interestExpense": 0, "depreciationAndAmortization": 0, "ebitda": 531200000, "ebitdaratio": 1, "operatingIncome": 531200000, "operatingIncomeRatio": 1, "totalOtherIncomeExpensesNet": 0, "incomeBeforeTax": 0, "incomeBeforeTaxRatio": 0, "incomeTaxExpense": 73400000, "netIncome": -73400000, "netIncomeRatio": -0.1381777108, "eps": -3.17, "epsdiluted": -3.17, "weightedAverageShsOut": 23168654, "weightedAverageShsOutDil": 23168654, "link": "", "finalLink": "", "calculatedOtherExpenses": 0, "calculatedOperatingExpenses": 0, "calculatedNetInterest": 0, "calculatedOtherIncome": -531200000, "calculatedIncomeNonControlling": 0, "calculatedEbitda": 531200000}, {"date": "1988-12-31", "symbol": "AGR", "reportedCurrency": "USD", "cik": "0001634997", "fillingDate": "1988-12-31", "acceptedDate": "1988-12-30 19:00:00", "calendarYear": "1988", "period": "FY", "revenue": 518900000, "costOfRevenue": 0, "grossProfit": 518900000, "grossProfitRatio": 1, "researchAndDevelopmentExpenses": 0, "generalAndAdministrativeExpenses": 0, "sellingAndMarketingExpenses": 0, "sellingGeneralAndAdministrativeExpenses": 0, "otherExpenses": 0, "operatingExpenses": 0, "costAndExpenses": 0, "interestIncome": 0, "interestExpense": 0, "depreciationAndAmortization": 0, "ebitda": 518900000, "ebitdaratio": 1, "operatingIncome": 518900000, "operatingIncomeRatio": 1, "totalOtherIncomeExpensesNet": 0, "incomeBeforeTax": 0, "incomeBeforeTaxRatio": 0, "incomeTaxExpense": -78600000, "netIncome": 78600000, "netIncomeRatio": 0.1514742725, "eps": 2.91, "epsdiluted": 2.91, "weightedAverageShsOut": 23127148, "weightedAverageShsOutDil": 23127148, "link": "", "finalLink": "", "calculatedOtherExpenses": 0, "calculatedOperatingExpenses": 0, "calculatedNetInterest": 0, "calculatedOtherIncome": -518900000, "calculatedIncomeNonControlling": 0, "calculatedEbitda": 518900000}, {"date": "1987-12-31", "symbol": "AGR", "reportedCurrency": "USD", "cik": "0001634997", "fillingDate": "1987-12-31", "acceptedDate": "1987-12-30 19:00:00", "calendarYear": "1987", "period": "FY", "revenue": 497600000, "costOfRevenue": 0, "grossProfit": 497600000, "grossProfitRatio": 1, "researchAndDevelopmentExpenses": 0, "generalAndAdministrativeExpenses": 0, "sellingAndMarketingExpenses": 0, "sellingGeneralAndAdministrativeExpenses": 0, "otherExpenses": 0, "operatingExpenses": 0, "costAndExpenses": 0, "interestIncome": 0, "interestExpense": 0, "depreciationAndAmortization": 0, "ebitda": 497600000, "ebitdaratio": 1, "operatingIncome": 497600000, "operatingIncomeRatio": 1, "totalOtherIncomeExpensesNet": 0, "incomeBeforeTax": 0, "incomeBeforeTaxRatio": 0, "incomeTaxExpense": -95200000, "netIncome": 95200000, "netIncomeRatio": 0.191318328, "eps": 3.59, "epsdiluted": 3.59, "weightedAverageShsOut": 23149694, "weightedAverageShsOutDil": 23149694, "link": "", "finalLink": "", "calculatedOtherExpenses": 0, "calculatedOperatingExpenses": 0, "calculatedNetInterest": 0, "calculatedOtherIncome": -497600000, "calculatedIncomeNonControlling": 0, "calculatedEbitda": 497600000}, {"date": "1986-12-31", "symbol": "AGR", "reportedCurrency": "USD", "cik": "0001634997", "fillingDate": "1986-12-31", "acceptedDate": "1986-12-30 19:00:00", "calendarYear": "1986", "period": "FY", "revenue": 471100000, "costOfRevenue": 0, "grossProfit": 471100000, "grossProfitRatio": 1, "researchAndDevelopmentExpenses": 0, "generalAndAdministrativeExpenses": 0, "sellingAndMarketingExpenses": 0, "sellingGeneralAndAdministrativeExpenses": 0, "otherExpenses": 0, "operatingExpenses": 0, "costAndExpenses": 0, "interestIncome": 0, "interestExpense": 0, "depreciationAndAmortization": 0, "ebitda": 471100000, "ebitdaratio": 1, "operatingIncome": 471100000, "operatingIncomeRatio": 1, "totalOtherIncomeExpensesNet": 0, "incomeBeforeTax": 0, "incomeBeforeTaxRatio": 0, "incomeTaxExpense": -101600000, "netIncome": 101600000, "netIncomeRatio": 0.2156654638, "eps": 3.58, "epsdiluted": 3.58, "weightedAverageShsOut": 23059743, "weightedAverageShsOutDil": 23059743, "link": "", "finalLink": "", "calculatedOtherExpenses": 0, "calculatedOperatingExpenses": 0, "calculatedNetInterest": 0, "calculatedOtherIncome": -471100000, "calculatedIncomeNonControlling": 0, "calculatedEbitda": 471100000}, {"date": "1985-12-31", "symbol": "AGR", "reportedCurrency": "USD", "cik": "0001634997", "fillingDate": "1985-12-31", "acceptedDate": "1985-12-30 19:00:00", "calendarYear": "1985", "period": "FY", "revenue": 514900000, "costOfRevenue": 0, "grossProfit": 514900000, "grossProfitRatio": 1, "researchAndDevelopmentExpenses": 0, "generalAndAdministrativeExpenses": 0, "sellingAndMarketingExpenses": 0, "sellingGeneralAndAdministrativeExpenses": 0, "otherExpenses": 0, "operatingExpenses": 0, "costAndExpenses": 0, "interestIncome": 0, "interestExpense": 0, "depreciationAndAmortization": 0, "ebitda": 514900000, "ebitdaratio": 1, "operatingIncome": 514900000, "operatingIncomeRatio": 1, "totalOtherIncomeExpensesNet": 0, "incomeBeforeTax": 0, "incomeBeforeTaxRatio": 0, "incomeTaxExpense": -99600000, "netIncome": 99600000, "netIncomeRatio": 0.1934356186, "eps": 3.49, "epsdiluted": 3.49, "weightedAverageShsOut": 22709049, "weightedAverageShsOutDil": 22709049, "link": "", "finalLink": "", "calculatedOtherExpenses": 0, "calculatedOperatingExpenses": 0, "calculatedNetInterest": 0, "calculatedOtherIncome": -514900000, "calculatedIncomeNonControlling": 0, "calculatedEbitda": 514900000}]}