{"originalCurrency": "USD", "convertedCurrency": "USD", "report": [{"date": "2024-03-31", "symbol": "AGYS", "reportedCurrency": "USD", "cik": "0000078749", "fillingDate": "2024-05-13", "acceptedDate": "2024-05-13 16:07:13", "calendarYear": "2023", "period": "FY", "revenue": 237464000, "costOfRevenue": 98470000, "grossProfit": 138994000, "grossProfitRatio": 0.5853266179, "researchAndDevelopmentExpenses": 56739000, "generalAndAdministrativeExpenses": 36279000, "sellingAndMarketingExpenses": 28439000, "sellingGeneralAndAdministrativeExpenses": 64718000, "otherExpenses": 0, "operatingExpenses": 121457000, "costAndExpenses": 219927000, "interestIncome": 5083000, "interestExpense": 0, "depreciationAndAmortization": 5262000, "ebitda": 22799000, "ebitdaratio": 0.0960103426, "operatingIncome": 17537000, "operatingIncomeRatio": 0.0738511943, "totalOtherIncomeExpensesNet": 3147000, "incomeBeforeTax": 20684000, "incomeBeforeTaxRatio": 0.0871037294, "incomeTaxExpense": -65510999, "netIncome": 86195000, "netIncomeRatio": 0.3629813361, "eps": 3.36, "epsdiluted": 3.21, "weightedAverageShsOut": 25668000, "weightedAverageShsOutDil": 26842000, "link": "https://www.sec.gov/Archives/edgar/data/78749/000095017024058643/0000950170-24-058643-index.htm", "finalLink": "https://www.sec.gov/Archives/edgar/data/78749/000095017024058643/agys-ex99_1.htm", "calculatedOtherExpenses": 0, "calculatedOperatingExpenses": 121457000, "calculatedNetInterest": 5083000, "calculatedOtherIncome": -1936000, "calculatedIncomeNonControlling": -1, "calculatedEbitda": 22799000}, {"date": "2023-03-31", "symbol": "AGYS", "reportedCurrency": "USD", "cik": "0000078749", "fillingDate": "2023-05-19", "acceptedDate": "2023-05-19 14:06:55", "calendarYear": "2022", "period": "FY", "revenue": 198065000, "costOfRevenue": 77246000, "grossProfit": 120819000, "grossProfitRatio": 0.6099967182, "researchAndDevelopmentExpenses": 50260000, "generalAndAdministrativeExpenses": 30669000, "sellingAndMarketingExpenses": 22716000, "sellingGeneralAndAdministrativeExpenses": 53385000, "otherExpenses": 3947000, "operatingExpenses": 107592000, "costAndExpenses": 184838000, "interestIncome": 2192000, "interestExpense": -2889000, "depreciationAndAmortization": 6753000, "ebitda": 19628000, "ebitdaratio": 0.0990987807, "operatingIncome": 12875000, "operatingIncomeRatio": 0.0650039129, "totalOtherIncomeExpensesNet": 2889000, "incomeBeforeTax": 15764000, "incomeBeforeTaxRatio": 0.0795900336, "incomeTaxExpense": 1182000, "netIncome": 14582000, "netIncomeRatio": 0.0736222957, "eps": 0.52, "epsdiluted": 0.49, "weightedAverageShsOut": 24694000, "weightedAverageShsOutDil": 25929000, "link": "https://www.sec.gov/Archives/edgar/data/78749/000095017023023196/0000950170-23-023196-index.htm", "finalLink": "https://www.sec.gov/Archives/edgar/data/78749/000095017023023196/agys-20230331.htm", "calculatedOtherExpenses": 4299000, "calculatedOperatingExpenses": 107944000, "calculatedNetInterest": 5081000, "calculatedOtherIncome": -2192000, "calculatedIncomeNonControlling": 0, "calculatedEbitda": 19628000}, {"date": "2022-03-31", "symbol": "AGYS", "reportedCurrency": "USD", "cik": "0000078749", "fillingDate": "2022-05-23", "acceptedDate": "2022-05-23 17:31:37", "calendarYear": "2021", "period": "FY", "revenue": 162636000, "costOfRevenue": 61104000, "grossProfit": 101532000, "grossProfitRatio": 0.6242898251, "researchAndDevelopmentExpenses": 46332000, "generalAndAdministrativeExpenses": 27734000, "sellingAndMarketingExpenses": 14730000, "sellingGeneralAndAdministrativeExpenses": 42464000, "otherExpenses": 3864000, "operatingExpenses": 92660000, "costAndExpenses": 153764000, "interestIncome": 59000, "interestExpense": 12000, "depreciationAndAmortization": 3864000, "ebitda": 12940000, "ebitdaratio": 0.0795641801, "operatingIncome": 9076000, "operatingIncomeRatio": 0.0558056027, "totalOtherIncomeExpensesNet": -2565000, "incomeBeforeTax": 6511000, "incomeBeforeTaxRatio": 0.0400341868, "incomeTaxExpense": 33000, "netIncome": 6478000, "netIncomeRatio": 0.0398312797, "eps": 0.27, "epsdiluted": 0.25, "weightedAverageShsOut": 24357000, "weightedAverageShsOutDil": 25483000, "link": "https://www.sec.gov/Archives/edgar/data/78749/000095017022010512/0000950170-22-010512-index.htm", "finalLink": "https://www.sec.gov/Archives/edgar/data/78749/000095017022010512/agys-20220331.htm", "calculatedOtherExpenses": 3660000, "calculatedOperatingExpenses": 92456000, "calculatedNetInterest": 47000, "calculatedOtherIncome": -2612000, "calculatedIncomeNonControlling": 0, "calculatedEbitda": 12940000}, {"date": "2021-03-31", "symbol": "AGYS", "reportedCurrency": "USD", "cik": "0000078749", "fillingDate": "2021-05-21", "acceptedDate": "2021-05-21 16:24:31", "calendarYear": "2020", "period": "FY", "revenue": 137176000, "costOfRevenue": 47800000, "grossProfit": 89376000, "grossProfitRatio": 0.6515425439, "researchAndDevelopmentExpenses": 55345000, "generalAndAdministrativeExpenses": 33273000, "sellingAndMarketingExpenses": 14196000, "sellingGeneralAndAdministrativeExpenses": 47469000, "otherExpenses": 4791000, "operatingExpenses": 107605000, "costAndExpenses": 155405000, "interestIncome": 107000, "interestExpense": 20000, "depreciationAndAmortization": 4560000, "ebitda": -13669000, "ebitdaratio": -0.0996457106, "operatingIncome": -18229000, "operatingIncomeRatio": -0.1328876771, "totalOtherIncomeExpensesNet": -2980000, "incomeBeforeTax": -21209000, "incomeBeforeTaxRatio": -0.1546115939, "incomeTaxExpense": -208000, "netIncome": -21001000, "netIncomeRatio": -0.1530952936, "eps": -0.9, "epsdiluted": -0.9, "weightedAverageShsOut": 23458000, "weightedAverageShsOutDil": 23458000, "link": "https://www.sec.gov/Archives/edgar/data/78749/000156459021029319/0001564590-21-029319-index.htm", "finalLink": "https://www.sec.gov/Archives/edgar/data/78749/000156459021029319/agys-10k_20210331.htm", "calculatedOtherExpenses": 4791000, "calculatedOperatingExpenses": 107605000, "calculatedNetInterest": 87000, "calculatedOtherIncome": -3067000, "calculatedIncomeNonControlling": 0, "calculatedEbitda": -13669000}, {"date": "2020-03-31", "symbol": "AGYS", "reportedCurrency": "USD", "cik": "0000078749", "fillingDate": "2020-05-22", "acceptedDate": "2020-05-22 16:07:04", "calendarYear": "2019", "period": "FY", "revenue": 160757000, "costOfRevenue": 79805000, "grossProfit": 80952000, "grossProfitRatio": 0.5035674963, "researchAndDevelopmentExpenses": 41463000, "generalAndAdministrativeExpenses": 24374000, "sellingAndMarketingExpenses": 19864000, "sellingGeneralAndAdministrativeExpenses": 44238000, "otherExpenses": 5115000, "operatingExpenses": 90816000, "costAndExpenses": 170621000, "interestIncome": 380000, "interestExpense": 9000, "depreciationAndAmortization": 17676000, "ebitda": 8016000, "ebitdaratio": 0.0498640806, "operatingIncome": -9660000, "operatingIncomeRatio": -0.0600906959, "totalOtherIncomeExpensesNet": -24206000, "incomeBeforeTax": -33866000, "incomeBeforeTaxRatio": -0.2106657875, "incomeTaxExpense": 201000, "netIncome": -34067000, "netIncomeRatio": -0.2119161218, "eps": -1.47, "epsdiluted": -1.47, "weightedAverageShsOut": 23233000, "weightedAverageShsOutDil": 23233000, "link": "https://www.sec.gov/Archives/edgar/data/78749/000156459020026737/0001564590-20-026737-index.htm", "finalLink": "https://www.sec.gov/Archives/edgar/data/78749/000156459020026737/agys-10k_20200331.htm", "calculatedOtherExpenses": 4911000, "calculatedOperatingExpenses": 90612000, "calculatedNetInterest": 371000, "calculatedOtherIncome": -24577000, "calculatedIncomeNonControlling": 0, "calculatedEbitda": 8016000}, {"date": "2019-03-31", "symbol": "AGYS", "reportedCurrency": "USD", "cik": "0000078749", "fillingDate": "2019-05-24", "acceptedDate": "2019-05-24 14:11:59", "calendarYear": "2018", "period": "FY", "revenue": 140842000, "costOfRevenue": 66962000, "grossProfit": 73880000, "grossProfitRatio": 0.5245594354, "researchAndDevelopmentExpenses": 37817000, "generalAndAdministrativeExpenses": 23118000, "sellingAndMarketingExpenses": 19646000, "sellingGeneralAndAdministrativeExpenses": 42764000, "otherExpenses": -191000, "operatingExpenses": 85652000, "costAndExpenses": 152614000, "interestIncome": 339000, "interestExpense": 10000, "depreciationAndAmortization": 17673000, "ebitda": 6049000, "ebitdaratio": 0.0429488363, "operatingIncome": -13081000, "operatingIncomeRatio": -0.0928771247, "totalOtherIncomeExpensesNet": -1500000, "incomeBeforeTax": -12943000, "incomeBeforeTaxRatio": -0.0918973034, "incomeTaxExpense": 221000, "netIncome": -13164000, "netIncomeRatio": -0.0934664376, "eps": -0.57, "epsdiluted": -0.57, "weightedAverageShsOut": 23037000, "weightedAverageShsOutDil": 23037000, "link": "https://www.sec.gov/Archives/edgar/data/78749/000007874919000021/0000078749-19-000021-index.htm", "finalLink": "https://www.sec.gov/Archives/edgar/data/78749/000007874919000021/agys-3312019xfy1910k.htm", "calculatedOtherExpenses": 6380000, "calculatedOperatingExpenses": 86961000, "calculatedNetInterest": 329000, "calculatedOtherIncome": -191000, "calculatedIncomeNonControlling": 0, "calculatedEbitda": 4592000}, {"date": "2018-03-31", "symbol": "AGYS", "reportedCurrency": "USD", "cik": "0000078749", "fillingDate": "2018-05-25", "acceptedDate": "2018-05-25 16:31:44", "calendarYear": "2017", "period": "FY", "revenue": 127360000, "costOfRevenue": 62943000, "grossProfit": 64417000, "grossProfitRatio": 0.5057867462, "researchAndDevelopmentExpenses": 27936000, "generalAndAdministrativeExpenses": 24028000, "sellingAndMarketingExpenses": 18075000, "sellingGeneralAndAdministrativeExpenses": 42103000, "otherExpenses": 391000, "operatingExpenses": 74549000, "costAndExpenses": 137492000, "interestIncome": 98000, "interestExpense": 10000, "depreciationAndAmortization": 14526000, "ebitda": 4883000, "ebitdaratio": 0.0383401382, "operatingIncome": -12080000, "operatingIncomeRatio": -0.0948492462, "totalOtherIncomeExpensesNet": -1557000, "incomeBeforeTax": -11601000, "incomeBeforeTaxRatio": -0.0910882538, "incomeTaxExpense": -3251000, "netIncome": -8350000, "netIncomeRatio": -0.0655621859, "eps": -0.37, "epsdiluted": -0.37, "weightedAverageShsOut": 22801000, "weightedAverageShsOutDil": 22801000, "link": "https://www.sec.gov/Archives/edgar/data/78749/000007874918000022/0000078749-18-000022-index.htm", "finalLink": "https://www.sec.gov/Archives/edgar/data/78749/000007874918000022/agys-3312018x10k.htm", "calculatedOtherExpenses": 6458000, "calculatedOperatingExpenses": 76497000, "calculatedNetInterest": 88000, "calculatedOtherIncome": 391000, "calculatedIncomeNonControlling": 0, "calculatedEbitda": 2446000}, {"date": "2017-03-31", "symbol": "AGYS", "reportedCurrency": "USD", "cik": "0000078749", "fillingDate": "2017-06-02", "acceptedDate": "2017-06-02 17:08:52", "calendarYear": "2016", "period": "FY", "revenue": 127678000, "costOfRevenue": 63893000, "grossProfit": 63785000, "grossProfitRatio": 0.499577061, "researchAndDevelopmentExpenses": 29048000, "generalAndAdministrativeExpenses": 19875000, "sellingAndMarketingExpenses": 20823000, "sellingGeneralAndAdministrativeExpenses": 40698000, "otherExpenses": -224000, "operatingExpenses": 73547000, "costAndExpenses": 137440000, "interestIncome": 162000, "interestExpense": 15000, "depreciationAndAmortization": 3801000, "ebitda": -6023325, "ebitdaratio": -0.0471759034, "operatingIncome": -11408000, "operatingIncomeRatio": -0.0893497705, "totalOtherIncomeExpensesNet": -1869675, "incomeBeforeTax": -11485000, "incomeBeforeTaxRatio": -0.0899528501, "incomeTaxExpense": 236000, "netIncome": -11720700, "netIncomeRatio": -0.0917989004, "eps": -0.52, "epsdiluted": -0.52, "weightedAverageShsOut": 22615000, "weightedAverageShsOutDil": 22615000, "link": "https://www.sec.gov/Archives/edgar/data/78749/000007874917000021/0000078749-17-000021-index.htm", "finalLink": "https://www.sec.gov/Archives/edgar/data/78749/000007874917000021/agys-3312017x10k.htm", "calculatedOtherExpenses": 5447000, "calculatedOperatingExpenses": 75193000, "calculatedNetInterest": 147000, "calculatedOtherIncome": -224000, "calculatedIncomeNonControlling": -300, "calculatedEbitda": -7607000}, {"date": "2016-03-31", "symbol": "AGYS", "reportedCurrency": "USD", "cik": "0000078749", "fillingDate": "2016-06-10", "acceptedDate": "2016-06-10 16:53:56", "calendarYear": "2015", "period": "FY", "revenue": 120366000, "costOfRevenue": 52260000, "grossProfit": 68106000, "grossProfitRatio": 0.5658242361, "researchAndDevelopmentExpenses": 26688000, "generalAndAdministrativeExpenses": 21818000, "sellingAndMarketingExpenses": 19740000, "sellingGeneralAndAdministrativeExpenses": 41558000, "otherExpenses": 491000, "operatingExpenses": 71688000, "costAndExpenses": 123948000, "interestIncome": 92000, "interestExpense": 29000, "depreciationAndAmortization": 4464000, "ebitda": 1465000, "ebitdaratio": 0.0121712111, "operatingIncome": -4313000, "operatingIncomeRatio": -0.0358323779, "totalOtherIncomeExpensesNet": -240000, "incomeBeforeTax": -3759000, "incomeBeforeTaxRatio": -0.0312297493, "incomeTaxExpense": 6000, "netIncome": -3765000, "netIncomeRatio": -0.0312795972, "eps": -0.17, "epsdiluted": -0.17, "weightedAverageShsOut": 22483000, "weightedAverageShsOutDil": 22483000, "link": "https://www.sec.gov/Archives/edgar/data/78749/000007874916000080/0000078749-16-000080-index.htm", "finalLink": "https://www.sec.gov/Archives/edgar/data/78749/000007874916000080/agys-3312016x10k.htm", "calculatedOtherExpenses": 4173000, "calculatedOperatingExpenses": 72419000, "calculatedNetInterest": 63000, "calculatedOtherIncome": 491000, "calculatedIncomeNonControlling": 0, "calculatedEbitda": 151000}, {"date": "2015-03-31", "symbol": "AGYS", "reportedCurrency": "USD", "cik": "0000078749", "fillingDate": "2015-06-05", "acceptedDate": "2015-06-05 13:00:25", "calendarYear": "2014", "period": "FY", "revenue": 103514000, "costOfRevenue": 43433000, "grossProfit": 60081000, "grossProfitRatio": 0.5804142435, "researchAndDevelopmentExpenses": 25316000, "generalAndAdministrativeExpenses": 21668000, "sellingAndMarketingExpenses": 16357000, "sellingGeneralAndAdministrativeExpenses": 38025000, "otherExpenses": -146000, "operatingExpenses": 69027000, "costAndExpenses": 112460000, "interestIncome": 110000, "interestExpense": 48000, "depreciationAndAmortization": 6980000, "ebitda": -2002000, "ebitdaratio": -0.0193403791, "operatingIncome": -12467000, "operatingIncomeRatio": -0.1204378152, "totalOtherIncomeExpensesNet": -3667000, "incomeBeforeTax": -12551000, "incomeBeforeTaxRatio": -0.1212492996, "incomeTaxExpense": -1054000, "netIncome": -11497000, "netIncomeRatio": -0.111067102, "eps": -0.51, "epsdiluted": -0.51, "weightedAverageShsOut": 22338000, "weightedAverageShsOutDil": 22338000, "link": "https://www.sec.gov/Archives/edgar/data/78749/000007874915000020/0000078749-15-000020-index.htm", "finalLink": "https://www.sec.gov/Archives/edgar/data/78749/000007874915000020/agys-3312015x10k.htm", "calculatedOtherExpenses": 9207000, "calculatedOperatingExpenses": 72548000, "calculatedNetInterest": 62000, "calculatedOtherIncome": -146000, "calculatedIncomeNonControlling": 0, "calculatedEbitda": -5487000}, {"date": "2014-03-31", "symbol": "AGYS", "reportedCurrency": "USD", "cik": "0000078749", "fillingDate": "2014-06-04", "acceptedDate": "2014-06-04 08:39:43", "calendarYear": "2013", "period": "FY", "revenue": 101261000, "costOfRevenue": 37221000, "grossProfit": 64040000, "grossProfitRatio": 0.6324251192, "researchAndDevelopmentExpenses": 25212000, "generalAndAdministrativeExpenses": 20750000, "sellingAndMarketingExpenses": 14059000, "sellingGeneralAndAdministrativeExpenses": 34809000, "otherExpenses": 392000, "operatingExpenses": 68509000, "costAndExpenses": 105730000, "interestIncome": 74000, "interestExpense": 184000, "depreciationAndAmortization": 8800000, "ebitda": 4797000, "ebitdaratio": 0.0473726311, "operatingIncome": -6188000, "operatingIncomeRatio": -0.0611094103, "totalOtherIncomeExpensesNet": -1327000, "incomeBeforeTax": -5906000, "incomeBeforeTaxRatio": -0.0583245277, "incomeTaxExpense": -2491000, "netIncome": 15003000, "netIncomeRatio": 0.1481616812, "eps": 0.68, "epsdiluted": 0.68, "weightedAverageShsOut": 22135000, "weightedAverageShsOutDil": 22135000, "link": "https://www.sec.gov/Archives/edgar/data/78749/000007874914000013/0000078749-14-000013-index.htm", "finalLink": "https://www.sec.gov/Archives/edgar/data/78749/000007874914000013/agys-3312014x10k.htm", "calculatedOtherExpenses": 10207000, "calculatedOperatingExpenses": 70228000, "calculatedNetInterest": -110000, "calculatedOtherIncome": 392000, "calculatedIncomeNonControlling": -18418000, "calculatedEbitda": 2612000}, {"date": "2013-03-31", "symbol": "AGYS", "reportedCurrency": "USD", "cik": "0000078749", "fillingDate": "2013-06-14", "acceptedDate": "2013-06-14 13:05:30", "calendarYear": "2012", "period": "FY", "revenue": 236140000, "costOfRevenue": 145970000, "grossProfit": 90170000, "grossProfitRatio": 0.3818497501, "researchAndDevelopmentExpenses": 32680000, "generalAndAdministrativeExpenses": 27601000, "sellingAndMarketingExpenses": 21664000, "sellingGeneralAndAdministrativeExpenses": 49265000, "otherExpenses": -139000, "operatingExpenses": 88001000, "costAndExpenses": 233971000, "interestIncome": 14000, "interestExpense": 346000, "depreciationAndAmortization": 6881000, "ebitda": 8925000, "ebitdaratio": 0.0377953756, "operatingIncome": -1111000, "operatingIncomeRatio": -0.0047048361, "totalOtherIncomeExpensesNet": -3419000, "incomeBeforeTax": -1582000, "incomeBeforeTaxRatio": -0.0066994156, "incomeTaxExpense": -284000, "netIncome": -1298000, "netIncomeRatio": -0.0054967392, "eps": -0.0593, "epsdiluted": -0.0593, "weightedAverageShsOut": 21880000, "weightedAverageShsOutDil": 21880000, "link": "https://www.sec.gov/Archives/edgar/data/78749/000007874913000023/0000078749-13-000023-index.htm", "finalLink": "https://www.sec.gov/Archives/edgar/data/78749/000007874913000023/agys-3312013x10k.htm", "calculatedOtherExpenses": 9336000, "calculatedOperatingExpenses": 91281000, "calculatedNetInterest": -332000, "calculatedOtherIncome": -139000, "calculatedIncomeNonControlling": 0, "calculatedEbitda": 5770000}, {"date": "2012-03-31", "symbol": "AGYS", "reportedCurrency": "USD", "cik": "0000078749", "fillingDate": "2012-06-12", "acceptedDate": "2012-06-12 16:22:55", "calendarYear": "2011", "period": "FY", "revenue": 208889000, "costOfRevenue": 129053000, "grossProfit": 79836000, "grossProfitRatio": 0.3821934137, "researchAndDevelopmentExpenses": 30309000, "generalAndAdministrativeExpenses": 32889000, "sellingAndMarketingExpenses": 24006000, "sellingGeneralAndAdministrativeExpenses": 56895000, "otherExpenses": 8288000, "operatingExpenses": 95492000, "costAndExpenses": 224545000, "interestIncome": 103000, "interestExpense": 978000, "depreciationAndAmortization": 10512000, "ebitda": -5041000, "ebitdaratio": -0.024132434, "operatingIncome": -41190000, "operatingIncomeRatio": -0.1971860653, "totalOtherIncomeExpensesNet": -25715000, "incomeBeforeTax": -42246000, "incomeBeforeTaxRatio": -0.2022413818, "incomeTaxExpense": -8007000, "netIncome": -22783000, "netIncomeRatio": -0.1090674952, "eps": -1.02, "epsdiluted": -1.02, "weightedAverageShsOut": 22432000, "weightedAverageShsOutDil": 22432000, "link": "https://www.sec.gov/Archives/edgar/data/78749/000119312512268267/0001193125-12-268267-index.htm", "finalLink": "https://www.sec.gov/Archives/edgar/data/78749/000119312512268267/d355444d10k.htm", "calculatedOtherExpenses": 33822000, "calculatedOperatingExpenses": 121026000, "calculatedNetInterest": -875000, "calculatedOtherIncome": -181000, "calculatedIncomeNonControlling": -11456000, "calculatedEbitda": -30678000}, {"date": "2011-03-31", "symbol": "AGYS", "reportedCurrency": "USD", "cik": "0000078749", "fillingDate": "2011-06-14", "acceptedDate": "2011-06-14 16:42:34", "calendarYear": "2010", "period": "FY", "revenue": 675470000, "costOfRevenue": 517779000, "grossProfit": 157691000, "grossProfitRatio": 0.2334537433, "researchAndDevelopmentExpenses": 0, "generalAndAdministrativeExpenses": 0, "sellingAndMarketingExpenses": 0, "sellingGeneralAndAdministrativeExpenses": 173211000, "otherExpenses": 0, "operatingExpenses": 173211000, "costAndExpenses": 690990000, "interestIncome": 130000, "interestExpense": 1301000, "depreciationAndAmortization": 14138000, "ebitda": -1252000, "ebitdaratio": -0.0018535242, "operatingIncome": -54436000, "operatingIncomeRatio": -0.0805898115, "totalOtherIncomeExpensesNet": -36596000, "incomeBeforeTax": -53287000, "incomeBeforeTaxRatio": -0.0788887737, "incomeTaxExpense": 2188000, "netIncome": -55475000, "netIncomeRatio": -0.0821279998, "eps": -2.43, "epsdiluted": -2.43, "weightedAverageShsOut": 22785000, "weightedAverageShsOutDil": 22785000, "link": "https://www.sec.gov/Archives/edgar/data/78749/000119312511164802/0001193125-11-164802-index.htm", "finalLink": "https://www.sec.gov/Archives/edgar/data/78749/000119312511164802/d10k.htm", "calculatedOtherExpenses": 38916000, "calculatedOperatingExpenses": 212127000, "calculatedNetInterest": -1171000, "calculatedOtherIncome": 2320000, "calculatedIncomeNonControlling": 0, "calculatedEbitda": -40298000}, {"date": "2010-03-31", "symbol": "AGYS", "reportedCurrency": "USD", "cik": "0000078749", "fillingDate": "2010-06-11", "acceptedDate": "2010-06-10 17:47:11", "calendarYear": "2009", "period": "FY", "revenue": 640431000, "costOfRevenue": 478904000, "grossProfit": 161527000, "grossProfitRatio": 0.2522160857, "researchAndDevelopmentExpenses": 0, "generalAndAdministrativeExpenses": 0, "sellingAndMarketingExpenses": 0, "sellingGeneralAndAdministrativeExpenses": 167248000, "otherExpenses": 0, "operatingExpenses": 167248000, "costAndExpenses": 646152000, "interestIncome": 13000, "interestExpense": 970000, "depreciationAndAmortization": 16314000, "ebitda": 10606000, "ebitdaratio": 0.0165607224, "operatingIncome": -6837000, "operatingIncomeRatio": -0.0106756231, "totalOtherIncomeExpensesNet": 5078000, "incomeBeforeTax": -1600000, "incomeBeforeTaxRatio": -0.0024983175, "incomeTaxExpense": -5176000, "netIncome": 3547000, "netIncomeRatio": 0.0055384577, "eps": 0.16, "epsdiluted": 0.15, "weightedAverageShsOut": 22626586, "weightedAverageShsOutDil": 23087742, "link": "https://www.sec.gov/Archives/edgar/data/78749/000095012310057335/0000950123-10-057335-index.htm", "finalLink": "https://www.sec.gov/Archives/edgar/data/78749/000095012310057335/l39868e10vk.htm", "calculatedOtherExpenses": 1116000, "calculatedOperatingExpenses": 168364000, "calculatedNetInterest": -957000, "calculatedOtherIncome": 6194000, "calculatedIncomeNonControlling": 29000, "calculatedEbitda": 9477000}, {"date": "2009-03-31", "symbol": "AGYS", "reportedCurrency": "USD", "cik": "0000078749", "fillingDate": "2009-06-09", "acceptedDate": "2009-06-09 06:01:56", "calendarYear": "2008", "period": "FY", "revenue": 730720000, "costOfRevenue": 532042000, "grossProfit": 198678000, "grossProfitRatio": 0.2718934749, "researchAndDevelopmentExpenses": 0, "generalAndAdministrativeExpenses": 0, "sellingAndMarketingExpenses": 0, "sellingGeneralAndAdministrativeExpenses": 206075000, "otherExpenses": 0, "operatingExpenses": 206075000, "costAndExpenses": 738117000, "interestIncome": 524000, "interestExpense": 1183000, "depreciationAndAmortization": 27683000, "ebitda": 20810000, "ebitdaratio": 0.0284787607, "operatingIncome": -280054000, "operatingIncomeRatio": -0.3832576089, "totalOtherIncomeExpensesNet": -275227000, "incomeBeforeTax": -283283000, "incomeBeforeTaxRatio": -0.3876765382, "incomeTaxExpense": -1096000, "netIncome": -284134000, "netIncomeRatio": -0.388841143, "eps": -12.58, "epsdiluted": -12.58, "weightedAverageShsOut": 22586603, "weightedAverageShsOutDil": 22586603, "link": "https://www.sec.gov/Archives/edgar/data/78749/000095012309012356/0000950123-09-012356-index.htm", "finalLink": "https://www.sec.gov/Archives/edgar/data/78749/000095012309012356/l36561ae10vk.htm", "calculatedOtherExpenses": 272657000, "calculatedOperatingExpenses": 478732000, "calculatedNetInterest": -659000, "calculatedOtherIncome": -2570000, "calculatedIncomeNonControlling": 1947000, "calculatedEbitda": -252371000}, {"date": "2008-03-31", "symbol": "AGYS", "reportedCurrency": "USD", "cik": "0000078749", "fillingDate": "2008-12-16", "acceptedDate": "2008-12-16 13:18:14", "calendarYear": "2007", "period": "FY", "revenue": 770960000, "costOfRevenue": 590806000, "grossProfit": 180154000, "grossProfitRatio": 0.2336748988, "researchAndDevelopmentExpenses": 0, "generalAndAdministrativeExpenses": 0, "sellingAndMarketingExpenses": 0, "sellingGeneralAndAdministrativeExpenses": 199258000, "otherExpenses": 0, "operatingExpenses": 199258000, "costAndExpenses": 790064000, "interestIncome": 13101000, "interestExpense": 945000, "depreciationAndAmortization": 23921000, "ebitda": 17918000, "ebitdaratio": 0.0232411539, "operatingIncome": -19029000, "operatingIncomeRatio": -0.0246822144, "totalOtherIncomeExpensesNet": 6707000, "incomeBeforeTax": -241000, "incomeBeforeTaxRatio": -0.0003125973, "incomeTaxExpense": -922000, "netIncome": 3659000, "netIncomeRatio": 0.0047460309, "eps": 0.13, "epsdiluted": 0.13, "weightedAverageShsOut": 28252137, "weightedAverageShsOutDil": 28766112, "link": "https://www.sec.gov/Archives/edgar/data/78749/000095015208010319/0000950152-08-010319-index.htm", "finalLink": "https://www.sec.gov/Archives/edgar/data/78749/000095015208010319/l34793ae10vk.htm", "calculatedOtherExpenses": -75000, "calculatedOperatingExpenses": 199183000, "calculatedNetInterest": 12156000, "calculatedOtherIncome": 6632000, "calculatedIncomeNonControlling": -2978000, "calculatedEbitda": 4892000}, {"date": "2007-03-31", "symbol": "AGYS", "reportedCurrency": "USD", "cik": "0000078749", "fillingDate": "2007-06-12", "acceptedDate": "2007-06-12 17:10:59", "calendarYear": "2006", "period": "FY", "revenue": 474570000, "costOfRevenue": 353863000, "grossProfit": 120707000, "grossProfitRatio": 0.2543502539, "researchAndDevelopmentExpenses": 0, "generalAndAdministrativeExpenses": 0, "sellingAndMarketingExpenses": 0, "sellingGeneralAndAdministrativeExpenses": 133185000, "otherExpenses": 0, "operatingExpenses": 133185000, "costAndExpenses": 487048000, "interestIncome": -5133000, "interestExpense": 1092000, "depreciationAndAmortization": 7880000, "ebitda": -1104000, "ebitdaratio": -0.0023263165, "operatingIncome": -9947000, "operatingIncomeRatio": -0.020960027, "totalOtherIncomeExpensesNet": -3494000, "incomeBeforeTax": -13570000, "incomeBeforeTaxRatio": -0.0285943064, "incomeTaxExpense": -1935000, "netIncome": 232855000, "netIncomeRatio": 0.4906652338, "eps": 7.59, "epsdiluted": 7.59, "weightedAverageShsOut": 30683766, "weightedAverageShsOutDil": 30683766, "link": "https://www.sec.gov/Archives/edgar/data/78749/000095015207005074/0000950152-07-005074-index.htm", "finalLink": "https://www.sec.gov/Archives/edgar/data/78749/000095015207005074/l26142ae10vk.htm", "calculatedOtherExpenses": -2531000, "calculatedOperatingExpenses": 130654000, "calculatedNetInterest": -6225000, "calculatedOtherIncome": 2602000, "calculatedIncomeNonControlling": -244490000, "calculatedEbitda": -2067000}, {"date": "2006-03-31", "symbol": "AGYS", "reportedCurrency": "USD", "cik": "0000078749", "fillingDate": "2006-06-09", "acceptedDate": "2006-06-09 16:48:56", "calendarYear": "2005", "period": "FY", "revenue": 1742460000, "costOfRevenue": 1513481000, "grossProfit": 228979000, "grossProfitRatio": 0.131411338, "researchAndDevelopmentExpenses": 0, "generalAndAdministrativeExpenses": 0, "sellingAndMarketingExpenses": 0, "sellingGeneralAndAdministrativeExpenses": 167779000, "otherExpenses": 0, "operatingExpenses": 167779000, "costAndExpenses": 1681260000, "interestIncome": -4809000, "interestExpense": 6591000, "depreciationAndAmortization": 11041000, "ebitda": 76189000, "ebitdaratio": 0.0437249636, "operatingIncome": 55863000, "operatingIncomeRatio": 0.0320598464, "totalOtherIncomeExpensesNet": -3948000, "incomeBeforeTax": 50693000, "incomeBeforeTaxRatio": 0.0290927769, "incomeTaxExpense": 21158000, "netIncome": 28114000, "netIncomeRatio": 0.0161346602, "eps": 0.94, "epsdiluted": 0.94, "weightedAverageShsOut": 29935200, "weightedAverageShsOutDil": 29935200, "link": "https://www.sec.gov/Archives/edgar/data/78749/000095015206005048/0000950152-06-005048-index.htm", "finalLink": "https://www.sec.gov/Archives/edgar/data/78749/000095015206005048/l20398ae10vk.htm", "calculatedOtherExpenses": 5337000, "calculatedOperatingExpenses": 173116000, "calculatedNetInterest": -11400000, "calculatedOtherIncome": 6230000, "calculatedIncomeNonControlling": 1421000, "calculatedEbitda": 66904000}, {"date": "2005-03-31", "symbol": "AGYS", "reportedCurrency": "USD", "cik": "0000078749", "fillingDate": "2005-06-29", "acceptedDate": "2005-06-29 16:00:09", "calendarYear": "2004", "period": "FY", "revenue": 1622925000, "costOfRevenue": 1415477000, "grossProfit": 207448000, "grossProfitRatio": 0.1278235285, "researchAndDevelopmentExpenses": 0, "generalAndAdministrativeExpenses": 0, "sellingAndMarketingExpenses": 0, "sellingGeneralAndAdministrativeExpenses": 164470000, "otherExpenses": 0, "operatingExpenses": 164470000, "costAndExpenses": 1579947000, "interestIncome": -3310000, "interestExpense": 7253000, "depreciationAndAmortization": 11595000, "ebitda": 53104000, "ebitdaratio": 0.032721167, "operatingIncome": 42463000, "operatingIncomeRatio": 0.026164487, "totalOtherIncomeExpensesNet": 1469000, "incomeBeforeTax": 41240000, "incomeBeforeTaxRatio": 0.0254109093, "incomeTaxExpense": 15725000, "netIncome": 19485000, "netIncomeRatio": 0.0120061001, "eps": 0.69, "epsdiluted": 0.69, "weightedAverageShsOut": 28100612, "weightedAverageShsOutDil": 28100612, "link": "https://www.sec.gov/Archives/edgar/data/78749/000095015205005588/0000950152-05-005588-index.htm", "finalLink": "https://www.sec.gov/Archives/edgar/data/78749/000095015205005588/l14195ae10vk.htm", "calculatedOtherExpenses": 515000, "calculatedOperatingExpenses": 164985000, "calculatedNetInterest": -10563000, "calculatedOtherIncome": 9340000, "calculatedIncomeNonControlling": 6030000, "calculatedEbitda": 54058000}, {"date": "2004-03-31", "symbol": "AGYS", "reportedCurrency": "USD", "cik": "0000078749", "fillingDate": "2004-06-14", "acceptedDate": "2004-06-14 17:01:31", "calendarYear": "2003", "period": "FY", "revenue": 1403216000, "costOfRevenue": 1222314000, "grossProfit": 180902000, "grossProfitRatio": 0.1289195676, "researchAndDevelopmentExpenses": 0, "generalAndAdministrativeExpenses": 0, "sellingAndMarketingExpenses": 0, "sellingGeneralAndAdministrativeExpenses": 141868000, "otherExpenses": 0, "operatingExpenses": 141868000, "costAndExpenses": 1364182000, "interestIncome": 0, "interestExpense": 12326000, "depreciationAndAmortization": 9946000, "ebitda": 52670000, "ebitdaratio": 0.0375352048, "operatingIncome": 36518000, "operatingIncomeRatio": 0.0260245037, "totalOtherIncomeExpensesNet": -3690000, "incomeBeforeTax": 26708000, "incomeBeforeTaxRatio": 0.0190334204, "incomeTaxExpense": 9684000, "netIncome": 8663000, "netIncomeRatio": 0.0061736753, "eps": 0.32, "epsdiluted": 0.32, "weightedAverageShsOut": 27743769, "weightedAverageShsOutDil": 27743769, "link": "https://www.sec.gov/Archives/edgar/data/78749/000095015204004628/0000950152-04-004628-index.htm", "finalLink": "https://www.sec.gov/Archives/edgar/data/78749/000095015204004628/l07661ae10vk.htm", "calculatedOtherExpenses": 2516000, "calculatedOperatingExpenses": 144384000, "calculatedNetInterest": -12326000, "calculatedOtherIncome": 2516000, "calculatedIncomeNonControlling": 8361000, "calculatedEbitda": 46464000}, {"date": "2003-03-31", "symbol": "AGYS", "reportedCurrency": "USD", "cik": "0000078749", "fillingDate": "2003-06-19", "acceptedDate": "2003-06-19 13:14:26", "calendarYear": "2002", "period": "FY", "revenue": 1171631000, "costOfRevenue": 1022378000, "grossProfit": 149253000, "grossProfitRatio": 0.1273890841, "researchAndDevelopmentExpenses": 0, "generalAndAdministrativeExpenses": 0, "sellingAndMarketingExpenses": 0, "sellingGeneralAndAdministrativeExpenses": 135899000, "otherExpenses": 0, "operatingExpenses": 135899000, "costAndExpenses": 1158277000, "interestIncome": 0, "interestExpense": 44838000, "depreciationAndAmortization": 16823000, "ebitda": 65672000, "ebitdaratio": 0.0560517774, "operatingIncome": -7343000, "operatingIncomeRatio": -0.0062673316, "totalOtherIncomeExpensesNet": -35495000, "incomeBeforeTax": -31484000, "incomeBeforeTaxRatio": -0.0268719418, "incomeTaxExpense": -11739000, "netIncome": -42078000, "netIncomeRatio": -0.0359140378, "eps": -1.54, "epsdiluted": -1.52, "weightedAverageShsOut": 27291683, "weightedAverageShsOutDil": 27698764, "link": "https://www.sec.gov/Archives/edgar/data/78749/000095015203006226/0000950152-03-006226-index.htm", "finalLink": "https://www.sec.gov/Archives/edgar/data/78749/000095015203006226/l00546ae10vk.htm", "calculatedOtherExpenses": 20697000, "calculatedOperatingExpenses": 156596000, "calculatedNetInterest": -44838000, "calculatedOtherIncome": 20697000, "calculatedIncomeNonControlling": 22333000, "calculatedEbitda": 9480000}, {"date": "2002-03-31", "symbol": "AGYS", "reportedCurrency": "USD", "cik": "0000078749", "fillingDate": "2002-06-14", "acceptedDate": "2002-06-14 13:32:05", "calendarYear": "2001", "period": "FY", "revenue": 2323593000, "costOfRevenue": 2007618000, "grossProfit": 315975000, "grossProfitRatio": 0.135985519, "researchAndDevelopmentExpenses": 0, "generalAndAdministrativeExpenses": 0, "sellingAndMarketingExpenses": 0, "sellingGeneralAndAdministrativeExpenses": 293903000, "otherExpenses": 3796000, "operatingExpenses": 297699000, "costAndExpenses": 2305317000, "interestIncome": 0, "interestExpense": 21325000, "depreciationAndAmortization": 28972000, "ebitda": 50323000, "ebitdaratio": 0.0216574073, "operatingIncome": 18276000, "operatingIncomeRatio": 0.007865405, "totalOtherIncomeExpensesNet": -3075000, "incomeBeforeTax": -3049000, "incomeBeforeTaxRatio": -0.0013121919, "incomeTaxExpense": -1256000, "netIncome": -7047000, "netIncomeRatio": -0.0030328031, "eps": -0.26, "epsdiluted": -0.26, "weightedAverageShsOut": 27040171, "weightedAverageShsOutDil": 27040171, "link": "https://www.sec.gov/Archives/edgar/data/78749/000095015202004851/0000950152-02-004851-index.htm", "finalLink": "https://www.sec.gov/Archives/edgar/data/78749/000095015202004851/l93981ae10vk.htm", "calculatedOtherExpenses": 3796000, "calculatedOperatingExpenses": 297699000, "calculatedNetInterest": -21325000, "calculatedOtherIncome": 0, "calculatedIncomeNonControlling": 5254000, "calculatedEbitda": 47248000}, {"date": "2001-03-31", "symbol": "AGYS", "reportedCurrency": "USD", "cik": "0000078749", "fillingDate": "2001-06-28", "acceptedDate": "2001-06-28 00:00:00", "calendarYear": "2000", "period": "FY", "revenue": 2901353000, "costOfRevenue": 2454384000, "grossProfit": 446969000, "grossProfitRatio": 0.1540553666, "researchAndDevelopmentExpenses": 0, "generalAndAdministrativeExpenses": 0, "sellingAndMarketingExpenses": 0, "sellingGeneralAndAdministrativeExpenses": 318400000, "otherExpenses": 28387000, "operatingExpenses": 346787000, "costAndExpenses": 2801171000, "interestIncome": 0, "interestExpense": 39482000, "depreciationAndAmortization": 27044000, "ebitda": 140946000, "ebitdaratio": 0.0485794042, "operatingIncome": 100182000, "operatingIncomeRatio": 0.0345294075, "totalOtherIncomeExpensesNet": -13720000, "incomeBeforeTax": 61170000, "incomeBeforeTaxRatio": 0.021083267, "incomeTaxExpense": 26124000, "netIncome": 34576000, "netIncomeRatio": 0.0119171986, "eps": -0.68, "epsdiluted": -0.68, "weightedAverageShsOut": 26793000, "weightedAverageShsOutDil": 26793000, "link": "https://www.sec.gov/Archives/edgar/data/78749/000095015201502944/0000950152-01-502944-index.htm", "finalLink": "https://www.sec.gov/Archives/edgar/data/78749/000095015201502944/l89012ae10-k.htm", "calculatedOtherExpenses": 28387000, "calculatedOperatingExpenses": 346787000, "calculatedNetInterest": -39482000, "calculatedOtherIncome": 470000, "calculatedIncomeNonControlling": 470000, "calculatedEbitda": 127226000}, {"date": "2000-03-31", "symbol": "AGYS", "reportedCurrency": "USD", "cik": "0000078749", "fillingDate": "2000-06-29", "acceptedDate": "2000-06-29 00:00:00", "calendarYear": "1999", "period": "FY", "revenue": 2550685000, "costOfRevenue": 2154932000, "grossProfit": 395753000, "grossProfitRatio": 0.1551555759, "researchAndDevelopmentExpenses": 0, "generalAndAdministrativeExpenses": 0, "sellingAndMarketingExpenses": 0, "sellingGeneralAndAdministrativeExpenses": 294299000, "otherExpenses": 0, "operatingExpenses": 294299000, "costAndExpenses": 2449231000, "interestIncome": 0, "interestExpense": 30099000, "depreciationAndAmortization": 26343000, "ebitda": 125952000, "ebitdaratio": 0.0493796764, "operatingIncome": 101454000, "operatingIncomeRatio": 0.0397751976, "totalOtherIncomeExpensesNet": 1845000, "incomeBeforeTax": 77225000, "incomeBeforeTaxRatio": 0.0302761807, "incomeTaxExpense": 31210000, "netIncome": 40145000, "netIncomeRatio": 0.0157389094, "eps": -0.05, "epsdiluted": -0.05, "weightedAverageShsOut": 26409000, "weightedAverageShsOutDil": 26409000, "link": "https://www.sec.gov/Archives/edgar/data/78749/000095015200005079/0000950152-00-005079-index.htm", "finalLink": "https://www.sec.gov/Archives/edgar/data/78749/000095015200005079/e10-k.txt", "calculatedOtherExpenses": 0, "calculatedOperatingExpenses": 294299000, "calculatedNetInterest": -30099000, "calculatedOtherIncome": 5870000, "calculatedIncomeNonControlling": 5870000, "calculatedEbitda": 127797000}, {"date": "1999-03-31", "symbol": "AGYS", "reportedCurrency": "USD", "cik": "0000078749", "fillingDate": "1999-06-29", "acceptedDate": "1999-06-29 00:00:00", "calendarYear": "1998", "period": "FY", "revenue": 2259083000, "costOfRevenue": 1906657000, "grossProfit": 352426000, "grossProfitRatio": 0.1560040069, "researchAndDevelopmentExpenses": 0, "generalAndAdministrativeExpenses": 0, "sellingAndMarketingExpenses": 0, "sellingGeneralAndAdministrativeExpenses": 267505000, "otherExpenses": 0, "operatingExpenses": 267505000, "costAndExpenses": 2174162000, "interestIncome": 0, "interestExpense": 30094000, "depreciationAndAmortization": 22990000, "ebitda": 107911000, "ebitdaratio": 0.0477676119, "operatingIncome": 84921000, "operatingIncomeRatio": 0.0375909163, "totalOtherIncomeExpensesNet": -24253000, "incomeBeforeTax": 60668000, "incomeBeforeTaxRatio": 0.0268551443, "incomeTaxExpense": 24018000, "netIncome": 30809000, "netIncomeRatio": 0.0136378345, "eps": 0.35, "epsdiluted": 0.35, "weightedAverageShsOut": 26351000, "weightedAverageShsOutDil": 35711217, "link": "https://www.sec.gov/Archives/edgar/data/78749/000095015299005651/0000950152-99-005651-index.html", "finalLink": "https://www.sec.gov/Archives/edgar/data/78749/000095015299005651/", "calculatedOtherExpenses": 0, "calculatedOperatingExpenses": 267505000, "calculatedNetInterest": -30094000, "calculatedOtherIncome": 5841000, "calculatedIncomeNonControlling": 5841000, "calculatedEbitda": 107911000}, {"date": "1998-03-31", "symbol": "AGYS", "reportedCurrency": "USD", "cik": "0000078749", "fillingDate": "1998-06-17", "acceptedDate": "1998-06-17 00:00:00", "calendarYear": "1997", "period": "FY", "revenue": 1685265000, "costOfRevenue": 1386666000, "grossProfit": 298599000, "grossProfitRatio": 0.1771822236, "researchAndDevelopmentExpenses": 0, "generalAndAdministrativeExpenses": 0, "sellingAndMarketingExpenses": 0, "sellingGeneralAndAdministrativeExpenses": 225649000, "otherExpenses": 0, "operatingExpenses": 225649000, "costAndExpenses": 1612315000, "interestIncome": 0, "interestExpense": 20829000, "depreciationAndAmortization": 14981000, "ebitda": 87931000, "ebitdaratio": 0.052176364, "operatingIncome": 72950000, "operatingIncomeRatio": 0.0432869608, "totalOtherIncomeExpensesNet": -20717000, "incomeBeforeTax": 52233000, "incomeBeforeTaxRatio": 0.0309939386, "incomeTaxExpense": 21624000, "netIncome": 30497000, "netIncomeRatio": 0.0180962638, "eps": 1.16, "epsdiluted": 1.14, "weightedAverageShsOut": 26205000, "weightedAverageShsOutDil": 26949000, "link": "https://www.sec.gov/Archives/edgar/data/78749/000095015298005392/0000950152-98-005392-index.html", "finalLink": "https://www.sec.gov/Archives/edgar/data/78749/", "calculatedOtherExpenses": 0, "calculatedOperatingExpenses": 225649000, "calculatedNetInterest": -20829000, "calculatedOtherIncome": 112000, "calculatedIncomeNonControlling": 112000, "calculatedEbitda": 87931000}, {"date": "1997-03-31", "symbol": "AGYS", "reportedCurrency": "USD", "cik": "0000078749", "fillingDate": "1997-06-26", "acceptedDate": "1997-06-26 00:00:00", "calendarYear": "1996", "period": "FY", "revenue": 1508709000, "costOfRevenue": 1249873000, "grossProfit": 258836000, "grossProfitRatio": 0.1715612487, "researchAndDevelopmentExpenses": 0, "generalAndAdministrativeExpenses": 0, "sellingAndMarketingExpenses": 0, "sellingGeneralAndAdministrativeExpenses": 201449000, "otherExpenses": 0, "operatingExpenses": 201449000, "costAndExpenses": 1451322000, "interestIncome": 0, "interestExpense": 17066000, "depreciationAndAmortization": 14573000, "ebitda": 71960000, "ebitdaratio": 0.047696408, "operatingIncome": 57387000, "operatingIncomeRatio": 0.0380371563, "totalOtherIncomeExpensesNet": -17066000, "incomeBeforeTax": 40321000, "incomeBeforeTaxRatio": 0.0267254984, "incomeTaxExpense": 17067000, "netIncome": 23254000, "netIncomeRatio": 0.0154131778, "eps": 1.02, "epsdiluted": 1, "weightedAverageShsOut": 31034545, "weightedAverageShsOutDil": 31034545, "link": "https://www.sec.gov/Archives/edgar/data/78749/000095015297004776/0000950152-97-004776-index.html", "finalLink": "https://www.sec.gov/Archives/edgar/data/78749/", "calculatedOtherExpenses": 0, "calculatedOperatingExpenses": 201449000, "calculatedNetInterest": -17066000, "calculatedOtherIncome": 0, "calculatedIncomeNonControlling": 0, "calculatedEbitda": 71960000}, {"date": "1996-03-31", "symbol": "AGYS", "reportedCurrency": "USD", "cik": "0000078749", "fillingDate": "1996-06-28", "acceptedDate": "1996-06-28 00:00:00", "calendarYear": "1995", "period": "FY", "revenue": 1105281000, "costOfRevenue": 902629000, "grossProfit": 202652000, "grossProfitRatio": 0.1833488497, "researchAndDevelopmentExpenses": 0, "generalAndAdministrativeExpenses": 0, "sellingAndMarketingExpenses": 0, "sellingGeneralAndAdministrativeExpenses": 150704000, "otherExpenses": 0, "operatingExpenses": 150704000, "costAndExpenses": 1053333000, "interestIncome": 0, "interestExpense": 8309000, "depreciationAndAmortization": 8998000, "ebitda": 60946000, "ebitdaratio": 0.0551407289, "operatingIncome": 51948000, "operatingIncomeRatio": 0.0469998127, "totalOtherIncomeExpensesNet": -173000, "incomeBeforeTax": 43639000, "incomeBeforeTaxRatio": 0.0394822674, "incomeTaxExpense": 18387000, "netIncome": 25252000, "netIncomeRatio": 0.0228466788, "eps": 1.09, "epsdiluted": 1.09, "weightedAverageShsOut": 23166972, "weightedAverageShsOutDil": 23166972, "link": "https://www.sec.gov/Archives/edgar/data/78749/000095015296003257/0000950152-96-003257-index.html", "finalLink": "https://www.sec.gov/Archives/edgar/data/78749/", "calculatedOtherExpenses": 0, "calculatedOperatingExpenses": 150704000, "calculatedNetInterest": -8309000, "calculatedOtherIncome": 0, "calculatedIncomeNonControlling": 0, "calculatedEbitda": 60946000}, {"date": "1995-03-31", "symbol": "AGYS", "reportedCurrency": "USD", "cik": "0000078749", "fillingDate": "1995-06-21", "acceptedDate": "1995-06-21 00:00:00", "calendarYear": "1994", "period": "FY", "revenue": 832152000, "costOfRevenue": 677171000, "grossProfit": 154981000, "grossProfitRatio": 0.1862412155, "researchAndDevelopmentExpenses": 0, "generalAndAdministrativeExpenses": 0, "sellingAndMarketingExpenses": 0, "sellingGeneralAndAdministrativeExpenses": 111302000, "otherExpenses": 0, "operatingExpenses": 111302000, "costAndExpenses": 788473000, "interestIncome": 0, "interestExpense": 1466000, "depreciationAndAmortization": 6230000, "ebitda": 49909000, "ebitdaratio": 0.0599758217, "operatingIncome": 43679000, "operatingIncomeRatio": 0.0524892087, "totalOtherIncomeExpensesNet": 2500000, "incomeBeforeTax": 42213000, "incomeBeforeTaxRatio": 0.0507275113, "incomeTaxExpense": 17204000, "netIncome": 25009000, "netIncomeRatio": 0.0300534037, "eps": 1.09, "epsdiluted": 0.73, "weightedAverageShsOut": 22874085, "weightedAverageShsOutDil": 34301748, "link": "https://www.sec.gov/Archives/edgar/data/78749/000095015295001310/0000950152-95-001310-index.html", "finalLink": "https://www.sec.gov/Archives/edgar/data/78749/", "calculatedOtherExpenses": 0, "calculatedOperatingExpenses": 111302000, "calculatedNetInterest": -1466000, "calculatedOtherIncome": 0, "calculatedIncomeNonControlling": 0, "calculatedEbitda": 49909000}, {"date": "1994-03-31", "symbol": "AGYS", "reportedCurrency": "USD", "cik": "0000078749", "fillingDate": "1994-06-28", "acceptedDate": "1994-06-28 00:00:00", "calendarYear": "1993", "period": "FY", "revenue": 580800000, "costOfRevenue": 460300000, "grossProfit": 120500000, "grossProfitRatio": 0.2074724518, "researchAndDevelopmentExpenses": 0, "generalAndAdministrativeExpenses": 0, "sellingAndMarketingExpenses": 0, "sellingGeneralAndAdministrativeExpenses": 83800000, "otherExpenses": 5300000, "operatingExpenses": 89100000, "costAndExpenses": 549400000, "interestIncome": 0, "interestExpense": -300000, "depreciationAndAmortization": 5300000, "ebitda": 33700000, "ebitdaratio": 0.058023416, "operatingIncome": 31400000, "operatingIncomeRatio": 0.0540633609, "totalOtherIncomeExpensesNet": 3000000, "incomeBeforeTax": 31700000, "incomeBeforeTaxRatio": 0.0545798898, "incomeTaxExpense": 12000000, "netIncome": 19700000, "netIncomeRatio": 0.0339187328, "eps": 0.39, "epsdiluted": 0.39, "weightedAverageShsOut": 50159007, "weightedAverageShsOutDil": 50159007, "link": "https://www.sec.gov/Archives/edgar/data/78749/000095015294000662/0000950152-94-000662-index.html", "finalLink": "https://www.sec.gov/Archives/edgar/data/78749/", "calculatedOtherExpenses": 5300000, "calculatedOperatingExpenses": 89100000, "calculatedNetInterest": 300000, "calculatedOtherIncome": 0, "calculatedIncomeNonControlling": 0, "calculatedEbitda": 36700000}, {"date": "1993-03-31", "symbol": "AGYS", "reportedCurrency": "USD", "cik": "0000078749", "fillingDate": "1993-03-31", "acceptedDate": "1993-03-31 00:00:00", "calendarYear": "1992", "period": "FY", "revenue": 430000000, "costOfRevenue": 331900000, "grossProfit": 98100000, "grossProfitRatio": 0.2281395349, "researchAndDevelopmentExpenses": 0, "generalAndAdministrativeExpenses": 0, "sellingAndMarketingExpenses": 0, "sellingGeneralAndAdministrativeExpenses": 72400000, "otherExpenses": 4600000, "operatingExpenses": 77000000, "costAndExpenses": 408900000, "interestIncome": 0, "interestExpense": 1100000, "depreciationAndAmortization": 4600000, "ebitda": 23200000, "ebitdaratio": 0.0539534884, "operatingIncome": 21100000, "operatingIncomeRatio": 0.0490697674, "totalOtherIncomeExpensesNet": 2500000, "incomeBeforeTax": 20000000, "incomeBeforeTaxRatio": 0.0465116279, "incomeTaxExpense": 7100000, "netIncome": 12900000, "netIncomeRatio": 0.03, "eps": 0.28, "epsdiluted": 0.26, "weightedAverageShsOut": 50134500, "weightedAverageShsOutDil": 50134500, "link": null, "finalLink": null, "calculatedOtherExpenses": 4600000, "calculatedOperatingExpenses": 77000000, "calculatedNetInterest": -1100000, "calculatedOtherIncome": 0, "calculatedIncomeNonControlling": 0, "calculatedEbitda": 25700000}, {"date": "1992-03-31", "symbol": "AGYS", "reportedCurrency": "USD", "cik": "0000078749", "fillingDate": "1992-03-31", "acceptedDate": "1992-03-31 00:00:00", "calendarYear": "1991", "period": "FY", "revenue": 362400000, "costOfRevenue": 280800000, "grossProfit": 81600000, "grossProfitRatio": 0.2251655629, "researchAndDevelopmentExpenses": 0, "generalAndAdministrativeExpenses": 0, "sellingAndMarketingExpenses": 0, "sellingGeneralAndAdministrativeExpenses": 65100000, "otherExpenses": 4100000, "operatingExpenses": 69200000, "costAndExpenses": 350000000, "interestIncome": 0, "interestExpense": 3900000, "depreciationAndAmortization": 4100000, "ebitda": 15800000, "ebitdaratio": 0.043598234, "operatingIncome": 12400000, "operatingIncomeRatio": 0.0342163355, "totalOtherIncomeExpensesNet": 700000, "incomeBeforeTax": 8500000, "incomeBeforeTaxRatio": 0.0234547461, "incomeTaxExpense": 3200000, "netIncome": 5300000, "netIncomeRatio": 0.0146247241, "eps": 0.0859, "epsdiluted": 0.083, "weightedAverageShsOut": 18436000, "weightedAverageShsOutDil": 18436000, "link": null, "finalLink": null, "calculatedOtherExpenses": 4100000, "calculatedOperatingExpenses": 69200000, "calculatedNetInterest": -3900000, "calculatedOtherIncome": 0, "calculatedIncomeNonControlling": 0, "calculatedEbitda": 16500000}, {"date": "1991-03-31", "symbol": "AGYS", "reportedCurrency": "USD", "cik": "0000078749", "fillingDate": "1991-03-31", "acceptedDate": "1991-03-31 00:00:00", "calendarYear": "1990", "period": "FY", "revenue": 345100000, "costOfRevenue": 264100000, "grossProfit": 81000000, "grossProfitRatio": 0.2347145755, "researchAndDevelopmentExpenses": 0, "generalAndAdministrativeExpenses": 0, "sellingAndMarketingExpenses": 0, "sellingGeneralAndAdministrativeExpenses": 60100000, "otherExpenses": 3500000, "operatingExpenses": 63600000, "costAndExpenses": 327700000, "interestIncome": 0, "interestExpense": 3300000, "depreciationAndAmortization": 3500000, "ebitda": 20200000, "ebitdaratio": 0.0585337583, "operatingIncome": 17400000, "operatingIncomeRatio": 0.0504201681, "totalOtherIncomeExpensesNet": 700000, "incomeBeforeTax": 13400000, "incomeBeforeTaxRatio": 0.0388293248, "incomeTaxExpense": 5100000, "netIncome": 8300000, "netIncomeRatio": 0.0240509997, "eps": 0.13, "epsdiluted": 0.12, "weightedAverageShsOut": 18393000, "weightedAverageShsOutDil": 18393000, "link": null, "finalLink": null, "calculatedOtherExpenses": 3500000, "calculatedOperatingExpenses": 63600000, "calculatedNetInterest": -3300000, "calculatedOtherIncome": -700000, "calculatedIncomeNonControlling": 0, "calculatedEbitda": 20900000}, {"date": "1990-03-31", "symbol": "AGYS", "reportedCurrency": "USD", "cik": "0000078749", "fillingDate": "1990-03-31", "acceptedDate": "1990-03-31 00:00:00", "calendarYear": "1989", "period": "FY", "revenue": 319900000, "costOfRevenue": 244500000, "grossProfit": 75400000, "grossProfitRatio": 0.2356986558, "researchAndDevelopmentExpenses": 0, "generalAndAdministrativeExpenses": 0, "sellingAndMarketingExpenses": 0, "sellingGeneralAndAdministrativeExpenses": 58500000, "otherExpenses": 2800000, "operatingExpenses": 61300000, "costAndExpenses": 305800000, "interestIncome": 0, "interestExpense": 4600000, "depreciationAndAmortization": 2800000, "ebitda": 16400000, "ebitdaratio": 0.0512660206, "operatingIncome": 14100000, "operatingIncomeRatio": 0.0440762738, "totalOtherIncomeExpensesNet": 500000, "incomeBeforeTax": 9500000, "incomeBeforeTaxRatio": 0.0296967802, "incomeTaxExpense": 3800000, "netIncome": 5700000, "netIncomeRatio": 0.0178180681, "eps": 0.0919, "epsdiluted": 0.0889, "weightedAverageShsOut": 18204000, "weightedAverageShsOutDil": 18204000, "link": null, "finalLink": null, "calculatedOtherExpenses": 2800000, "calculatedOperatingExpenses": 61300000, "calculatedNetInterest": -4600000, "calculatedOtherIncome": 0, "calculatedIncomeNonControlling": 0, "calculatedEbitda": 16900000}, {"date": "1989-03-31", "symbol": "AGYS", "reportedCurrency": "USD", "cik": "0000078749", "fillingDate": "1989-03-31", "acceptedDate": "1989-03-31 00:00:00", "calendarYear": "1988", "period": "FY", "revenue": 302300000, "costOfRevenue": 230500000, "grossProfit": 71800000, "grossProfitRatio": 0.2375124049, "researchAndDevelopmentExpenses": 0, "generalAndAdministrativeExpenses": 0, "sellingAndMarketingExpenses": 0, "sellingGeneralAndAdministrativeExpenses": 52500000, "otherExpenses": 2800000, "operatingExpenses": 55300000, "costAndExpenses": 285800000, "interestIncome": 0, "interestExpense": 5200000, "depreciationAndAmortization": 2800000, "ebitda": 19200000, "ebitdaratio": 0.0635130665, "operatingIncome": 16500000, "operatingIncomeRatio": 0.0545815415, "totalOtherIncomeExpensesNet": 100000, "incomeBeforeTax": 11100000, "incomeBeforeTaxRatio": 0.0367184916, "incomeTaxExpense": 4600000, "netIncome": 6700000, "netIncomeRatio": 0.0221634138, "eps": 0.11, "epsdiluted": 0.1, "weightedAverageShsOut": 18204000, "weightedAverageShsOutDil": 18204000, "link": null, "finalLink": null, "calculatedOtherExpenses": 2800000, "calculatedOperatingExpenses": 55300000, "calculatedNetInterest": -5200000, "calculatedOtherIncome": -200000, "calculatedIncomeNonControlling": -200000, "calculatedEbitda": 19300000}, {"date": "1988-03-31", "symbol": "AGYS", "reportedCurrency": "USD", "cik": "0000078749", "fillingDate": "1988-03-31", "acceptedDate": "1988-03-31 00:00:00", "calendarYear": "1987", "period": "FY", "revenue": 254600000, "costOfRevenue": 191500000, "grossProfit": 63100000, "grossProfitRatio": 0.2478397486, "researchAndDevelopmentExpenses": 0, "generalAndAdministrativeExpenses": 0, "sellingAndMarketingExpenses": 0, "sellingGeneralAndAdministrativeExpenses": 47400000, "otherExpenses": 2800000, "operatingExpenses": 50200000, "costAndExpenses": 241700000, "interestIncome": 0, "interestExpense": 4300000, "depreciationAndAmortization": 2800000, "ebitda": 14800000, "ebitdaratio": 0.0581304006, "operatingIncome": 12900000, "operatingIncomeRatio": 0.0506677141, "totalOtherIncomeExpensesNet": 900000, "incomeBeforeTax": 8600000, "incomeBeforeTaxRatio": 0.033778476, "incomeTaxExpense": 3400000, "netIncome": 5200000, "netIncomeRatio": 0.0204241948, "eps": 0.0859, "epsdiluted": 0.0859, "weightedAverageShsOut": 18204000, "weightedAverageShsOutDil": 18204000, "link": null, "finalLink": null, "calculatedOtherExpenses": 2800000, "calculatedOperatingExpenses": 50200000, "calculatedNetInterest": -4300000, "calculatedOtherIncome": 0, "calculatedIncomeNonControlling": 0, "calculatedEbitda": 15700000}, {"date": "1987-03-31", "symbol": "AGYS", "reportedCurrency": "USD", "cik": "0000078749", "fillingDate": "1987-03-31", "acceptedDate": "1987-03-31 00:00:00", "calendarYear": "1986", "period": "FY", "revenue": 212200000, "costOfRevenue": 159800000, "grossProfit": 52400000, "grossProfitRatio": 0.246936852, "researchAndDevelopmentExpenses": 0, "generalAndAdministrativeExpenses": 0, "sellingAndMarketingExpenses": 0, "sellingGeneralAndAdministrativeExpenses": 42000000, "otherExpenses": 2500000, "operatingExpenses": 44500000, "costAndExpenses": 204300000, "interestIncome": 0, "interestExpense": 4800000, "depreciationAndAmortization": 2500000, "ebitda": 9900000, "ebitdaratio": 0.0466540999, "operatingIncome": 7900000, "operatingIncomeRatio": 0.0372290292, "totalOtherIncomeExpensesNet": 500000, "incomeBeforeTax": 3100000, "incomeBeforeTaxRatio": 0.0146088596, "incomeTaxExpense": 1300000, "netIncome": 400000, "netIncomeRatio": 0.0018850141, "eps": 0.0089, "epsdiluted": 0.0089, "weightedAverageShsOut": 18204000, "weightedAverageShsOutDil": 18204000, "link": null, "finalLink": null, "calculatedOtherExpenses": 2500000, "calculatedOperatingExpenses": 44500000, "calculatedNetInterest": -4800000, "calculatedOtherIncome": 0, "calculatedIncomeNonControlling": 1400000, "calculatedEbitda": 10400000}, {"date": "1986-03-31", "symbol": "AGYS", "reportedCurrency": "USD", "cik": "0000078749", "fillingDate": "1986-03-31", "acceptedDate": "1986-03-31 00:00:00", "calendarYear": "1985", "period": "FY", "revenue": 202000000, "costOfRevenue": 154600000, "grossProfit": 47400000, "grossProfitRatio": 0.2346534653, "researchAndDevelopmentExpenses": 0, "generalAndAdministrativeExpenses": 0, "sellingAndMarketingExpenses": 0, "sellingGeneralAndAdministrativeExpenses": 43600000, "otherExpenses": 2400000, "operatingExpenses": 46000000, "costAndExpenses": 200600000, "interestIncome": 0, "interestExpense": 5500000, "depreciationAndAmortization": 2400000, "ebitda": 3700000, "ebitdaratio": 0.0183168317, "operatingIncome": 1400000, "operatingIncomeRatio": 0.0069306931, "totalOtherIncomeExpensesNet": 100000, "incomeBeforeTax": -4100000, "incomeBeforeTaxRatio": -0.0202970297, "incomeTaxExpense": -2000000, "netIncome": -2100000, "netIncomeRatio": -0.0103960396, "eps": -0.12, "epsdiluted": -0.12, "weightedAverageShsOut": 18204000, "weightedAverageShsOutDil": 18204000, "link": null, "finalLink": null, "calculatedOtherExpenses": 2400000, "calculatedOperatingExpenses": 46000000, "calculatedNetInterest": -5500000, "calculatedOtherIncome": 0, "calculatedIncomeNonControlling": 0, "calculatedEbitda": 3800000}]}