{"originalCurrency": "USD", "convertedCurrency": "USD", "report": [{"date": "2023-12-31", "symbol": "AIG", "reportedCurrency": "USD", "cik": "0000005272", "fillingDate": "2024-02-14", "acceptedDate": "2024-02-14 15:48:01", "calendarYear": "2023", "period": "FY", "revenue": 47251000000, "costOfRevenue": 8990000000, "grossProfit": 38261000000, "grossProfitRatio": 0.8097394764, "researchAndDevelopmentExpenses": 0, "generalAndAdministrativeExpenses": 8499000000, "sellingAndMarketingExpenses": 0, "sellingGeneralAndAdministrativeExpenses": 8499000000, "otherExpenses": -12754000000, "operatingExpenses": 33934000000, "costAndExpenses": 43393000000, "interestIncome": 1666000000, "interestExpense": 1136000000, "depreciationAndAmortization": 4214000000, "ebitda": 3878000000, "ebitdaratio": 0.0820723371, "operatingIncome": 3878000000, "operatingIncomeRatio": 0.0820723371, "totalOtherIncomeExpensesNet": 767000000, "incomeBeforeTax": 3858000000, "incomeBeforeTaxRatio": 0.0816490656, "incomeTaxExpense": -20000000, "netIncome": 3643000000, "netIncomeRatio": 0.0770988974, "eps": 5.02, "epsdiluted": 4.98, "weightedAverageShsOut": 719506291, "weightedAverageShsOutDil": 725233068, "link": "https://www.sec.gov/Archives/edgar/data/5272/000000527224000023/0000005272-24-000023-index.htm", "finalLink": "https://www.sec.gov/Archives/edgar/data/5272/000000527224000023/aig-20231231.htm", "calculatedOtherExpenses": 25884000000, "calculatedOperatingExpenses": 34383000000, "calculatedNetInterest": 530000000, "calculatedOtherIncome": -550000000, "calculatedIncomeNonControlling": 235000000, "calculatedEbitda": 8092000000}, {"date": "2022-12-31", "symbol": "AIG", "reportedCurrency": "USD", "cik": "0000005272", "fillingDate": "2023-02-17", "acceptedDate": "2023-02-17 13:24:05", "calendarYear": "2022", "period": "FY", "revenue": 56539000000, "costOfRevenue": 0, "grossProfit": 56539000000, "grossProfitRatio": 1, "researchAndDevelopmentExpenses": 0, "generalAndAdministrativeExpenses": 9195000000, "sellingAndMarketingExpenses": 0, "sellingGeneralAndAdministrativeExpenses": 9195000000, "otherExpenses": 9195000000, "operatingExpenses": 9195000000, "costAndExpenses": 42257000000, "interestIncome": 2162000000, "interestExpense": 1125000000, "depreciationAndAmortization": 4848000000, "ebitda": 19226000000, "ebitdaratio": 0.3400484621, "operatingIncome": 14378000000, "operatingIncomeRatio": 0.25430234, "totalOtherIncomeExpensesNet": -96000000, "incomeBeforeTax": 14282000000, "incomeBeforeTaxRatio": 0.252604397, "incomeTaxExpense": 3006000000, "netIncome": 10227000000, "netIncomeRatio": 0.1808839916, "eps": 13.1, "epsdiluted": 12.94, "weightedAverageShsOut": 778621118, "weightedAverageShsOutDil": 787941750, "link": "https://www.sec.gov/Archives/edgar/data/5272/000000527223000007/0000005272-23-000007-index.htm", "finalLink": "https://www.sec.gov/Archives/edgar/data/5272/000000527223000007/aig-20221231.htm", "calculatedOtherExpenses": 32966000000, "calculatedOperatingExpenses": 42161000000, "calculatedNetInterest": 1037000000, "calculatedOtherIncome": -1133000000, "calculatedIncomeNonControlling": 1049000000, "calculatedEbitda": 19226000000}, {"date": "2021-12-31", "symbol": "AIG", "reportedCurrency": "USD", "cik": "0000005272", "fillingDate": "2022-02-17", "acceptedDate": "2022-02-17 15:27:18", "calendarYear": "2021", "period": "FY", "revenue": 51885000000, "costOfRevenue": 0, "grossProfit": 51885000000, "grossProfitRatio": 1, "researchAndDevelopmentExpenses": 0, "generalAndAdministrativeExpenses": 8790000000, "sellingAndMarketingExpenses": 0, "sellingGeneralAndAdministrativeExpenses": 8790000000, "otherExpenses": -49111000000, "operatingExpenses": -40321000000, "costAndExpenses": 39786000000, "interestIncome": 1952000000, "interestExpense": 1305000000, "depreciationAndAmortization": 4633000000, "ebitda": 16197000000, "ebitdaratio": 0.3121711477, "operatingIncome": 11564000000, "operatingIncomeRatio": 0.2228775176, "totalOtherIncomeExpensesNet": 535000000, "incomeBeforeTax": 12099000000, "incomeBeforeTaxRatio": 0.2331887829, "incomeTaxExpense": 2176000000, "netIncome": 10367000000, "netIncomeRatio": 0.1998072661, "eps": 10.95, "epsdiluted": 10.82, "weightedAverageShsOut": 854320449, "weightedAverageShsOutDil": 864884879, "link": "https://www.sec.gov/Archives/edgar/data/5272/000110465922024701/0001104659-22-024701-index.htm", "finalLink": "https://www.sec.gov/Archives/edgar/data/5272/000110465922024701/aig-20211231.htm", "calculatedOtherExpenses": 31531000000, "calculatedOperatingExpenses": 40321000000, "calculatedNetInterest": 647000000, "calculatedOtherIncome": -112000000, "calculatedIncomeNonControlling": -444000000, "calculatedEbitda": 16197000000}, {"date": "2020-12-31", "symbol": "AIG", "reportedCurrency": "USD", "cik": "0000005272", "fillingDate": "2021-02-19", "acceptedDate": "2021-02-19 16:05:19", "calendarYear": "2020", "period": "FY", "revenue": 43839000000, "costOfRevenue": 0, "grossProfit": 43839000000, "grossProfitRatio": 1, "researchAndDevelopmentExpenses": 0, "generalAndAdministrativeExpenses": 8396000000, "sellingAndMarketingExpenses": 0, "sellingGeneralAndAdministrativeExpenses": 8396000000, "otherExpenses": -60542000000, "operatingExpenses": -52146000000, "costAndExpenses": 51132000000, "interestIncome": 1989000000, "interestExpense": 1457000000, "depreciationAndAmortization": 4120000000, "ebitda": -4187000000, "ebitdaratio": -0.0955085654, "operatingIncome": -8307000000, "operatingIncomeRatio": -0.1894888113, "totalOtherIncomeExpensesNet": 1014000000, "incomeBeforeTax": -7293000000, "incomeBeforeTaxRatio": -0.1663587217, "incomeTaxExpense": -1460000000, "netIncome": -5833000000, "netIncomeRatio": -0.1330550423, "eps": -6.71, "epsdiluted": -6.71, "weightedAverageShsOut": 869309458, "weightedAverageShsOutDil": 869309458, "link": "https://www.sec.gov/Archives/edgar/data/5272/000110465921025742/0001104659-21-025742-index.htm", "finalLink": "https://www.sec.gov/Archives/edgar/data/5272/000110465921025742/aig-20201231.htm", "calculatedOtherExpenses": 43750000000, "calculatedOperatingExpenses": 52146000000, "calculatedNetInterest": 532000000, "calculatedOtherIncome": 482000000, "calculatedIncomeNonControlling": 0, "calculatedEbitda": -4187000000}, {"date": "2019-12-31", "symbol": "AIG", "reportedCurrency": "USD", "cik": "0000005272", "fillingDate": "2020-02-21", "acceptedDate": "2020-02-21 16:26:31", "calendarYear": "2019", "period": "FY", "revenue": 49792000000, "costOfRevenue": 0, "grossProfit": 49792000000, "grossProfitRatio": 1, "researchAndDevelopmentExpenses": 0, "generalAndAdministrativeExpenses": 8537000000, "sellingAndMarketingExpenses": 0, "sellingGeneralAndAdministrativeExpenses": 8537000000, "otherExpenses": -54734000000, "operatingExpenses": -46197000000, "costAndExpenses": 44505000000, "interestIncome": 2030000000, "interestExpense": 1417000000, "depreciationAndAmortization": 5006000000, "ebitda": 8601000000, "ebitdaratio": 0.1727385925, "operatingIncome": 3595000000, "operatingIncomeRatio": 0.0722003535, "totalOtherIncomeExpensesNet": 1692000000, "incomeBeforeTax": 5287000000, "incomeBeforeTaxRatio": 0.1061817159, "incomeTaxExpense": 1166000000, "netIncome": 3348000000, "netIncomeRatio": 0.0672397172, "eps": 3.79, "epsdiluted": 3.74, "weightedAverageShsOut": 876750264, "weightedAverageShsOutDil": 889511946, "link": "https://www.sec.gov/Archives/edgar/data/5272/000110465920023889/0001104659-20-023889-index.htm", "finalLink": "https://www.sec.gov/Archives/edgar/data/5272/000110465920023889/aig-20191231.htm", "calculatedOtherExpenses": 37660000000, "calculatedOperatingExpenses": 46197000000, "calculatedNetInterest": 613000000, "calculatedOtherIncome": 1079000000, "calculatedIncomeNonControlling": 773000000, "calculatedEbitda": 8601000000}, {"date": "2018-12-31", "symbol": "AIG", "reportedCurrency": "USD", "cik": "0000005272", "fillingDate": "2019-02-15", "acceptedDate": "2019-02-15 13:22:56", "calendarYear": "2018", "period": "FY", "revenue": 47481000000, "costOfRevenue": 0, "grossProfit": 47481000000, "grossProfitRatio": 1, "researchAndDevelopmentExpenses": 0, "generalAndAdministrativeExpenses": 9302000000, "sellingAndMarketingExpenses": 0, "sellingGeneralAndAdministrativeExpenses": 9302000000, "otherExpenses": -55326000000, "operatingExpenses": -46024000000, "costAndExpenses": 47224000000, "interestIncome": 0, "interestExpense": 1309000000, "depreciationAndAmortization": 5362000000, "ebitda": 6819000000, "ebitdaratio": 0.1436153409, "operatingIncome": 1457000000, "operatingIncomeRatio": 0.0306859586, "totalOtherIncomeExpensesNet": 1638000000, "incomeBeforeTax": 257000000, "incomeBeforeTaxRatio": 0.0054126914, "incomeTaxExpense": 154000000, "netIncome": -6000000, "netIncomeRatio": -0.0001263663, "eps": -0.0067, "epsdiluted": -0.0066, "weightedAverageShsOut": 898405537, "weightedAverageShsOutDil": 910141242, "link": "https://www.sec.gov/Archives/edgar/data/5272/000000527219000023/0000005272-19-000023-index.htm", "finalLink": "https://www.sec.gov/Archives/edgar/data/5272/000000527219000023/maindocument001.htm", "calculatedOtherExpenses": 36722000000, "calculatedOperatingExpenses": 46024000000, "calculatedNetInterest": -1309000000, "calculatedOtherIncome": 109000000, "calculatedIncomeNonControlling": 109000000, "calculatedEbitda": 6819000000}, {"date": "2017-12-31", "symbol": "AIG", "reportedCurrency": "USD", "cik": "0000005272", "fillingDate": "2018-02-16", "acceptedDate": "2018-02-16 16:45:19", "calendarYear": "2017", "period": "FY", "revenue": 49930000000, "costOfRevenue": 0, "grossProfit": 49930000000, "grossProfitRatio": 1, "researchAndDevelopmentExpenses": 0, "generalAndAdministrativeExpenses": 9107000000, "sellingAndMarketingExpenses": 0, "sellingGeneralAndAdministrativeExpenses": 9107000000, "otherExpenses": 0, "operatingExpenses": 46473000000, "costAndExpenses": 48464000000, "interestIncome": 0, "interestExpense": 1168000000, "depreciationAndAmortization": 3874000000, "ebitda": 6484000000, "ebitdaratio": 0.1298618065, "operatingIncome": -6060000000, "operatingIncomeRatio": -0.1213699179, "totalOtherIncomeExpensesNet": 2412000000, "incomeBeforeTax": 1466000000, "incomeBeforeTaxRatio": 0.0293611055, "incomeTaxExpense": 7526000000, "netIncome": -6084000000, "netIncomeRatio": -0.1218505908, "eps": -6.54, "epsdiluted": -6.54, "weightedAverageShsOut": 930561286, "weightedAverageShsOutDil": 930561286, "link": "https://www.sec.gov/Archives/edgar/data/5272/000000527218000022/0000005272-18-000022-index.htm", "finalLink": "https://www.sec.gov/Archives/edgar/data/5272/000000527218000022/maindocument001.htm", "calculatedOtherExpenses": 46883000000, "calculatedOperatingExpenses": 55990000000, "calculatedNetInterest": -1168000000, "calculatedOtherIncome": 8694000000, "calculatedIncomeNonControlling": 24000000, "calculatedEbitda": -2186000000}, {"date": "2016-12-31", "symbol": "AIG", "reportedCurrency": "USD", "cik": "0000005272", "fillingDate": "2017-02-23", "acceptedDate": "2017-02-23 16:09:53", "calendarYear": "2016", "period": "FY", "revenue": 52754000000, "costOfRevenue": 0, "grossProfit": 52754000000, "grossProfitRatio": 1, "researchAndDevelopmentExpenses": 0, "generalAndAdministrativeExpenses": 10989000000, "sellingAndMarketingExpenses": 0, "sellingGeneralAndAdministrativeExpenses": 10989000000, "otherExpenses": 0, "operatingExpenses": 42182000000, "costAndExpenses": 52828000000, "interestIncome": 0, "interestExpense": 1260000000, "depreciationAndAmortization": 4090000000, "ebitda": 4686000000, "ebitdaratio": 0.0888273875, "operatingIncome": -259000000, "operatingIncomeRatio": -0.0049095803, "totalOtherIncomeExpensesNet": 3121000000, "incomeBeforeTax": -74000000, "incomeBeforeTaxRatio": -0.0014027372, "incomeTaxExpense": 185000000, "netIncome": -849000000, "netIncomeRatio": -0.0160935664, "eps": -0.78, "epsdiluted": -0.78, "weightedAverageShsOut": 1084285714, "weightedAverageShsOutDil": 1091085131, "link": "https://www.sec.gov/Archives/edgar/data/5272/000000527217000017/0000005272-17-000017-index.htm", "finalLink": "https://www.sec.gov/Archives/edgar/data/5272/000000527217000017/maindocument001.htm", "calculatedOtherExpenses": 42024000000, "calculatedOperatingExpenses": 53013000000, "calculatedNetInterest": -1260000000, "calculatedOtherIncome": 1445000000, "calculatedIncomeNonControlling": 590000000, "calculatedEbitda": 3831000000}, {"date": "2015-12-31", "symbol": "AIG", "reportedCurrency": "USD", "cik": "0000005272", "fillingDate": "2016-02-19", "acceptedDate": "2016-02-19 17:15:13", "calendarYear": "2015", "period": "FY", "revenue": 58925000000, "costOfRevenue": 0, "grossProfit": 58925000000, "grossProfitRatio": 1, "researchAndDevelopmentExpenses": 0, "generalAndAdministrativeExpenses": 12686000000, "sellingAndMarketingExpenses": 0, "sellingGeneralAndAdministrativeExpenses": 12686000000, "otherExpenses": 0, "operatingExpenses": 44306000000, "costAndExpenses": 55644000000, "interestIncome": 0, "interestExpense": 1281000000, "depreciationAndAmortization": 4629000000, "ebitda": 9165000000, "ebitdaratio": 0.1555366992, "operatingIncome": 7574000000, "operatingIncomeRatio": 0.1285362749, "totalOtherIncomeExpensesNet": 4088000000, "incomeBeforeTax": 3281000000, "incomeBeforeTaxRatio": 0.0556809504, "incomeTaxExpense": 1059000000, "netIncome": 2196000000, "netIncomeRatio": 0.0372677132, "eps": 1.69, "epsdiluted": 1.65, "weightedAverageShsOut": 1299825350, "weightedAverageShsOutDil": 1334464883, "link": "https://www.sec.gov/Archives/edgar/data/5272/000000527216000035/0000005272-16-000035-index.htm", "finalLink": "https://www.sec.gov/Archives/edgar/data/5272/000000527216000035/maindocument001.htm", "calculatedOtherExpenses": 38665000000, "calculatedOperatingExpenses": 51351000000, "calculatedNetInterest": -1281000000, "calculatedOtherIncome": -3012000000, "calculatedIncomeNonControlling": 26000000, "calculatedEbitda": 12203000000}, {"date": "2014-12-31", "symbol": "AIG", "reportedCurrency": "USD", "cik": "0000005272", "fillingDate": "2015-02-20", "acceptedDate": "2015-02-20 17:07:30", "calendarYear": "2014", "period": "FY", "revenue": 64608000000, "costOfRevenue": 0, "grossProfit": 64608000000, "grossProfitRatio": 1, "researchAndDevelopmentExpenses": 0, "generalAndAdministrativeExpenses": 14723000000, "sellingAndMarketingExpenses": 0, "sellingGeneralAndAdministrativeExpenses": 14723000000, "otherExpenses": 0, "operatingExpenses": 44306000000, "costAndExpenses": 54107000000, "interestIncome": 0, "interestExpense": 1718000000, "depreciationAndAmortization": 4448000000, "ebitda": 16622000000, "ebitdaratio": 0.2572746409, "operatingIncome": 7574000000, "operatingIncomeRatio": 0.1172300644, "totalOtherIncomeExpensesNet": 1602000000, "incomeBeforeTax": 10501000000, "incomeBeforeTaxRatio": 0.1625340515, "incomeTaxExpense": 2927000000, "netIncome": 7529000000, "netIncomeRatio": 0.1165335562, "eps": 5.27, "epsdiluted": 5.2, "weightedAverageShsOut": 1427959799, "weightedAverageShsOutDil": 1447553652, "link": "https://www.sec.gov/Archives/edgar/data/5272/000000527215000002/0000005272-15-000002-index.htm", "finalLink": "https://www.sec.gov/Archives/edgar/data/5272/000000527215000002/maindocument001.htm", "calculatedOtherExpenses": 42311000000, "calculatedOperatingExpenses": 57034000000, "calculatedNetInterest": -1718000000, "calculatedOtherIncome": 4645000000, "calculatedIncomeNonControlling": 45000000, "calculatedEbitda": 12022000000}, {"date": "2013-12-31", "symbol": "AIG", "reportedCurrency": "USD", "cik": "0000005272", "fillingDate": "2014-02-20", "acceptedDate": "2014-02-20 16:11:04", "calendarYear": "2013", "period": "FY", "revenue": 69871000000, "costOfRevenue": 0, "grossProfit": 69871000000, "grossProfitRatio": 1, "researchAndDevelopmentExpenses": 0, "generalAndAdministrativeExpenses": 4549000000, "sellingAndMarketingExpenses": 0, "sellingGeneralAndAdministrativeExpenses": 4549000000, "otherExpenses": 0, "operatingExpenses": 55073000000, "costAndExpenses": 60307000000, "interestIncome": 7000000, "interestExpense": 2142000000, "depreciationAndAmortization": 4713000000, "ebitda": 16300000000, "ebitdaratio": 0.2339433082, "operatingIncome": 9008000000, "operatingIncomeRatio": 0.1292859706, "totalOtherIncomeExpensesNet": 4420000000, "incomeBeforeTax": 9368000000, "incomeBeforeTaxRatio": 0.1344528166, "incomeTaxExpense": 360000000, "netIncome": 9085000000, "netIncomeRatio": 0.1303911015, "eps": 6.16, "epsdiluted": 6.13, "weightedAverageShsOut": 1474171690, "weightedAverageShsOutDil": 1481206797, "link": "https://www.sec.gov/Archives/edgar/data/5272/000104746914001096/0001047469-14-001096-index.htm", "finalLink": "https://www.sec.gov/Archives/edgar/data/5272/000104746914001096/a2218248z10-k.htm", "calculatedOtherExpenses": 56314000000, "calculatedOperatingExpenses": 60863000000, "calculatedNetInterest": -2135000000, "calculatedOtherIncome": 2495000000, "calculatedIncomeNonControlling": -77000000, "calculatedEbitda": 13721000000}, {"date": "2012-12-31", "symbol": "AIG", "reportedCurrency": "USD", "cik": "0000005272", "fillingDate": "2013-02-21", "acceptedDate": "2013-02-21 16:08:46", "calendarYear": "2012", "period": "FY", "revenue": 71419000000, "costOfRevenue": 0, "grossProfit": 71419000000, "grossProfitRatio": 1, "researchAndDevelopmentExpenses": 0, "generalAndAdministrativeExpenses": 0, "sellingAndMarketingExpenses": 0, "sellingGeneralAndAdministrativeExpenses": 0, "otherExpenses": 0, "operatingExpenses": 57902000000, "costAndExpenses": 56230000000, "interestIncome": 262000000, "interestExpense": 2319000000, "depreciationAndAmortization": 5307000000, "ebitda": 12634000000, "ebitdaratio": 0.1927324872, "operatingIncome": 7752000000, "operatingIncomeRatio": 0.1182572614, "totalOtherIncomeExpensesNet": 3582000000, "incomeBeforeTax": 9322000000, "incomeBeforeTaxRatio": 0.142207713, "incomeTaxExpense": 1570000000, "netIncome": 3438000000, "netIncomeRatio": 0.0524469124, "eps": 2.04, "epsdiluted": 2.04, "weightedAverageShsOut": 1687197038, "weightedAverageShsOutDil": 1687226641, "link": "https://www.sec.gov/Archives/edgar/data/5272/000104746913001390/0001047469-13-001390-index.htm", "finalLink": "https://www.sec.gov/Archives/edgar/data/5272/000104746913001390/a2212976z10-k.htm", "calculatedOtherExpenses": 63667000000, "calculatedOperatingExpenses": 63667000000, "calculatedNetInterest": -2057000000, "calculatedOtherIncome": 3627000000, "calculatedIncomeNonControlling": 4314000000, "calculatedEbitda": 13059000000}, {"date": "2011-12-31", "symbol": "AIG", "reportedCurrency": "USD", "cik": "0000005272", "fillingDate": "2012-02-23", "acceptedDate": "2012-02-23 16:07:46", "calendarYear": "2011", "period": "FY", "revenue": 65369000000, "costOfRevenue": 0, "grossProfit": 65369000000, "grossProfitRatio": 1, "researchAndDevelopmentExpenses": 0, "generalAndAdministrativeExpenses": 3974000000, "sellingAndMarketingExpenses": 0, "sellingGeneralAndAdministrativeExpenses": 3974000000, "otherExpenses": 0, "operatingExpenses": 43218000000, "costAndExpenses": 65302000000, "interestIncome": 689000000, "interestExpense": 3871000000, "depreciationAndAmortization": 9883000000, "ebitda": 13516000000, "ebitdaratio": 0.2104083316, "operatingIncome": 16971000000, "operatingIncomeRatio": 0.2641935333, "totalOtherIncomeExpensesNet": 7266000000, "incomeBeforeTax": -1065000000, "incomeBeforeTaxRatio": -0.01657923, "incomeTaxExpense": -18036000000, "netIncome": 17798000000, "netIncomeRatio": 0.2770677335, "eps": 11.01, "epsdiluted": 11.01, "weightedAverageShsOut": 1799385757, "weightedAverageShsOutDil": 1799458497, "link": "https://www.sec.gov/Archives/edgar/data/5272/000104746912001369/0001047469-12-001369-index.htm", "finalLink": "https://www.sec.gov/Archives/edgar/data/5272/000104746912001369/a2207458z10-k.htm", "calculatedOtherExpenses": 44424000000, "calculatedOperatingExpenses": 48398000000, "calculatedNetInterest": -3182000000, "calculatedOtherIncome": -14854000000, "calculatedIncomeNonControlling": -827000000, "calculatedEbitda": 26854000000}, {"date": "2010-12-31", "symbol": "AIG", "reportedCurrency": "USD", "cik": "0000005272", "fillingDate": "2011-02-24", "acceptedDate": "2011-02-24 16:36:24", "calendarYear": "2010", "period": "FY", "revenue": 77526000000, "costOfRevenue": 0, "grossProfit": 77526000000, "grossProfitRatio": 1, "researchAndDevelopmentExpenses": 0, "generalAndAdministrativeExpenses": 0, "sellingAndMarketingExpenses": 0, "sellingGeneralAndAdministrativeExpenses": 0, "otherExpenses": 0, "operatingExpenses": 47457000000, "costAndExpenses": 59365000000, "interestIncome": 2173000000, "interestExpense": 7859000000, "depreciationAndAmortization": 11320000000, "ebitda": 32824000000, "ebitdaratio": 0.4246258134, "operatingIncome": 12077000000, "operatingIncomeRatio": 0.1562334252, "totalOtherIncomeExpensesNet": 8023000000, "incomeBeforeTax": 17936000000, "incomeBeforeTaxRatio": 0.2320280462, "incomeTaxExpense": 5859000000, "netIncome": 7786000000, "netIncomeRatio": 0.1007231472, "eps": 11.6, "epsdiluted": 11.6, "weightedAverageShsOut": 136585844, "weightedAverageShsOutDil": 136649280, "link": "https://www.sec.gov/Archives/edgar/data/5272/000104746911001283/0001047469-11-001283-index.htm", "finalLink": "https://www.sec.gov/Archives/edgar/data/5272/000104746911001283/a2202141z10-k.htm", "calculatedOtherExpenses": 65449000000, "calculatedOperatingExpenses": 65449000000, "calculatedNetInterest": -5686000000, "calculatedOtherIncome": 11545000000, "calculatedIncomeNonControlling": 4291000000, "calculatedEbitda": 23397000000}, {"date": "2009-12-31", "symbol": "AIG", "reportedCurrency": "USD", "cik": "0000005272", "fillingDate": "2010-02-26", "acceptedDate": "2010-02-26 07:20:28", "calendarYear": "2009", "period": "FY", "revenue": 75352000000, "costOfRevenue": 0, "grossProfit": 75352000000, "grossProfitRatio": 1, "researchAndDevelopmentExpenses": 0, "generalAndAdministrativeExpenses": 0, "sellingAndMarketingExpenses": 0, "sellingGeneralAndAdministrativeExpenses": 0, "otherExpenses": -107774000000, "operatingExpenses": -107774000000, "costAndExpenses": 109652000000, "interestIncome": -1387000000, "interestExpense": 15369000000, "depreciationAndAmortization": 14631000000, "ebitda": 17173000000, "ebitdaratio": 0.1788779634, "operatingIncome": -11770000000, "operatingIncomeRatio": -0.1225990584, "totalOtherIncomeExpensesNet": 11499000000, "incomeBeforeTax": -13648000000, "incomeBeforeTaxRatio": -0.1421607433, "incomeTaxExpense": -1878000000, "netIncome": -10949000000, "netIncomeRatio": -0.1140473314, "eps": -80.91, "epsdiluted": -80.91, "weightedAverageShsOut": 135324896, "weightedAverageShsOutDil": 135324896, "link": "https://www.sec.gov/Archives/edgar/data/5272/000104746910001465/0001047469-10-001465-index.htm", "finalLink": "https://www.sec.gov/Archives/edgar/data/5272/000104746910001465/a2196553z10-k.htm", "calculatedOtherExpenses": 87122000000, "calculatedOperatingExpenses": 87122000000, "calculatedNetInterest": -16756000000, "calculatedOtherIncome": 14878000000, "calculatedIncomeNonControlling": -821000000, "calculatedEbitda": 2861000000}, {"date": "2008-12-31", "symbol": "AIG", "reportedCurrency": "USD", "cik": "0000005272", "fillingDate": "2009-03-02", "acceptedDate": "2009-03-02 06:17:40", "calendarYear": "2008", "period": "FY", "revenue": 6896000000, "costOfRevenue": 0, "grossProfit": 6896000000, "grossProfitRatio": 1, "researchAndDevelopmentExpenses": 0, "generalAndAdministrativeExpenses": 0, "sellingAndMarketingExpenses": 0, "sellingGeneralAndAdministrativeExpenses": 0, "otherExpenses": -100054000000, "operatingExpenses": -100054000000, "costAndExpenses": 119865000000, "interestIncome": 0, "interestExpense": 17007000000, "depreciationAndAmortization": 3523000000, "ebitda": -87133000000, "ebitdaratio": -7.8469920749, "operatingIncome": -90656000000, "operatingIncomeRatio": -8.1642651297, "totalOtherIncomeExpensesNet": -29139000000, "incomeBeforeTax": -108761000000, "incomeBeforeTaxRatio": -9.7947586455, "incomeTaxExpense": -8374000000, "netIncome": -99289000000, "netIncomeRatio": -8.9417327089, "eps": -753.82, "epsdiluted": -753.82, "weightedAverageShsOut": 131714245, "weightedAverageShsOutDil": 131714245, "link": "https://www.sec.gov/Archives/edgar/data/5272/000095012309003734/0000950123-09-003734-index.htm", "finalLink": "https://www.sec.gov/Archives/edgar/data/5272/000095012309003734/y74794e10vk.htm", "calculatedOtherExpenses": 97552000000, "calculatedOperatingExpenses": 97552000000, "calculatedNetInterest": -17007000000, "calculatedOtherIncome": -1098000000, "calculatedIncomeNonControlling": -1098000000, "calculatedEbitda": -87133000000}, {"date": "2007-12-31", "symbol": "AIG", "reportedCurrency": "USD", "cik": "0000005272", "fillingDate": "2008-02-28", "acceptedDate": "2008-02-28 17:29:58", "calendarYear": "2007", "period": "FY", "revenue": 110064000000, "costOfRevenue": 0, "grossProfit": 110064000000, "grossProfitRatio": 1, "researchAndDevelopmentExpenses": 0, "generalAndAdministrativeExpenses": 0, "sellingAndMarketingExpenses": 0, "sellingGeneralAndAdministrativeExpenses": 0, "otherExpenses": -67403000000, "operatingExpenses": -67403000000, "costAndExpenses": 101121000000, "interestIncome": 0, "interestExpense": 0, "depreciationAndAmortization": 2790000000, "ebitda": 10445000000, "ebitdaratio": 0.0948993313, "operatingIncome": 7655000000, "operatingIncomeRatio": 0.0695504434, "totalOtherIncomeExpensesNet": 5735000000, "incomeBeforeTax": 8943000000, "incomeBeforeTaxRatio": 0.0812527257, "incomeTaxExpense": 1455000000, "netIncome": 6200000000, "netIncomeRatio": 0.056330862, "eps": 48, "epsdiluted": 47.8, "weightedAverageShsOut": 129250000, "weightedAverageShsOutDil": 129900000, "link": "https://www.sec.gov/Archives/edgar/data/5272/000095012308002280/0000950123-08-002280-index.htm", "finalLink": "https://www.sec.gov/Archives/edgar/data/5272/000095012308002280/y44393e10vk.htm", "calculatedOtherExpenses": 102409000000, "calculatedOperatingExpenses": 102409000000, "calculatedNetInterest": 0, "calculatedOtherIncome": 1288000000, "calculatedIncomeNonControlling": 1288000000, "calculatedEbitda": 10445000000}, {"date": "2006-12-31", "symbol": "AIG", "reportedCurrency": "USD", "cik": "0000005272", "fillingDate": "2007-03-01", "acceptedDate": "2007-03-01 16:02:17", "calendarYear": "2006", "period": "FY", "revenue": 113387000000, "costOfRevenue": 0, "grossProfit": 113387000000, "grossProfitRatio": 1, "researchAndDevelopmentExpenses": 0, "generalAndAdministrativeExpenses": 0, "sellingAndMarketingExpenses": 0, "sellingGeneralAndAdministrativeExpenses": 0, "otherExpenses": -60808000000, "operatingExpenses": -60808000000, "costAndExpenses": 91507000000, "interestIncome": 0, "interestExpense": 0, "depreciationAndAmortization": 16394000000, "ebitda": 36979000000, "ebitdaratio": 0.3266869269, "operatingIncome": 20585000000, "operatingIncomeRatio": 0.1818559288, "totalOtherIncomeExpensesNet": 12460000000, "incomeBeforeTax": 21687000000, "incomeBeforeTaxRatio": 0.1915914271, "incomeTaxExpense": 6537000000, "netIncome": 14048000000, "netIncomeRatio": 0.124105518, "eps": 107.8, "epsdiluted": 107.2, "weightedAverageShsOut": 130400000, "weightedAverageShsOutDil": 131150000, "link": "https://www.sec.gov/Archives/edgar/data/5272/000095012307003026/0000950123-07-003026-index.htm", "finalLink": "https://www.sec.gov/Archives/edgar/data/5272/000095012307003026/y27490e10vk.htm", "calculatedOtherExpenses": 92802000000, "calculatedOperatingExpenses": 92802000000, "calculatedNetInterest": 0, "calculatedOtherIncome": 1102000000, "calculatedIncomeNonControlling": 1102000000, "calculatedEbitda": 36979000000}, {"date": "2005-12-31", "symbol": "AIG", "reportedCurrency": "USD", "cik": "0000005272", "fillingDate": "2006-03-16", "acceptedDate": "2006-03-16 16:29:54", "calendarYear": "2005", "period": "FY", "revenue": 108905000000, "costOfRevenue": 0, "grossProfit": 108905000000, "grossProfitRatio": 1, "researchAndDevelopmentExpenses": 0, "generalAndAdministrativeExpenses": 0, "sellingAndMarketingExpenses": 0, "sellingGeneralAndAdministrativeExpenses": 0, "otherExpenses": -106590000000, "operatingExpenses": -106590000000, "costAndExpenses": 93692000000, "interestIncome": 1177000000, "interestExpense": 0, "depreciationAndAmortization": 2200000000, "ebitda": 16935000000, "ebitdaratio": 0.1555025022, "operatingIncome": 2315000000, "operatingIncomeRatio": 0.0212570589, "totalOtherIncomeExpensesNet": 16190000000, "incomeBeforeTax": 15213000000, "incomeBeforeTaxRatio": 0.139690556, "incomeTaxExpense": 4258000000, "netIncome": 10477000000, "netIncomeRatio": 0.0962031128, "eps": 80.6, "epsdiluted": 79.8, "weightedAverageShsOut": 129850000, "weightedAverageShsOutDil": 131350000, "link": "https://www.sec.gov/Archives/edgar/data/5272/000095012306003276/0000950123-06-003276-index.htm", "finalLink": "https://www.sec.gov/Archives/edgar/data/5272/000095012306003276/y16349e10vk.htm", "calculatedOtherExpenses": 106590000000, "calculatedOperatingExpenses": 106590000000, "calculatedNetInterest": 1177000000, "calculatedOtherIncome": 11721000000, "calculatedIncomeNonControlling": 478000000, "calculatedEbitda": 4515000000}, {"date": "2004-12-31", "symbol": "AIG", "reportedCurrency": "USD", "cik": "0000005272", "fillingDate": "2005-05-31", "acceptedDate": "2005-05-31 06:19:14", "calendarYear": "2004", "period": "FY", "revenue": 97666000000, "costOfRevenue": 0, "grossProfit": 97666000000, "grossProfitRatio": 1, "researchAndDevelopmentExpenses": 0, "generalAndAdministrativeExpenses": 0, "sellingAndMarketingExpenses": 0, "sellingGeneralAndAdministrativeExpenses": 0, "otherExpenses": -66746000000, "operatingExpenses": -66746000000, "costAndExpenses": 83037000000, "interestIncome": 1096000000, "interestExpense": 0, "depreciationAndAmortization": 2035000000, "ebitda": 16530000000, "ebitdaratio": 0.1686958474, "operatingIncome": 14495000000, "operatingIncomeRatio": 0.1479277863, "totalOtherIncomeExpensesNet": 12984000000, "incomeBeforeTax": 14950000000, "incomeBeforeTaxRatio": 0.1525712595, "incomeTaxExpense": 4620000000, "netIncome": 9875000000, "netIncomeRatio": 0.1007786747, "eps": 75.4, "epsdiluted": 74.6, "weightedAverageShsOut": 130300000, "weightedAverageShsOutDil": 131850000, "link": "https://www.sec.gov/Archives/edgar/data/5272/000095012305006884/0000950123-05-006884-index.htm", "finalLink": "https://www.sec.gov/Archives/edgar/data/5272/000095012305006884/y03319e10vk.htm", "calculatedOtherExpenses": 83171000000, "calculatedOperatingExpenses": 83171000000, "calculatedNetInterest": 1096000000, "calculatedOtherIncome": -641000000, "calculatedIncomeNonControlling": 455000000, "calculatedEbitda": 16530000000}, {"date": "2003-12-31", "symbol": "AIG", "reportedCurrency": "USD", "cik": "0000005272", "fillingDate": "2004-03-15", "acceptedDate": "2004-03-15 11:31:23", "calendarYear": "2003", "period": "FY", "revenue": 79421000000, "costOfRevenue": 0, "grossProfit": 79421000000, "grossProfitRatio": 1, "researchAndDevelopmentExpenses": 0, "generalAndAdministrativeExpenses": 0, "sellingAndMarketingExpenses": 0, "sellingGeneralAndAdministrativeExpenses": 0, "otherExpenses": -67774000000, "operatingExpenses": -67774000000, "costAndExpenses": 67395000000, "interestIncome": 0, "interestExpense": 0, "depreciationAndAmortization": 1865000000, "ebitda": 15394000000, "ebitdaratio": 0.1893411067, "operatingIncome": 13529000000, "operatingIncomeRatio": 0.1664022238, "totalOtherIncomeExpensesNet": 11461000000, "incomeBeforeTax": 13908000000, "incomeBeforeTaxRatio": 0.1710637984, "incomeTaxExpense": 4264000000, "netIncome": 9265000000, "netIncomeRatio": 0.1139564346, "eps": 62, "epsdiluted": 61.4, "weightedAverageShsOut": 130500000, "weightedAverageShsOutDil": 131850000, "link": "https://www.sec.gov/Archives/edgar/data/5272/000095012304003302/0000950123-04-003302-index.htm", "finalLink": "https://www.sec.gov/Archives/edgar/data/5272/000095012304003302/y92059e10vk.htm", "calculatedOtherExpenses": 65892000000, "calculatedOperatingExpenses": 65892000000, "calculatedNetInterest": 0, "calculatedOtherIncome": 379000000, "calculatedIncomeNonControlling": 379000000, "calculatedEbitda": 15394000000}, {"date": "2002-12-31", "symbol": "AIG", "reportedCurrency": "USD", "cik": "0000005272", "fillingDate": "2003-03-31", "acceptedDate": "2003-03-31 08:50:19", "calendarYear": "2002", "period": "FY", "revenue": 66171000000, "costOfRevenue": 0, "grossProfit": 66171000000, "grossProfitRatio": 1, "researchAndDevelopmentExpenses": 0, "generalAndAdministrativeExpenses": 0, "sellingAndMarketingExpenses": 0, "sellingGeneralAndAdministrativeExpenses": 0, "otherExpenses": -59635000000, "operatingExpenses": -59635000000, "costAndExpenses": 59340000000, "interestIncome": 0, "interestExpense": 0, "depreciationAndAmortization": 1653000000, "ebitda": 9500000000, "ebitdaratio": 0.1407782816, "operatingIncome": 7847000000, "operatingIncomeRatio": 0.1162828606, "totalOtherIncomeExpensesNet": 10300000000, "incomeBeforeTax": 8142000000, "incomeBeforeTaxRatio": 0.1206543967, "incomeTaxExpense": 2328000000, "netIncome": 5519000000, "netIncomeRatio": 0.0817847722, "eps": 44, "epsdiluted": 43.4, "weightedAverageShsOut": 133318182, "weightedAverageShsOutDil": 135161290, "link": "https://www.sec.gov/Archives/edgar/data/5272/000095012303003570/0000950123-03-003570-index.htm", "finalLink": "https://www.sec.gov/Archives/edgar/data/5272/000095012303003570/y65998e10vk.txt", "calculatedOtherExpenses": 58324000000, "calculatedOperatingExpenses": 58324000000, "calculatedNetInterest": 0, "calculatedOtherIncome": 295000000, "calculatedIncomeNonControlling": 295000000, "calculatedEbitda": 9500000000}, {"date": "2001-12-31", "symbol": "AIG", "reportedCurrency": "USD", "cik": "0000005272", "fillingDate": "2002-04-01", "acceptedDate": "2002-04-01 00:00:00", "calendarYear": "2001", "period": "FY", "revenue": 61766000000, "costOfRevenue": 0, "grossProfit": 61766000000, "grossProfitRatio": 1, "researchAndDevelopmentExpenses": 0, "generalAndAdministrativeExpenses": 0, "sellingAndMarketingExpenses": 0, "sellingGeneralAndAdministrativeExpenses": 0, "otherExpenses": -47621000000, "operatingExpenses": -47621000000, "costAndExpenses": 47320000000, "interestIncome": 1141000000, "interestExpense": 0, "depreciationAndAmortization": 1437000000, "ebitda": 9275000000, "ebitdaratio": 0.1672406643, "operatingIncome": 7838000000, "operatingIncomeRatio": 0.1413296309, "totalOtherIncomeExpensesNet": 3059000000, "incomeBeforeTax": 8139000000, "incomeBeforeTaxRatio": 0.1467570638, "incomeTaxExpense": 2339000000, "netIncome": 5499000000, "netIncomeRatio": 0.0991543302, "eps": 41, "epsdiluted": 40.4, "weightedAverageShsOut": 131050000, "weightedAverageShsOutDil": 132500000, "link": "https://www.sec.gov/Archives/edgar/data/5272/000095012302003222/0000950123-02-003222-index.htm", "finalLink": "https://www.sec.gov/Archives/edgar/data/5272/000095012302003222/y53442e10-k.txt", "calculatedOtherExpenses": 53928000000, "calculatedOperatingExpenses": 53928000000, "calculatedNetInterest": 1141000000, "calculatedOtherIncome": -840000000, "calculatedIncomeNonControlling": 301000000, "calculatedEbitda": 9275000000}, {"date": "2000-12-31", "symbol": "AIG", "reportedCurrency": "USD", "cik": "0000005272", "fillingDate": "2001-04-02", "acceptedDate": "2001-04-02 00:00:00", "calendarYear": "2000", "period": "FY", "revenue": 56338000000, "costOfRevenue": 0, "grossProfit": 56338000000, "grossProfitRatio": 1, "researchAndDevelopmentExpenses": 0, "generalAndAdministrativeExpenses": 0, "sellingAndMarketingExpenses": 0, "sellingGeneralAndAdministrativeExpenses": 0, "otherExpenses": -34332000000, "operatingExpenses": -34332000000, "costAndExpenses": 34077000000, "interestIncome": 889000000, "interestExpense": 0, "depreciationAndAmortization": 1176000000, "ebitda": 9270000000, "ebitdaratio": 0.2184980908, "operatingIncome": 8094000000, "operatingIncomeRatio": 0.1907792391, "totalOtherIncomeExpensesNet": 1723000000, "incomeBeforeTax": 8349000000, "incomeBeforeTaxRatio": 0.1967897044, "incomeTaxExpense": 2458000000, "netIncome": 5636000000, "netIncomeRatio": 0.1328430679, "eps": 51, "epsdiluted": 50.4, "weightedAverageShsOut": 130350000, "weightedAverageShsOutDil": 131900000, "link": "https://www.sec.gov/Archives/edgar/data/5272/000095012301002952/0000950123-01-002952-index.htm", "finalLink": "https://www.sec.gov/Archives/edgar/data/5272/000095012301002952/y41459e10-k.txt", "calculatedOtherExpenses": 48244000000, "calculatedOperatingExpenses": 48244000000, "calculatedNetInterest": 889000000, "calculatedOtherIncome": -634000000, "calculatedIncomeNonControlling": 255000000, "calculatedEbitda": 9270000000}, {"date": "1999-12-31", "symbol": "AIG", "reportedCurrency": "USD", "cik": "0000005272", "fillingDate": "2000-03-30", "acceptedDate": "2000-03-30 00:00:00", "calendarYear": "1999", "period": "FY", "revenue": 45501000000, "costOfRevenue": 0, "grossProfit": 45501000000, "grossProfitRatio": 1, "researchAndDevelopmentExpenses": 0, "generalAndAdministrativeExpenses": 0, "sellingAndMarketingExpenses": 0, "sellingGeneralAndAdministrativeExpenses": 0, "otherExpenses": -30452000000, "operatingExpenses": -30452000000, "costAndExpenses": 30214000000, "interestIncome": 824000000, "interestExpense": 0, "depreciationAndAmortization": 1071000000, "ebitda": 8345000000, "ebitdaratio": 0.2212002333, "operatingIncome": 7274000000, "operatingIncomeRatio": 0.1928113238, "totalOtherIncomeExpensesNet": 1395000000, "incomeBeforeTax": 7512000000, "incomeBeforeTaxRatio": 0.1991199703, "incomeTaxExpense": 2219000000, "netIncome": 5055000000, "netIncomeRatio": 0.133992472, "eps": 47.4, "epsdiluted": 46.8, "weightedAverageShsOut": 130550000, "weightedAverageShsOutDil": 132500000, "link": "https://www.sec.gov/Archives/edgar/data/5272/000095012300002999/0000950123-00-002999-index.htm", "finalLink": "https://www.sec.gov/Archives/edgar/data/5272/000095012300002999/", "calculatedOtherExpenses": 38227000000, "calculatedOperatingExpenses": 38227000000, "calculatedNetInterest": 824000000, "calculatedOtherIncome": -586000000, "calculatedIncomeNonControlling": 238000000, "calculatedEbitda": 8345000000}, {"date": "1998-12-31", "symbol": "AIG", "reportedCurrency": "USD", "cik": "0000005272", "fillingDate": "1999-03-31", "acceptedDate": "1999-03-31 00:00:00", "calendarYear": "1998", "period": "FY", "revenue": 32968000000, "costOfRevenue": 0, "grossProfit": 32968000000, "grossProfitRatio": 1, "researchAndDevelopmentExpenses": 0, "generalAndAdministrativeExpenses": 0, "sellingAndMarketingExpenses": 0, "sellingGeneralAndAdministrativeExpenses": 0, "otherExpenses": -25487000000, "operatingExpenses": -25487000000, "costAndExpenses": 25318000000, "interestIncome": 527000000, "interestExpense": 0, "depreciationAndAmortization": 932000000, "ebitda": 6292000000, "ebitdaratio": 0.2039744546, "operatingIncome": 5360000000, "operatingIncomeRatio": 0.1737608195, "totalOtherIncomeExpensesNet": 913000000, "incomeBeforeTax": 5529000000, "incomeBeforeTaxRatio": 0.1792394722, "incomeTaxExpense": 1594000000, "netIncome": 3766000000, "netIncomeRatio": 0.1220864266, "eps": 37.4, "epsdiluted": 36.6, "weightedAverageShsOut": 113900000, "weightedAverageShsOutDil": 116550000, "link": "https://www.sec.gov/Archives/edgar/data/5272/000095012399002819/0000950123-99-002819-index.htm", "finalLink": "https://www.sec.gov/Archives/edgar/data/5272/000095012399002819/", "calculatedOtherExpenses": 27608000000, "calculatedOperatingExpenses": 27608000000, "calculatedNetInterest": 527000000, "calculatedOtherIncome": -358000000, "calculatedIncomeNonControlling": 169000000, "calculatedEbitda": 6292000000}, {"date": "1997-12-31", "symbol": "AIG", "reportedCurrency": "USD", "cik": "0000005272", "fillingDate": "1998-03-30", "acceptedDate": "1998-03-30 00:00:00", "calendarYear": "1997", "period": "FY", "revenue": 29640000000, "costOfRevenue": 0, "grossProfit": 29640000000, "grossProfitRatio": 1, "researchAndDevelopmentExpenses": 0, "generalAndAdministrativeExpenses": 0, "sellingAndMarketingExpenses": 0, "sellingGeneralAndAdministrativeExpenses": 0, "otherExpenses": -9703840000, "operatingExpenses": -9703840000, "costAndExpenses": 9703840000, "interestIncome": 0, "interestExpense": 0, "depreciationAndAmortization": 872900000, "ebitda": 5571798000, "ebitdaratio": 0.3868568601, "operatingIncome": 4698898000, "operatingIncomeRatio": 0.3262503282, "totalOtherIncomeExpensesNet": -12843294000, "incomeBeforeTax": 4698898000, "incomeBeforeTaxRatio": 0.3262503282, "incomeTaxExpense": 1366563000, "netIncome": 3332335000, "netIncomeRatio": 0.2313681607, "eps": 32.67, "epsdiluted": 32, "weightedAverageShsOut": 113100000, "weightedAverageShsOutDil": 115650000, "link": "https://www.sec.gov/Archives/edgar/data/5272/000095012398003099/0000950123-98-003099-index.htm", "finalLink": "https://www.sec.gov/Archives/edgar/data/5272/000095012398003099/", "calculatedOtherExpenses": 24941102000, "calculatedOperatingExpenses": 24941102000, "calculatedNetInterest": 0, "calculatedOtherIncome": 0, "calculatedIncomeNonControlling": 0, "calculatedEbitda": 5571798000}, {"date": "1996-12-31", "symbol": "AIG", "reportedCurrency": "USD", "cik": "0000005272", "fillingDate": "1997-03-28", "acceptedDate": "1997-03-28 00:00:00", "calendarYear": "1996", "period": "FY", "revenue": 25812000000, "costOfRevenue": 0, "grossProfit": 25812000000, "grossProfitRatio": 1, "researchAndDevelopmentExpenses": 0, "generalAndAdministrativeExpenses": 0, "sellingAndMarketingExpenses": 0, "sellingGeneralAndAdministrativeExpenses": 0, "otherExpenses": -9595949000, "operatingExpenses": -9595949000, "costAndExpenses": 9595949000, "interestIncome": 0, "interestExpense": 0, "depreciationAndAmortization": 805600000, "ebitda": 4818822000, "ebitdaratio": 0.3540863731, "operatingIncome": 4013222000, "operatingIncomeRatio": 0.2948909967, "totalOtherIncomeExpensesNet": -11688925000, "incomeBeforeTax": 4013222000, "incomeBeforeTaxRatio": 0.2948909967, "incomeTaxExpense": 1115965000, "netIncome": 2897257000, "netIncomeRatio": 0.212890043, "eps": 29.12, "epsdiluted": 29.01, "weightedAverageShsOut": 99375000, "weightedAverageShsOutDil": 99750000, "link": "https://www.sec.gov/Archives/edgar/data/5272/000095012397002720/0000950123-97-002720-index.htm", "finalLink": "https://www.sec.gov/Archives/edgar/data/5272/000095012397002720/", "calculatedOtherExpenses": 21798778000, "calculatedOperatingExpenses": 21798778000, "calculatedNetInterest": 0, "calculatedOtherIncome": 0, "calculatedIncomeNonControlling": 0, "calculatedEbitda": 4818822000}, {"date": "1995-12-31", "symbol": "AIG", "reportedCurrency": "USD", "cik": "0000005272", "fillingDate": "1996-03-29", "acceptedDate": "1996-03-29 00:00:00", "calendarYear": "1995", "period": "FY", "revenue": 13019523000, "costOfRevenue": 0, "grossProfit": 13019523000, "grossProfitRatio": 1, "researchAndDevelopmentExpenses": 0, "generalAndAdministrativeExpenses": 0, "sellingAndMarketingExpenses": 0, "sellingGeneralAndAdministrativeExpenses": 0, "otherExpenses": -9553640000, "operatingExpenses": -9553640000, "costAndExpenses": 9553640000, "interestIncome": 0, "interestExpense": 0, "depreciationAndAmortization": 734600000, "ebitda": 4200483000, "ebitdaratio": 0.3226295618, "operatingIncome": 3465883000, "operatingIncomeRatio": 0.2662066037, "totalOtherIncomeExpensesNet": -10335758000, "incomeBeforeTax": 3465883000, "incomeBeforeTaxRatio": 0.2662066037, "incomeTaxExpense": 955500000, "netIncome": 2510383000, "netIncomeRatio": 0.1928168183, "eps": 25.13, "epsdiluted": 25.13, "weightedAverageShsOut": 99989015, "weightedAverageShsOutDil": 99989015, "link": "https://www.sec.gov/Archives/edgar/data/5272/000095012396001469/0000950123-96-001469-index.htm", "finalLink": "https://www.sec.gov/Archives/edgar/data/5272/000095012396001469/", "calculatedOtherExpenses": 9553640000, "calculatedOperatingExpenses": 9553640000, "calculatedNetInterest": 0, "calculatedOtherIncome": 0, "calculatedIncomeNonControlling": 0, "calculatedEbitda": 4200483000}, {"date": "1994-12-31", "symbol": "AIG", "reportedCurrency": "USD", "cik": "0000005272", "fillingDate": "1995-03-31", "acceptedDate": "1995-03-31 00:00:00", "calendarYear": "1994", "period": "FY", "revenue": 11774410000, "costOfRevenue": 0, "grossProfit": 11774410000, "grossProfitRatio": 1, "researchAndDevelopmentExpenses": 0, "generalAndAdministrativeExpenses": 0, "sellingAndMarketingExpenses": 0, "sellingGeneralAndAdministrativeExpenses": 0, "otherExpenses": -8822431000, "operatingExpenses": -8822431000, "costAndExpenses": 8822431000, "interestIncome": 0, "interestExpense": 0, "depreciationAndAmortization": 581900000, "ebitda": 3533879000, "ebitdaratio": 0.300132151, "operatingIncome": 2951979000, "operatingIncomeRatio": 0.2507114157, "totalOtherIncomeExpensesNet": -8559455000, "incomeBeforeTax": 2951979000, "incomeBeforeTaxRatio": 0.2507114157, "incomeTaxExpense": 776464000, "netIncome": 2175515000, "netIncomeRatio": 0.1847663705, "eps": 21.71, "epsdiluted": 21.71, "weightedAverageShsOut": 100169789, "weightedAverageShsOutDil": 101126582, "link": "https://www.sec.gov/Archives/edgar/data/5272/000095012395000843/0000950123-95-000843-index.htm", "finalLink": "https://www.sec.gov/Archives/edgar/data/5272/000095012395000843/", "calculatedOtherExpenses": 8822431000, "calculatedOperatingExpenses": 8822431000, "calculatedNetInterest": 0, "calculatedOtherIncome": 0, "calculatedIncomeNonControlling": 0, "calculatedEbitda": 3533879000}, {"date": "1993-12-31", "symbol": "AIG", "reportedCurrency": "USD", "cik": "0000005272", "fillingDate": "1994-03-30", "acceptedDate": "1994-03-30 00:00:00", "calendarYear": "1993", "period": "FY", "revenue": 18676100000, "costOfRevenue": 0, "grossProfit": 18676100000, "grossProfitRatio": 1, "researchAndDevelopmentExpenses": 0, "generalAndAdministrativeExpenses": 0, "sellingAndMarketingExpenses": 0, "sellingGeneralAndAdministrativeExpenses": 0, "otherExpenses": -16054300000, "operatingExpenses": -16054300000, "costAndExpenses": 8498900000, "interestIncome": 0, "interestExpense": 0, "depreciationAndAmortization": 472200000, "ebitda": 3094000000, "ebitdaratio": 0.1656662794, "operatingIncome": 2621800000, "operatingIncomeRatio": 0.1403826281, "totalOtherIncomeExpensesNet": 3363400000, "incomeBeforeTax": 5985200000, "incomeBeforeTaxRatio": 0.3204737606, "incomeTaxExpense": 683000000, "netIncome": 1938800000, "netIncomeRatio": 0.1038118237, "eps": 19.6, "epsdiluted": 19.4, "weightedAverageShsOut": 98867347, "weightedAverageShsOutDil": 99886598, "link": "https://www.sec.gov/Archives/edgar/data/5272/000095012394000660/0000950123-94-000660-index.htm", "finalLink": "https://www.sec.gov/Archives/edgar/data/5272/000095012394000660/", "calculatedOtherExpenses": 16054300000, "calculatedOperatingExpenses": 16054300000, "calculatedNetInterest": 0, "calculatedOtherIncome": 3363400000, "calculatedIncomeNonControlling": 3363400000, "calculatedEbitda": 3094000000}, {"date": "1992-12-31", "symbol": "AIG", "reportedCurrency": "USD", "cik": "0000005272", "fillingDate": "1992-12-31", "acceptedDate": "1992-12-30 19:00:00", "calendarYear": "1992", "period": "FY", "revenue": 17084200000, "costOfRevenue": 0, "grossProfit": 17084200000, "grossProfitRatio": 1, "researchAndDevelopmentExpenses": 0, "generalAndAdministrativeExpenses": 0, "sellingAndMarketingExpenses": 0, "sellingGeneralAndAdministrativeExpenses": 0, "otherExpenses": -14915300000, "operatingExpenses": -14915300000, "costAndExpenses": 7443700000, "interestIncome": 0, "interestExpense": 0, "depreciationAndAmortization": 391900000, "ebitda": 2560800000, "ebitdaratio": 0.1498928835, "operatingIncome": 2168900000, "operatingIncomeRatio": 0.1269535594, "totalOtherIncomeExpensesNet": 3021700000, "incomeBeforeTax": 5190600000, "incomeBeforeTaxRatio": 0.3038245865, "incomeTaxExpense": 512000000, "netIncome": 1656900000, "netIncomeRatio": 0.0969843481, "eps": 16.6, "epsdiluted": 16.6, "weightedAverageShsOut": 99542169, "weightedAverageShsOutDil": 99542169, "link": "", "finalLink": "", "calculatedOtherExpenses": 14915300000, "calculatedOperatingExpenses": 14915300000, "calculatedNetInterest": 0, "calculatedOtherIncome": 3021700000, "calculatedIncomeNonControlling": 3021700000, "calculatedEbitda": 2560800000}, {"date": "1991-12-31", "symbol": "AIG", "reportedCurrency": "USD", "cik": "0000005272", "fillingDate": "1991-12-31", "acceptedDate": "1991-12-30 19:00:00", "calendarYear": "1991", "period": "FY", "revenue": 15792500000, "costOfRevenue": 0, "grossProfit": 15792500000, "grossProfitRatio": 1, "researchAndDevelopmentExpenses": 0, "generalAndAdministrativeExpenses": 0, "sellingAndMarketingExpenses": 0, "sellingGeneralAndAdministrativeExpenses": 0, "otherExpenses": -13769900000, "operatingExpenses": -13769900000, "costAndExpenses": 6583400000, "interestIncome": 0, "interestExpense": 0, "depreciationAndAmortization": 325100000, "ebitda": 2347700000, "ebitdaratio": 0.1486591737, "operatingIncome": 2022600000, "operatingIncomeRatio": 0.1280734526, "totalOtherIncomeExpensesNet": 2628500000, "incomeBeforeTax": 4651100000, "incomeBeforeTaxRatio": 0.2945132183, "incomeTaxExpense": 469600000, "netIncome": 1553000000, "netIncomeRatio": 0.0983378186, "eps": 15.4, "epsdiluted": 15.2, "weightedAverageShsOut": 100370130, "weightedAverageShsOutDil": 101690789, "link": "", "finalLink": "", "calculatedOtherExpenses": 13769900000, "calculatedOperatingExpenses": 13769900000, "calculatedNetInterest": 0, "calculatedOtherIncome": 2628500000, "calculatedIncomeNonControlling": 2628500000, "calculatedEbitda": 2347700000}, {"date": "1990-12-31", "symbol": "AIG", "reportedCurrency": "USD", "cik": "0000005272", "fillingDate": "1990-12-31", "acceptedDate": "1990-12-30 19:00:00", "calendarYear": "1990", "period": "FY", "revenue": 14871500000, "costOfRevenue": 0, "grossProfit": 14871500000, "grossProfitRatio": 1, "researchAndDevelopmentExpenses": 0, "generalAndAdministrativeExpenses": 0, "sellingAndMarketingExpenses": 0, "sellingGeneralAndAdministrativeExpenses": 0, "otherExpenses": -13060000000, "operatingExpenses": -13060000000, "costAndExpenses": 5908200000, "interestIncome": 0, "interestExpense": 0, "depreciationAndAmortization": 0, "ebitda": 1811500000, "ebitdaratio": 0.1218101738, "operatingIncome": 1811500000, "operatingIncomeRatio": 0.1218101738, "totalOtherIncomeExpensesNet": 2244500000, "incomeBeforeTax": 4056000000, "incomeBeforeTaxRatio": 0.2727364422, "incomeTaxExpense": 369200000, "netIncome": 1442300000, "netIncomeRatio": 0.0969841643, "eps": 14.6, "epsdiluted": 14.6, "weightedAverageShsOut": 98123288, "weightedAverageShsOutDil": 98123288, "link": "", "finalLink": "", "calculatedOtherExpenses": 13060000000, "calculatedOperatingExpenses": 13060000000, "calculatedNetInterest": 0, "calculatedOtherIncome": 2244500000, "calculatedIncomeNonControlling": 2244500000, "calculatedEbitda": 1811500000}, {"date": "1989-12-31", "symbol": "AIG", "reportedCurrency": "USD", "cik": "0000005272", "fillingDate": "1989-12-31", "acceptedDate": "1989-12-30 19:00:00", "calendarYear": "1989", "period": "FY", "revenue": 13566400000, "costOfRevenue": 0, "grossProfit": 13566400000, "grossProfitRatio": 1, "researchAndDevelopmentExpenses": 0, "generalAndAdministrativeExpenses": 0, "sellingAndMarketingExpenses": 0, "sellingGeneralAndAdministrativeExpenses": 0, "otherExpenses": -11860700000, "operatingExpenses": -11860700000, "costAndExpenses": 5080200000, "interestIncome": 0, "interestExpense": 0, "depreciationAndAmortization": 0, "ebitda": 1705700000, "ebitdaratio": 0.1257297441, "operatingIncome": 1705700000, "operatingIncomeRatio": 0.1257297441, "totalOtherIncomeExpensesNet": 2042400000, "incomeBeforeTax": 3748100000, "incomeBeforeTaxRatio": 0.2762781578, "incomeTaxExpense": 338200000, "netIncome": 1367500000, "netIncomeRatio": 0.1008005071, "eps": 14, "epsdiluted": 14, "weightedAverageShsOut": 96900000, "weightedAverageShsOutDil": 96900000, "link": "", "finalLink": "", "calculatedOtherExpenses": 11860700000, "calculatedOperatingExpenses": 11860700000, "calculatedNetInterest": 0, "calculatedOtherIncome": 2042400000, "calculatedIncomeNonControlling": 2042400000, "calculatedEbitda": 1705700000}, {"date": "1988-12-31", "symbol": "AIG", "reportedCurrency": "USD", "cik": "0000005272", "fillingDate": "1988-12-31", "acceptedDate": "1988-12-30 19:00:00", "calendarYear": "1988", "period": "FY", "revenue": 13211200000, "costOfRevenue": 0, "grossProfit": 13211200000, "grossProfitRatio": 1, "researchAndDevelopmentExpenses": 0, "generalAndAdministrativeExpenses": 0, "sellingAndMarketingExpenses": 0, "sellingGeneralAndAdministrativeExpenses": 0, "otherExpenses": -11545400000, "operatingExpenses": -11545400000, "costAndExpenses": 225500000, "interestIncome": 0, "interestExpense": 225500000, "depreciationAndAmortization": 0, "ebitda": 1665800000, "ebitdaratio": 0.1260899843, "operatingIncome": 1665800000, "operatingIncomeRatio": 0.1260899843, "totalOtherIncomeExpensesNet": 0, "incomeBeforeTax": 0, "incomeBeforeTaxRatio": 0, "incomeTaxExpense": 223300000, "netIncome": 1217000000, "netIncomeRatio": 0.0921188083, "eps": 12.4, "epsdiluted": 12.4, "weightedAverageShsOut": 97427419, "weightedAverageShsOutDil": 97427419, "link": "", "finalLink": "", "calculatedOtherExpenses": 11545400000, "calculatedOperatingExpenses": 11545400000, "calculatedNetInterest": -225500000, "calculatedOtherIncome": -1440300000, "calculatedIncomeNonControlling": -1440300000, "calculatedEbitda": 1665800000}, {"date": "1987-12-31", "symbol": "AIG", "reportedCurrency": "USD", "cik": "0000005272", "fillingDate": "1987-12-31", "acceptedDate": "1987-12-30 19:00:00", "calendarYear": "1987", "period": "FY", "revenue": 11145100000, "costOfRevenue": 0, "grossProfit": 11145100000, "grossProfitRatio": 1, "researchAndDevelopmentExpenses": 0, "generalAndAdministrativeExpenses": 0, "sellingAndMarketingExpenses": 0, "sellingGeneralAndAdministrativeExpenses": 0, "otherExpenses": -9959400000, "operatingExpenses": -9959400000, "costAndExpenses": 88100000, "interestIncome": 0, "interestExpense": 88100000, "depreciationAndAmortization": 0, "ebitda": 1185700000, "ebitdaratio": 0.1063875605, "operatingIncome": 1185700000, "operatingIncomeRatio": 0.1063875605, "totalOtherIncomeExpensesNet": 0, "incomeBeforeTax": 0, "incomeBeforeTaxRatio": 0, "incomeTaxExpense": 153100000, "netIncome": 944500000, "netIncomeRatio": 0.0847457627, "eps": 9.8, "epsdiluted": 9.8, "weightedAverageShsOut": 95653061, "weightedAverageShsOutDil": 95653061, "link": "", "finalLink": "", "calculatedOtherExpenses": 9959400000, "calculatedOperatingExpenses": 9959400000, "calculatedNetInterest": -88100000, "calculatedOtherIncome": -1097600000, "calculatedIncomeNonControlling": -1097600000, "calculatedEbitda": 1185700000}, {"date": "1986-12-31", "symbol": "AIG", "reportedCurrency": "USD", "cik": "0000005272", "fillingDate": "1986-12-31", "acceptedDate": "1986-12-30 19:00:00", "calendarYear": "1986", "period": "FY", "revenue": 8720300000, "costOfRevenue": 0, "grossProfit": 8720300000, "grossProfitRatio": 1, "researchAndDevelopmentExpenses": 0, "generalAndAdministrativeExpenses": 0, "sellingAndMarketingExpenses": 0, "sellingGeneralAndAdministrativeExpenses": 0, "otherExpenses": -7884300000, "operatingExpenses": -7884300000, "costAndExpenses": 71000000, "interestIncome": 0, "interestExpense": 71000000, "depreciationAndAmortization": 0, "ebitda": 836000000, "ebitdaratio": 0.0958682614, "operatingIncome": 836000000, "operatingIncomeRatio": 0.0958682614, "totalOtherIncomeExpensesNet": 0, "incomeBeforeTax": 0, "incomeBeforeTaxRatio": 0, "incomeTaxExpense": 108400000, "netIncome": 656600000, "netIncomeRatio": 0.0752955747, "eps": 6.6, "epsdiluted": 6.6, "weightedAverageShsOut": 97787879, "weightedAverageShsOutDil": 97787879, "link": "", "finalLink": "", "calculatedOtherExpenses": 7884300000, "calculatedOperatingExpenses": 7884300000, "calculatedNetInterest": -71000000, "calculatedOtherIncome": -765000000, "calculatedIncomeNonControlling": -765000000, "calculatedEbitda": 836000000}, {"date": "1985-12-31", "symbol": "AIG", "reportedCurrency": "USD", "cik": "0000005272", "fillingDate": "1985-12-31", "acceptedDate": "1985-12-30 19:00:00", "calendarYear": "1985", "period": "FY", "revenue": 5639300000, "costOfRevenue": 0, "grossProfit": 5639300000, "grossProfitRatio": 1, "researchAndDevelopmentExpenses": 0, "generalAndAdministrativeExpenses": 0, "sellingAndMarketingExpenses": 0, "sellingGeneralAndAdministrativeExpenses": 0, "otherExpenses": -5233700000, "operatingExpenses": -5233700000, "costAndExpenses": 43200000, "interestIncome": 0, "interestExpense": 43200000, "depreciationAndAmortization": 0, "ebitda": 405600000, "ebitdaratio": 0.0719238203, "operatingIncome": 405600000, "operatingIncomeRatio": 0.0719238203, "totalOtherIncomeExpensesNet": 0, "incomeBeforeTax": 0, "incomeBeforeTaxRatio": 0, "incomeTaxExpense": -11300000, "netIncome": 373700000, "netIncomeRatio": 0.0662670899, "eps": 4.2, "epsdiluted": 4.2, "weightedAverageShsOut": 87571429, "weightedAverageShsOutDil": 87571429, "link": "", "finalLink": "", "calculatedOtherExpenses": 5233700000, "calculatedOperatingExpenses": 5233700000, "calculatedNetInterest": -43200000, "calculatedOtherIncome": -362400000, "calculatedIncomeNonControlling": -362400000, "calculatedEbitda": 405600000}]}