{"originalCurrency": "USD", "convertedCurrency": "USD", "report": [{"date": "2023-12-31", "symbol": "AIN", "reportedCurrency": "USD", "cik": "0000819793", "fillingDate": "2024-02-26", "acceptedDate": "2024-02-26 16:36:55", "calendarYear": "2023", "period": "FY", "revenue": 1147909000, "costOfRevenue": 730543000, "grossProfit": 417366000, "grossProfitRatio": 0.3635880545, "researchAndDevelopmentExpenses": 40627000, "generalAndAdministrativeExpenses": 0, "sellingAndMarketingExpenses": 0, "sellingGeneralAndAdministrativeExpenses": 204382000, "otherExpenses": 3427000, "operatingExpenses": 245009000, "costAndExpenses": 975552000, "interestIncome": 6566000, "interestExpense": 35409000, "depreciationAndAmortization": 76733000, "ebitda": 249090000, "ebitdaratio": 0.2169945527, "operatingIncome": 172357000, "operatingIncomeRatio": 0.1501486616, "totalOtherIncomeExpensesNet": -11901000, "incomeBeforeTax": 160456000, "incomeBeforeTaxRatio": 0.1397811151, "incomeTaxExpense": 48846000, "netIncome": 111120000, "netIncomeRatio": 0.0968020984, "eps": 3.56, "epsdiluted": 3.55, "weightedAverageShsOut": 31171000, "weightedAverageShsOutDil": 31276000, "link": "https://www.sec.gov/Archives/edgar/data/819793/000081979324000012/0000819793-24-000012-index.htm", "finalLink": "https://www.sec.gov/Archives/edgar/data/819793/000081979324000012/ain-20231231.htm", "calculatedOtherExpenses": 0, "calculatedOperatingExpenses": 245009000, "calculatedNetInterest": -28843000, "calculatedOtherIncome": 16942000, "calculatedIncomeNonControlling": 490000, "calculatedEbitda": 249090000}, {"date": "2022-12-31", "symbol": "AIN", "reportedCurrency": "USD", "cik": "0000819793", "fillingDate": "2023-02-24", "acceptedDate": "2023-02-24 12:16:36", "calendarYear": "2022", "period": "FY", "revenue": 1034887000, "costOfRevenue": 645105000, "grossProfit": 389782000, "grossProfitRatio": 0.3766420875, "researchAndDevelopmentExpenses": 39941000, "generalAndAdministrativeExpenses": 168713000, "sellingAndMarketingExpenses": 0, "sellingGeneralAndAdministrativeExpenses": 168713000, "otherExpenses": -35042000, "operatingExpenses": 208654000, "costAndExpenses": 853759000, "interestIncome": 3835000, "interestExpense": 14000000, "depreciationAndAmortization": 34113000, "ebitda": 215135000, "ebitdaratio": 0.2078825997, "operatingIncome": 181022000, "operatingIncomeRatio": 0.1749195806, "totalOtherIncomeExpensesNet": -49042000, "incomeBeforeTax": 131980000, "incomeBeforeTaxRatio": 0.1275308319, "incomeTaxExpense": 35472000, "netIncome": 95762000, "netIncomeRatio": 0.0925337742, "eps": 3.06, "epsdiluted": 3.04, "weightedAverageShsOut": 31339000, "weightedAverageShsOutDil": 31455000, "link": "https://www.sec.gov/Archives/edgar/data/819793/000081979323000010/0000819793-23-000010-index.htm", "finalLink": "https://www.sec.gov/Archives/edgar/data/819793/000081979323000010/ain-20221231.htm", "calculatedOtherExpenses": 106000, "calculatedOperatingExpenses": 208760000, "calculatedNetInterest": -10165000, "calculatedOtherIncome": -38877000, "calculatedIncomeNonControlling": 746000, "calculatedEbitda": 215135000}, {"date": "2021-12-31", "symbol": "AIN", "reportedCurrency": "USD", "cik": "0000819793", "fillingDate": "2022-02-25", "acceptedDate": "2022-02-25 11:20:23", "calendarYear": "2021", "period": "FY", "revenue": 929240000, "costOfRevenue": 550849000, "grossProfit": 378391000, "grossProfitRatio": 0.4072048125, "researchAndDevelopmentExpenses": 38922000, "generalAndAdministrativeExpenses": 160127000, "sellingAndMarketingExpenses": 0, "sellingGeneralAndAdministrativeExpenses": 160127000, "otherExpenses": -5832000, "operatingExpenses": 193217000, "costAndExpenses": 744066000, "interestIncome": 2500000, "interestExpense": 14891000, "depreciationAndAmortization": 78397000, "ebitda": 256408000, "ebitdaratio": 0.2759330205, "operatingIncome": 178011000, "operatingIncomeRatio": 0.1915662262, "totalOtherIncomeExpensesNet": -12080000, "incomeBeforeTax": 165931000, "incomeBeforeTaxRatio": 0.1785663553, "incomeTaxExpense": 47163000, "netIncome": 118478000, "netIncomeRatio": 0.1274998924, "eps": 3.66, "epsdiluted": 3.65, "weightedAverageShsOut": 32348000, "weightedAverageShsOutDil": 32463000, "link": "https://www.sec.gov/Archives/edgar/data/819793/000081979322000009/0000819793-22-000009-index.htm", "finalLink": "https://www.sec.gov/Archives/edgar/data/819793/000081979322000009/ain-20211231.htm", "calculatedOtherExpenses": 1331000, "calculatedOperatingExpenses": 200380000, "calculatedNetInterest": -12391000, "calculatedOtherIncome": 311000, "calculatedIncomeNonControlling": 290000, "calculatedEbitda": 256408000}, {"date": "2020-12-31", "symbol": "AIN", "reportedCurrency": "USD", "cik": "0000819793", "fillingDate": "2021-02-25", "acceptedDate": "2021-02-25 14:44:12", "calendarYear": "2020", "period": "FY", "revenue": 900610000, "costOfRevenue": 529538000, "grossProfit": 371072000, "grossProfitRatio": 0.4120229622, "researchAndDevelopmentExpenses": 35347000, "generalAndAdministrativeExpenses": 163909000, "sellingAndMarketingExpenses": 0, "sellingGeneralAndAdministrativeExpenses": 163909000, "otherExpenses": -13422000, "operatingExpenses": 199256000, "costAndExpenses": 728794000, "interestIncome": 2748000, "interestExpense": 13584000, "depreciationAndAmortization": 65019000, "ebitda": 231099000, "ebitdaratio": 0.256602747, "operatingIncome": 166080000, "operatingIncomeRatio": 0.1844083455, "totalOtherIncomeExpensesNet": -27006000, "incomeBeforeTax": 139074000, "incomeBeforeTaxRatio": 0.1544220029, "incomeTaxExpense": 41831000, "netIncome": 98589000, "netIncomeRatio": 0.1094691376, "eps": 3.05, "epsdiluted": 3.05, "weightedAverageShsOut": 32329000, "weightedAverageShsOutDil": 32356000, "link": "https://www.sec.gov/Archives/edgar/data/819793/000081979321000017/0000819793-21-000017-index.htm", "finalLink": "https://www.sec.gov/Archives/edgar/data/819793/000081979321000017/ain-20201231.htm", "calculatedOtherExpenses": 5736000, "calculatedOperatingExpenses": 204992000, "calculatedNetInterest": -10836000, "calculatedOtherIncome": -16170000, "calculatedIncomeNonControlling": -1346000, "calculatedEbitda": 231099000}, {"date": "2019-12-31", "symbol": "AIN", "reportedCurrency": "USD", "cik": "0000819793", "fillingDate": "2020-02-28", "acceptedDate": "2020-02-28 11:39:29", "calendarYear": "2019", "period": "FY", "revenue": 1054132000, "costOfRevenue": 656431000, "grossProfit": 397701000, "grossProfitRatio": 0.3772781777, "researchAndDevelopmentExpenses": 37569000, "generalAndAdministrativeExpenses": 163651000, "sellingAndMarketingExpenses": 0, "sellingGeneralAndAdministrativeExpenses": 163651000, "otherExpenses": 1557000, "operatingExpenses": 201220000, "costAndExpenses": 857651000, "interestIncome": 2729000, "interestExpense": 16921000, "depreciationAndAmortization": 75257000, "ebitda": 268833000, "ebitdaratio": 0.2550278333, "operatingIncome": 193576000, "operatingIncomeRatio": 0.183635446, "totalOtherIncomeExpensesNet": -15364000, "incomeBeforeTax": 178212000, "incomeBeforeTaxRatio": 0.1690604213, "incomeTaxExpense": 44829000, "netIncome": 132398000, "netIncomeRatio": 0.1255990711, "eps": 4.1, "epsdiluted": 4.1, "weightedAverageShsOut": 32296000, "weightedAverageShsOutDil": 32322000, "link": "https://www.sec.gov/Archives/edgar/data/819793/000089109220002167/0000891092-20-002167-index.htm", "finalLink": "https://www.sec.gov/Archives/edgar/data/819793/000089109220002167/ain10k2019.htm", "calculatedOtherExpenses": 2905000, "calculatedOperatingExpenses": 204125000, "calculatedNetInterest": -14192000, "calculatedOtherIncome": -1172000, "calculatedIncomeNonControlling": 985000, "calculatedEbitda": 268833000}, {"date": "2018-12-31", "symbol": "AIN", "reportedCurrency": "USD", "cik": "0000819793", "fillingDate": "2019-03-14", "acceptedDate": "2019-03-14 15:27:54", "calendarYear": "2018", "period": "FY", "revenue": 982479000, "costOfRevenue": 632730000, "grossProfit": 349749000, "grossProfitRatio": 0.3559862348, "researchAndDevelopmentExpenses": 40582000, "generalAndAdministrativeExpenses": 156189000, "sellingAndMarketingExpenses": 1494000, "sellingGeneralAndAdministrativeExpenses": 156189000, "otherExpenses": -4037000, "operatingExpenses": 196771000, "costAndExpenses": 829501000, "interestIncome": 2118000, "interestExpense": 18124000, "depreciationAndAmortization": 79036000, "ebitda": 227977000, "ebitdaratio": 0.2320426187, "operatingIncome": 137408000, "operatingIncomeRatio": 0.1398584601, "totalOtherIncomeExpensesNet": -19607000, "incomeBeforeTax": 115247000, "incomeBeforeTaxRatio": 0.1173022528, "incomeTaxExpense": 32228000, "netIncome": 82891000, "netIncomeRatio": 0.0843692333, "eps": 2.57, "epsdiluted": 2.57, "weightedAverageShsOut": 32252000, "weightedAverageShsOutDil": 32295000, "link": "https://www.sec.gov/Archives/edgar/data/819793/000089109219002857/0000891092-19-002857-index.htm", "finalLink": "https://www.sec.gov/Archives/edgar/data/819793/000089109219002857/e4069-10k.htm", "calculatedOtherExpenses": 15570000, "calculatedOperatingExpenses": 212341000, "calculatedNetInterest": -16006000, "calculatedOtherIncome": -6155000, "calculatedIncomeNonControlling": 128000, "calculatedEbitda": 216444000}, {"date": "2017-12-31", "symbol": "AIN", "reportedCurrency": "USD", "cik": "0000819793", "fillingDate": "2018-02-28", "acceptedDate": "2018-02-28 14:49:20", "calendarYear": "2017", "period": "FY", "revenue": 863717000, "costOfRevenue": 567937000, "grossProfit": 295780000, "grossProfitRatio": 0.3424501312, "researchAndDevelopmentExpenses": 41174000, "generalAndAdministrativeExpenses": 164964000, "sellingAndMarketingExpenses": 0, "sellingGeneralAndAdministrativeExpenses": 164964000, "otherExpenses": -4352000, "operatingExpenses": 206138000, "costAndExpenses": 774075000, "interestIncome": 1511000, "interestExpense": 17091000, "depreciationAndAmortization": 71956000, "ebitda": 157246000, "ebitdaratio": 0.1820573174, "operatingIncome": 76151000, "operatingIncomeRatio": 0.0881666101, "totalOtherIncomeExpensesNet": -17843000, "incomeBeforeTax": 54708000, "incomeBeforeTaxRatio": 0.0633401913, "incomeTaxExpense": 24277000, "netIncome": 30957000, "netIncomeRatio": 0.0358416009, "eps": 1.03, "epsdiluted": 1.03, "weightedAverageShsOut": 32169000, "weightedAverageShsOutDil": 32244000, "link": "https://www.sec.gov/Archives/edgar/data/819793/000089109218001722/0000891092-18-001722-index.htm", "finalLink": "https://www.sec.gov/Archives/edgar/data/819793/000089109218001722/e77711_10k.htm", "calculatedOtherExpenses": 13491000, "calculatedOperatingExpenses": 219629000, "calculatedNetInterest": -15580000, "calculatedOtherIncome": -5863000, "calculatedIncomeNonControlling": -526000, "calculatedEbitda": 148107000}, {"date": "2016-12-31", "symbol": "AIN", "reportedCurrency": "USD", "cik": "0000819793", "fillingDate": "2017-03-01", "acceptedDate": "2017-03-01 15:45:16", "calendarYear": "2016", "period": "FY", "revenue": 779839000, "costOfRevenue": 479271000, "grossProfit": 300568000, "grossProfitRatio": 0.385423145, "researchAndDevelopmentExpenses": 40304000, "generalAndAdministrativeExpenses": 160112000, "sellingAndMarketingExpenses": 0, "sellingGeneralAndAdministrativeExpenses": 160112000, "otherExpenses": -46000, "operatingExpenses": 200416000, "costAndExpenses": 679687000, "interestIncome": 2077000, "interestExpense": 13464000, "depreciationAndAmortization": 67461000, "ebitda": 167567000, "ebitdaratio": 0.2148738393, "operatingIncome": 91776000, "operatingIncomeRatio": 0.11768583, "totalOtherIncomeExpensesNet": -8422000, "incomeBeforeTax": 78266000, "incomeBeforeTaxRatio": 0.1003617413, "incomeTaxExpense": 25454000, "netIncome": 52733000, "netIncomeRatio": 0.0676203678, "eps": 1.64, "epsdiluted": 1.64, "weightedAverageShsOut": 32086000, "weightedAverageShsOutDil": 32125000, "link": "https://www.sec.gov/Archives/edgar/data/819793/000089109217001810/0000891092-17-001810-index.htm", "finalLink": "https://www.sec.gov/Archives/edgar/data/819793/000089109217001810/e73173_10k.htm", "calculatedOtherExpenses": 8376000, "calculatedOperatingExpenses": 208792000, "calculatedNetInterest": -11387000, "calculatedOtherIncome": -2123000, "calculatedIncomeNonControlling": 79000, "calculatedEbitda": 159237000}, {"date": "2015-12-31", "symbol": "AIN", "reportedCurrency": "USD", "cik": "0000819793", "fillingDate": "2016-02-26", "acceptedDate": "2016-02-26 16:20:21", "calendarYear": "2015", "period": "FY", "revenue": 709868000, "costOfRevenue": 431182000, "grossProfit": 278686000, "grossProfitRatio": 0.3925884812, "researchAndDevelopmentExpenses": 44753000, "generalAndAdministrativeExpenses": 146192000, "sellingAndMarketingExpenses": 0, "sellingGeneralAndAdministrativeExpenses": 146192000, "otherExpenses": -2433000, "operatingExpenses": 190945000, "costAndExpenses": 622127000, "interestIncome": 1857000, "interestExpense": 9984000, "depreciationAndAmortization": 60114000, "ebitda": 145422000, "ebitdaratio": 0.2048578045, "operatingIncome": 63895000, "operatingIncomeRatio": 0.0900096919, "totalOtherIncomeExpensesNet": -26279000, "incomeBeforeTax": 51478000, "incomeBeforeTaxRatio": 0.0725177075, "incomeTaxExpense": -5787000, "netIncome": 57279000, "netIncomeRatio": 0.0806896493, "eps": 1.79, "epsdiluted": 1.79, "weightedAverageShsOut": 31978000, "weightedAverageShsOutDil": 32088000, "link": "https://www.sec.gov/Archives/edgar/data/819793/000089109216012779/0000891092-16-012779-index.htm", "finalLink": "https://www.sec.gov/Archives/edgar/data/819793/000089109216012779/e68310_10k.htm", "calculatedOtherExpenses": 23846000, "calculatedOperatingExpenses": 214791000, "calculatedNetInterest": -8127000, "calculatedOtherIncome": -4290000, "calculatedIncomeNonControlling": -14000, "calculatedEbitda": 124009000}, {"date": "2014-12-31", "symbol": "AIN", "reportedCurrency": "USD", "cik": "0000819793", "fillingDate": "2015-02-27", "acceptedDate": "2015-02-27 11:50:53", "calendarYear": "2014", "period": "FY", "revenue": 745345000, "costOfRevenue": 453710000, "grossProfit": 291635000, "grossProfitRatio": 0.3912751813, "researchAndDevelopmentExpenses": 59128000, "generalAndAdministrativeExpenses": 147198000, "sellingAndMarketingExpenses": 0, "sellingGeneralAndAdministrativeExpenses": 147198000, "otherExpenses": -1337000, "operatingExpenses": 206326000, "costAndExpenses": 660036000, "interestIncome": 1541000, "interestExpense": 10713000, "depreciationAndAmortization": 64292000, "ebitda": 148264000, "ebitdaratio": 0.1989199632, "operatingIncome": 71360000, "operatingIncomeRatio": 0.0957408985, "totalOtherIncomeExpensesNet": -7096000, "incomeBeforeTax": 67500000, "incomeBeforeTaxRatio": 0.0905620887, "incomeTaxExpense": 25751000, "netIncome": 41569000, "netIncomeRatio": 0.0557714884, "eps": 1.31, "epsdiluted": 1.3, "weightedAverageShsOut": 31832000, "weightedAverageShsOutDil": 31988000, "link": "https://www.sec.gov/Archives/edgar/data/819793/000089109215001671/0000891092-15-001671-index.htm", "finalLink": "https://www.sec.gov/Archives/edgar/data/819793/000089109215001671/e62839-10k.htm", "calculatedOtherExpenses": 13949000, "calculatedOperatingExpenses": 220275000, "calculatedNetInterest": -9172000, "calculatedOtherIncome": 5312000, "calculatedIncomeNonControlling": 180000, "calculatedEbitda": 135652000}, {"date": "2013-12-31", "symbol": "AIN", "reportedCurrency": "USD", "cik": "0000819793", "fillingDate": "2014-02-26", "acceptedDate": "2014-02-26 11:22:01", "calendarYear": "2013", "period": "FY", "revenue": 757414000, "costOfRevenue": 466860000, "grossProfit": 290554000, "grossProfitRatio": 0.3836131891, "researchAndDevelopmentExpenses": 55667000, "generalAndAdministrativeExpenses": 157688000, "sellingAndMarketingExpenses": 0, "sellingGeneralAndAdministrativeExpenses": 157688000, "otherExpenses": -7256000, "operatingExpenses": 213355000, "costAndExpenses": 680215000, "interestIncome": 1468000, "interestExpense": 13759000, "depreciationAndAmortization": 63789000, "ebitda": 133732000, "ebitdaratio": 0.1765639399, "operatingIncome": 52091000, "operatingIncomeRatio": 0.0687748048, "totalOtherIncomeExpensesNet": -32364000, "incomeBeforeTax": 31076000, "incomeBeforeTaxRatio": 0.0410290805, "incomeTaxExpense": 13372000, "netIncome": 17517000, "netIncomeRatio": 0.0231273782, "eps": 0.55, "epsdiluted": 0.55, "weightedAverageShsOut": 31649000, "weightedAverageShsOutDil": 31934000, "link": "https://www.sec.gov/Archives/edgar/data/819793/000089109214001589/0000891092-14-001589-index.htm", "finalLink": "https://www.sec.gov/Archives/edgar/data/819793/000089109214001589/e57527_10k.htm", "calculatedOtherExpenses": 25108000, "calculatedOperatingExpenses": 238463000, "calculatedNetInterest": -12291000, "calculatedOtherIncome": -8724000, "calculatedIncomeNonControlling": 187000, "calculatedEbitda": 115880000}, {"date": "2012-12-31", "symbol": "AIN", "reportedCurrency": "USD", "cik": "0000819793", "fillingDate": "2013-03-01", "acceptedDate": "2013-03-01 10:30:33", "calendarYear": "2012", "period": "FY", "revenue": 760941000, "costOfRevenue": 455545000, "grossProfit": 305396000, "grossProfitRatio": 0.4013399199, "researchAndDevelopmentExpenses": 52962000, "generalAndAdministrativeExpenses": 169774000, "sellingAndMarketingExpenses": 0, "sellingGeneralAndAdministrativeExpenses": 169774000, "otherExpenses": -127364000, "operatingExpenses": 222736000, "costAndExpenses": 678281000, "interestIncome": 1517000, "interestExpense": 16601000, "depreciationAndAmortization": 63235000, "ebitda": 18531000, "ebitdaratio": 0.0243527422, "operatingIncome": -44136000, "operatingIncomeRatio": -0.0580018687, "totalOtherIncomeExpensesNet": -134425000, "incomeBeforeTax": -68366000, "incomeBeforeTaxRatio": -0.0898440221, "incomeTaxExpense": -27523000, "netIncome": 30977000, "netIncomeRatio": 0.0407088066, "eps": 0.99, "epsdiluted": 0.97, "weightedAverageShsOut": 31356000, "weightedAverageShsOutDil": 31636000, "link": "https://www.sec.gov/Archives/edgar/data/819793/000089109213001806/0000891092-13-001806-index.htm", "finalLink": "https://www.sec.gov/Archives/edgar/data/819793/000089109213001806/e52100-10k.htm", "calculatedOtherExpenses": 126796000, "calculatedOperatingExpenses": 349532000, "calculatedNetInterest": -15084000, "calculatedOtherIncome": -9146000, "calculatedIncomeNonControlling": -71820000, "calculatedEbitda": 19099000}, {"date": "2011-12-31", "symbol": "AIN", "reportedCurrency": "USD", "cik": "0000819793", "fillingDate": "2012-02-28", "acceptedDate": "2012-02-28 15:00:40", "calendarYear": "2011", "period": "FY", "revenue": 814696000, "costOfRevenue": 485735000, "grossProfit": 328961000, "grossProfitRatio": 0.4037837426, "researchAndDevelopmentExpenses": 56767000, "generalAndAdministrativeExpenses": 179804000, "sellingAndMarketingExpenses": 0, "sellingGeneralAndAdministrativeExpenses": 179804000, "otherExpenses": 0, "operatingExpenses": 236571000, "costAndExpenses": 722306000, "interestIncome": 2027000, "interestExpense": 18121000, "depreciationAndAmortization": 66385000, "ebitda": 158775000, "ebitdaratio": 0.1948886456, "operatingIncome": 83073000, "operatingIncomeRatio": 0.1019680961, "totalOtherIncomeExpensesNet": -12037000, "incomeBeforeTax": 62232000, "incomeBeforeTaxRatio": 0.0763867749, "incomeTaxExpense": 35779000, "netIncome": 34938000, "netIncomeRatio": 0.0428847079, "eps": 1.12, "epsdiluted": 1.11, "weightedAverageShsOut": 31262000, "weightedAverageShsOutDil": 31510000, "link": "https://www.sec.gov/Archives/edgar/data/819793/000089109212001229/0000891092-12-001229-index.htm", "finalLink": "https://www.sec.gov/Archives/edgar/data/819793/000089109212001229/e47451_10k.htm", "calculatedOtherExpenses": 9317000, "calculatedOperatingExpenses": 245888000, "calculatedNetInterest": -16094000, "calculatedOtherIncome": -4747000, "calculatedIncomeNonControlling": -8485000, "calculatedEbitda": 149458000}, {"date": "2010-12-31", "symbol": "AIN", "reportedCurrency": "USD", "cik": "0000819793", "fillingDate": "2011-03-02", "acceptedDate": "2011-03-02 15:16:22", "calendarYear": "2010", "period": "FY", "revenue": 914356000, "costOfRevenue": 569100000, "grossProfit": 345256000, "grossProfitRatio": 0.3775947224, "researchAndDevelopmentExpenses": 57163000, "generalAndAdministrativeExpenses": 203159000, "sellingAndMarketingExpenses": 57163000, "sellingGeneralAndAdministrativeExpenses": 260322000, "otherExpenses": 0, "operatingExpenses": 260322000, "costAndExpenses": 829422000, "interestIncome": 1165000, "interestExpense": 18405000, "depreciationAndAmortization": 62996000, "ebitda": 152194000, "ebitdaratio": 0.1664493917, "operatingIncome": 81184000, "operatingIncomeRatio": 0.0887881744, "totalOtherIncomeExpensesNet": -4264000, "incomeBeforeTax": 64458000, "incomeBeforeTaxRatio": 0.0704955182, "incomeTaxExpense": 26882000, "netIncome": 37636000, "netIncomeRatio": 0.0411612107, "eps": 1.21, "epsdiluted": 1.21, "weightedAverageShsOut": 31072000, "weightedAverageShsOutDil": 31209000, "link": "https://www.sec.gov/Archives/edgar/data/819793/000114420411012289/0001144204-11-012289-index.htm", "finalLink": "https://www.sec.gov/Archives/edgar/data/819793/000114420411012289/b212132_10k.htm", "calculatedOtherExpenses": -53413000, "calculatedOperatingExpenses": 264072000, "calculatedNetInterest": -17240000, "calculatedOtherIncome": 514000, "calculatedIncomeNonControlling": -60000, "calculatedEbitda": 144180000}, {"date": "2009-12-31", "symbol": "AIN", "reportedCurrency": "USD", "cik": "0000819793", "fillingDate": "2010-03-11", "acceptedDate": "2010-03-11 10:04:10", "calendarYear": "2009", "period": "FY", "revenue": 871045000, "costOfRevenue": 577135000, "grossProfit": 293910000, "grossProfitRatio": 0.3374222916, "researchAndDevelopmentExpenses": 54964000, "generalAndAdministrativeExpenses": 205089000, "sellingAndMarketingExpenses": 54964000, "sellingGeneralAndAdministrativeExpenses": 260053000, "otherExpenses": 0, "operatingExpenses": 260053000, "costAndExpenses": 837188000, "interestIncome": 741000, "interestExpense": 20627000, "depreciationAndAmortization": 68826000, "ebitda": 102683000, "ebitdaratio": 0.1178848395, "operatingIncome": -36322000, "operatingIncomeRatio": -0.0416993382, "totalOtherIncomeExpensesNet": -20308000, "incomeBeforeTax": -7078000, "incomeBeforeTaxRatio": -0.0081258718, "incomeTaxExpense": 15579000, "netIncome": -32380000, "netIncomeRatio": -0.0371737396, "eps": -1.06, "epsdiluted": -1.06, "weightedAverageShsOut": 30612000, "weightedAverageShsOutDil": 30612000, "link": "https://www.sec.gov/Archives/edgar/data/819793/000114420410012663/0001144204-10-012663-index.htm", "finalLink": "https://www.sec.gov/Archives/edgar/data/819793/000114420410012663/b176253_10k.htm", "calculatedOtherExpenses": 15215000, "calculatedOperatingExpenses": 330232000, "calculatedNetInterest": -19886000, "calculatedOtherIncome": 49130000, "calculatedIncomeNonControlling": 9723000, "calculatedEbitda": 32504000}, {"date": "2008-12-31", "symbol": "AIN", "reportedCurrency": "USD", "cik": "0000819793", "fillingDate": "2009-03-02", "acceptedDate": "2009-03-02 07:19:41", "calendarYear": "2008", "period": "FY", "revenue": 1086517000, "costOfRevenue": 724484000, "grossProfit": 362033000, "grossProfitRatio": 0.3332050948, "researchAndDevelopmentExpenses": 66486000, "generalAndAdministrativeExpenses": 251506000, "sellingAndMarketingExpenses": 0, "sellingGeneralAndAdministrativeExpenses": 251506000, "otherExpenses": 72305000, "operatingExpenses": 390297000, "costAndExpenses": 1114781000, "interestIncome": 0, "interestExpense": 0, "depreciationAndAmortization": 66160000, "ebitda": 149313000, "ebitdaratio": 0.1374235286, "operatingIncome": -66917000, "operatingIncomeRatio": -0.0615885439, "totalOtherIncomeExpensesNet": -111251000, "incomeBeforeTax": -86327000, "incomeBeforeTaxRatio": -0.0794529676, "incomeTaxExpense": -3934000, "netIncome": -75748000, "netIncomeRatio": -0.0697163505, "eps": -2.54, "epsdiluted": -2.54, "weightedAverageShsOut": 29786000, "weightedAverageShsOutDil": 29786000, "link": "https://www.sec.gov/Archives/edgar/data/819793/000114544309000304/0001145443-09-000304-index.htm", "finalLink": "https://www.sec.gov/Archives/edgar/data/819793/000114544309000304/d24362_10-k.htm", "calculatedOtherExpenses": 110958000, "calculatedOperatingExpenses": 428950000, "calculatedNetInterest": 0, "calculatedOtherIncome": -19410000, "calculatedIncomeNonControlling": -6645000, "calculatedEbitda": -757000}, {"date": "2007-12-31", "symbol": "AIN", "reportedCurrency": "USD", "cik": "0000819793", "fillingDate": "2008-02-29", "acceptedDate": "2008-02-29 11:38:23", "calendarYear": "2007", "period": "FY", "revenue": 1092977000, "costOfRevenue": 711448000, "grossProfit": 381529000, "grossProfitRatio": 0.3490732193, "researchAndDevelopmentExpenses": 0, "generalAndAdministrativeExpenses": 316455000, "sellingAndMarketingExpenses": 0, "sellingGeneralAndAdministrativeExpenses": 316455000, "otherExpenses": 0, "operatingExpenses": 316455000, "costAndExpenses": 1027903000, "interestIncome": 0, "interestExpense": 0, "depreciationAndAmortization": 62517000, "ebitda": 157342000, "ebitdaratio": 0.1439572836, "operatingIncome": 37449000, "operatingIncomeRatio": 0.0342633011, "totalOtherIncomeExpensesNet": -29857000, "incomeBeforeTax": 20043000, "incomeBeforeTaxRatio": 0.0183379888, "incomeTaxExpense": 2155000, "netIncome": 17782000, "netIncomeRatio": 0.0162693268, "eps": 0.6, "epsdiluted": 0.6, "weightedAverageShsOut": 29421000, "weightedAverageShsOutDil": 29854000, "link": "https://www.sec.gov/Archives/edgar/data/819793/000114544308000503/0001145443-08-000503-index.htm", "finalLink": "https://www.sec.gov/Archives/edgar/data/819793/000114544308000503/d22743.htm", "calculatedOtherExpenses": 27625000, "calculatedOperatingExpenses": 344080000, "calculatedNetInterest": 0, "calculatedOtherIncome": -17406000, "calculatedIncomeNonControlling": 106000, "calculatedEbitda": 99966000}, {"date": "2006-12-31", "symbol": "AIN", "reportedCurrency": "USD", "cik": "0000819793", "fillingDate": "2007-03-01", "acceptedDate": "2007-03-01 14:35:39", "calendarYear": "2006", "period": "FY", "revenue": 1011458000, "costOfRevenue": 620149000, "grossProfit": 391309000, "grossProfitRatio": 0.3868761728, "researchAndDevelopmentExpenses": 64587000, "generalAndAdministrativeExpenses": 236435000, "sellingAndMarketingExpenses": 0, "sellingGeneralAndAdministrativeExpenses": 236435000, "otherExpenses": 0, "operatingExpenses": 301022000, "costAndExpenses": 921171000, "interestIncome": 0, "interestExpense": 0, "depreciationAndAmortization": 59450000, "ebitda": 150500000, "ebitdaratio": 0.1487951057, "operatingIncome": 90287000, "operatingIncomeRatio": 0.0892642107, "totalOtherIncomeExpensesNet": -519000, "incomeBeforeTax": 78325000, "incomeBeforeTaxRatio": 0.0774377186, "incomeTaxExpense": 20530000, "netIncome": 58039000, "netIncomeRatio": 0.0573815225, "eps": 1.95, "epsdiluted": 1.92, "weightedAverageShsOut": 29763590, "weightedAverageShsOutDil": 30228646, "link": "https://www.sec.gov/Archives/edgar/data/819793/000114544307000543/0001145443-07-000543-index.htm", "finalLink": "https://www.sec.gov/Archives/edgar/data/819793/000114544307000543/d20727.htm", "calculatedOtherExpenses": 0, "calculatedOperatingExpenses": 301022000, "calculatedNetInterest": 0, "calculatedOtherIncome": -11962000, "calculatedIncomeNonControlling": -244000, "calculatedEbitda": 149737000}, {"date": "2005-12-31", "symbol": "AIN", "reportedCurrency": "USD", "cik": "0000819793", "fillingDate": "2006-03-02", "acceptedDate": "2006-03-02 17:07:04", "calendarYear": "2005", "period": "FY", "revenue": 978710000, "costOfRevenue": 586700000, "grossProfit": 392010000, "grossProfitRatio": 0.4005374421, "researchAndDevelopmentExpenses": 58769000, "generalAndAdministrativeExpenses": 217242000, "sellingAndMarketingExpenses": 0, "sellingGeneralAndAdministrativeExpenses": 217242000, "otherExpenses": 0, "operatingExpenses": 276011000, "costAndExpenses": 862711000, "interestIncome": 0, "interestExpense": 0, "depreciationAndAmortization": 55445000, "ebitda": 176097000, "ebitdaratio": 0.1799276599, "operatingIncome": 115999000, "operatingIncomeRatio": 0.1185223406, "totalOtherIncomeExpensesNet": -4144000, "incomeBeforeTax": 100763000, "incomeBeforeTaxRatio": 0.10295491, "incomeTaxExpense": 29420000, "netIncome": 71852000, "netIncomeRatio": 0.0734150055, "eps": 2.25, "epsdiluted": 2.22, "weightedAverageShsOut": 31934222, "weightedAverageShsOutDil": 32365766, "link": "https://www.sec.gov/Archives/edgar/data/819793/000114544306000597/0001145443-06-000597-index.htm", "finalLink": "https://www.sec.gov/Archives/edgar/data/819793/000114544306000597/d18647_10k.htm", "calculatedOtherExpenses": 0, "calculatedOperatingExpenses": 276011000, "calculatedNetInterest": 0, "calculatedOtherIncome": -15236000, "calculatedIncomeNonControlling": -509000, "calculatedEbitda": 171444000}, {"date": "2004-12-31", "symbol": "AIN", "reportedCurrency": "USD", "cik": "0000819793", "fillingDate": "2005-03-10", "acceptedDate": "2005-03-10 11:18:01", "calendarYear": "2004", "period": "FY", "revenue": 919802000, "costOfRevenue": 557742000, "grossProfit": 362060000, "grossProfitRatio": 0.3936281939, "researchAndDevelopmentExpenses": 57150000, "generalAndAdministrativeExpenses": 210348000, "sellingAndMarketingExpenses": 0, "sellingGeneralAndAdministrativeExpenses": 210348000, "otherExpenses": 0, "operatingExpenses": 267498000, "costAndExpenses": 825240000, "interestIncome": 0, "interestExpense": 0, "depreciationAndAmortization": 55215000, "ebitda": 216275000, "ebitdaratio": 0.2351321263, "operatingIncome": 40504000, "operatingIncomeRatio": 0.0440355642, "totalOtherIncomeExpensesNet": -65992000, "incomeBeforeTax": 12329000, "incomeBeforeTaxRatio": 0.0134039717, "incomeTaxExpense": 2450000, "netIncome": 10385000, "netIncomeRatio": 0.0112904734, "eps": 0.32, "epsdiluted": 0.31, "weightedAverageShsOut": 32453125, "weightedAverageShsOutDil": 33500000, "link": "https://www.sec.gov/Archives/edgar/data/819793/000114544305000454/0001145443-05-000454-index.htm", "finalLink": "https://www.sec.gov/Archives/edgar/data/819793/000114544305000454/d16431_10-k.htm", "calculatedOtherExpenses": 54058000, "calculatedOperatingExpenses": 321556000, "calculatedNetInterest": 0, "calculatedOtherIncome": -28175000, "calculatedIncomeNonControlling": -506000, "calculatedEbitda": 95719000}, {"date": "2003-12-31", "symbol": "AIN", "reportedCurrency": "USD", "cik": "0000819793", "fillingDate": "2004-03-11", "acceptedDate": "2004-03-11 15:15:13", "calendarYear": "2003", "period": "FY", "revenue": 868972000, "costOfRevenue": 507786000, "grossProfit": 361186000, "grossProfitRatio": 0.4156474547, "researchAndDevelopmentExpenses": 55211000, "generalAndAdministrativeExpenses": 198610000, "sellingAndMarketingExpenses": 0, "sellingGeneralAndAdministrativeExpenses": 198610000, "otherExpenses": 0, "operatingExpenses": 253821000, "costAndExpenses": 761607000, "interestIncome": 0, "interestExpense": 0, "depreciationAndAmortization": 56094000, "ebitda": 185872000, "ebitdaratio": 0.2138987217, "operatingIncome": 85614000, "operatingIncomeRatio": 0.0985233126, "totalOtherIncomeExpensesNet": -22516000, "incomeBeforeTax": 69878000, "incomeBeforeTaxRatio": 0.0804145588, "incomeTaxExpense": 15720000, "netIncome": 54055000, "netIncomeRatio": 0.0622056867, "eps": 1.64, "epsdiluted": 1.61, "weightedAverageShsOut": 27925610, "weightedAverageShsOutDil": 28445963, "link": "https://www.sec.gov/Archives/edgar/data/819793/000104746904007489/0001047469-04-007489-index.htm", "finalLink": "https://www.sec.gov/Archives/edgar/data/819793/000104746904007489/a2130113z10-k.htm", "calculatedOtherExpenses": 21751000, "calculatedOperatingExpenses": 275572000, "calculatedNetInterest": 0, "calculatedOtherIncome": -15736000, "calculatedIncomeNonControlling": 103000, "calculatedEbitda": 141708000}, {"date": "2002-12-31", "symbol": "AIN", "reportedCurrency": "USD", "cik": "0000819793", "fillingDate": "2003-03-21", "acceptedDate": "2003-03-21 16:37:52", "calendarYear": "2002", "period": "FY", "revenue": 816047000, "costOfRevenue": 475765000, "grossProfit": 340282000, "grossProfitRatio": 0.4169882372, "researchAndDevelopmentExpenses": 49847000, "generalAndAdministrativeExpenses": 188347000, "sellingAndMarketingExpenses": 0, "sellingGeneralAndAdministrativeExpenses": 188347000, "otherExpenses": 0, "operatingExpenses": 238194000, "costAndExpenses": 713959000, "interestIncome": 0, "interestExpense": 0, "depreciationAndAmortization": 52863000, "ebitda": 157861000, "ebitdaratio": 0.1934459657, "operatingIncome": 102088000, "operatingIncomeRatio": 0.1251006376, "totalOtherIncomeExpensesNet": -2640000, "incomeBeforeTax": 79549000, "incomeBeforeTaxRatio": 0.0974809049, "incomeTaxExpense": 25041000, "netIncome": 48941000, "netIncomeRatio": 0.0599732613, "eps": 1.52, "epsdiluted": 1.5, "weightedAverageShsOut": 32198026, "weightedAverageShsOutDil": 32627333, "link": "https://www.sec.gov/Archives/edgar/data/819793/000104746903009653/0001047469-03-009653-index.htm", "finalLink": "https://www.sec.gov/Archives/edgar/data/819793/000104746903009653/a2106011z10-k.htm", "calculatedOtherExpenses": 0, "calculatedOperatingExpenses": 238194000, "calculatedNetInterest": 0, "calculatedOtherIncome": -22539000, "calculatedIncomeNonControlling": 5567000, "calculatedEbitda": 154951000}, {"date": "2001-12-31", "symbol": "AIN", "reportedCurrency": "USD", "cik": "0000819793", "fillingDate": "2002-03-22", "acceptedDate": "2002-03-22 00:00:00", "calendarYear": "2001", "period": "FY", "revenue": 836696000, "costOfRevenue": 497301000, "grossProfit": 339395000, "grossProfitRatio": 0.4056371729, "researchAndDevelopmentExpenses": 46950000, "generalAndAdministrativeExpenses": 186441000, "sellingAndMarketingExpenses": 0, "sellingGeneralAndAdministrativeExpenses": 186441000, "otherExpenses": 0, "operatingExpenses": 233391000, "costAndExpenses": 730692000, "interestIncome": 0, "interestExpense": 0, "depreciationAndAmortization": 57546000, "ebitda": 188275000, "ebitdaratio": 0.2250219913, "operatingIncome": 84112000, "operatingIncomeRatio": 0.1005287464, "totalOtherIncomeExpensesNet": -24383000, "incomeBeforeTax": 52363000, "incomeBeforeTaxRatio": 0.0625830648, "incomeTaxExpense": 19374000, "netIncome": 32202000, "netIncomeRatio": 0.0384870969, "eps": 1.04, "epsdiluted": 1.03, "weightedAverageShsOut": 30963462, "weightedAverageShsOutDil": 31264078, "link": "https://www.sec.gov/Archives/edgar/data/819793/000091205702011062/0000912057-02-011062-index.htm", "finalLink": "https://www.sec.gov/Archives/edgar/data/819793/000091205702011062/a2073544z10-k.htm", "calculatedOtherExpenses": 21892000, "calculatedOperatingExpenses": 255283000, "calculatedNetInterest": 0, "calculatedOtherIncome": -31749000, "calculatedIncomeNonControlling": 787000, "calculatedEbitda": 141658000}, {"date": "2000-12-31", "symbol": "AIN", "reportedCurrency": "USD", "cik": "0000819793", "fillingDate": "2001-03-26", "acceptedDate": "2001-03-26 00:00:00", "calendarYear": "2000", "period": "FY", "revenue": 852934000, "costOfRevenue": 515649000, "grossProfit": 337285000, "grossProfitRatio": 0.3954409134, "researchAndDevelopmentExpenses": 49528000, "generalAndAdministrativeExpenses": 184123000, "sellingAndMarketingExpenses": 0, "sellingGeneralAndAdministrativeExpenses": 184123000, "otherExpenses": 0, "operatingExpenses": 233651000, "costAndExpenses": 749300000, "interestIncome": 0, "interestExpense": 0, "depreciationAndAmortization": 62216000, "ebitda": 165095000, "ebitdaratio": 0.1935612838, "operatingIncome": 103634000, "operatingIncomeRatio": 0.1215029533, "totalOtherIncomeExpensesNet": 1300000, "incomeBeforeTax": 62567000, "incomeBeforeTaxRatio": 0.073355031, "incomeTaxExpense": 25027000, "netIncome": 38085000, "netIncomeRatio": 0.044651755, "eps": 1.24, "epsdiluted": 1.24, "weightedAverageShsOut": 30713710, "weightedAverageShsOutDil": 30713710, "link": "https://www.sec.gov/Archives/edgar/data/819793/000091205701008148/0000912057-01-008148-index.htm", "finalLink": "https://www.sec.gov/Archives/edgar/data/819793/000091205701008148/a2042040z10-k.txt", "calculatedOtherExpenses": 0, "calculatedOperatingExpenses": 233651000, "calculatedNetInterest": 0, "calculatedOtherIncome": -41067000, "calculatedIncomeNonControlling": -545000, "calculatedEbitda": 165850000}, {"date": "1999-12-31", "symbol": "AIN", "reportedCurrency": "USD", "cik": "0000819793", "fillingDate": "2000-03-21", "acceptedDate": "2000-03-21 00:00:00", "calendarYear": "1999", "period": "FY", "revenue": 778366000, "costOfRevenue": 458930000, "grossProfit": 319436000, "grossProfitRatio": 0.4103930542, "researchAndDevelopmentExpenses": 48096000, "generalAndAdministrativeExpenses": 177481000, "sellingAndMarketingExpenses": 0, "sellingGeneralAndAdministrativeExpenses": 177481000, "otherExpenses": 0, "operatingExpenses": 225577000, "costAndExpenses": 684507000, "interestIncome": 0, "interestExpense": 0, "depreciationAndAmortization": 55874000, "ebitda": 166124000, "ebitdaratio": 0.2134265885, "operatingIncome": 76987000, "operatingIncomeRatio": 0.0989084826, "totalOtherIncomeExpensesNet": -15760000, "incomeBeforeTax": 51916000, "incomeBeforeTaxRatio": 0.0666986996, "incomeTaxExpense": 22325000, "netIncome": 30222000, "netIncomeRatio": 0.0388274925, "eps": 1, "epsdiluted": 0.99, "weightedAverageShsOut": 30222000, "weightedAverageShsOutDil": 30527273, "link": "https://www.sec.gov/Archives/edgar/data/819793/000091205700012643/0000912057-00-012643-index.html", "finalLink": "https://www.sec.gov/Archives/edgar/data/819793/000091205700012643/", "calculatedOtherExpenses": 16872000, "calculatedOperatingExpenses": 242449000, "calculatedNetInterest": 0, "calculatedOtherIncome": -25071000, "calculatedIncomeNonControlling": -631000, "calculatedEbitda": 132861000}, {"date": "1998-12-31", "symbol": "AIN", "reportedCurrency": "USD", "cik": "0000819793", "fillingDate": "1999-03-19", "acceptedDate": "1999-03-19 00:00:00", "calendarYear": "1998", "period": "FY", "revenue": 722653000, "costOfRevenue": 417375000, "grossProfit": 305278000, "grossProfitRatio": 0.4224406458, "researchAndDevelopmentExpenses": 49998000, "generalAndAdministrativeExpenses": 164481000, "sellingAndMarketingExpenses": 0, "sellingGeneralAndAdministrativeExpenses": 164481000, "otherExpenses": 0, "operatingExpenses": 214479000, "costAndExpenses": 631854000, "interestIncome": 0, "interestExpense": 0, "depreciationAndAmortization": 48827000, "ebitda": 159411000, "ebitdaratio": 0.2205913488, "operatingIncome": 70608000, "operatingIncomeRatio": 0.0977066448, "totalOtherIncomeExpensesNet": -19554000, "incomeBeforeTax": 51704000, "incomeBeforeTaxRatio": 0.0715474785, "incomeTaxExpense": 20163000, "netIncome": 31772000, "netIncomeRatio": 0.0439657761, "eps": 1.02, "epsdiluted": 1.01, "weightedAverageShsOut": 31176471, "weightedAverageShsOutDil": 31485149, "link": "https://www.sec.gov/Archives/edgar/data/819793/000104746999010523/0001047469-99-010523-index.html", "finalLink": "https://www.sec.gov/Archives/edgar/data/819793/", "calculatedOtherExpenses": 20191000, "calculatedOperatingExpenses": 234670000, "calculatedNetInterest": 0, "calculatedOtherIncome": -18904000, "calculatedIncomeNonControlling": -231000, "calculatedEbitda": 119435000}, {"date": "1997-12-31", "symbol": "AIN", "reportedCurrency": "USD", "cik": "0000819793", "fillingDate": "1998-03-13", "acceptedDate": "1998-03-13 00:00:00", "calendarYear": "1997", "period": "FY", "revenue": 710079000, "costOfRevenue": 404982000, "grossProfit": 305097000, "grossProfitRatio": 0.4296662766, "researchAndDevelopmentExpenses": 49963000, "generalAndAdministrativeExpenses": 155515000, "sellingAndMarketingExpenses": 0, "sellingGeneralAndAdministrativeExpenses": 155515000, "otherExpenses": 0, "operatingExpenses": 205478000, "costAndExpenses": 610460000, "interestIncome": 0, "interestExpense": 0, "depreciationAndAmortization": 44991000, "ebitda": 149131000, "ebitdaratio": 0.2100202935, "operatingIncome": 99619000, "operatingIncomeRatio": 0.1402928407, "totalOtherIncomeExpensesNet": -4038000, "incomeBeforeTax": 79631000, "incomeBeforeTaxRatio": 0.11214386, "incomeTaxExpense": 31055000, "netIncome": 49059000, "netIncomeRatio": 0.0690894957, "eps": 1.52, "epsdiluted": 1.5, "weightedAverageShsOut": 32302632, "weightedAverageShsOutDil": 32733333, "link": "https://www.sec.gov/Archives/edgar/data/819793/000104746998009823/0001047469-98-009823-index.html", "finalLink": "https://www.sec.gov/Archives/edgar/data/819793/", "calculatedOtherExpenses": 0, "calculatedOperatingExpenses": 205478000, "calculatedNetInterest": 0, "calculatedOtherIncome": -19988000, "calculatedIncomeNonControlling": -483000, "calculatedEbitda": 144610000}, {"date": "1996-12-31", "symbol": "AIN", "reportedCurrency": "USD", "cik": "0000819793", "fillingDate": "1997-03-14", "acceptedDate": "1997-03-14 00:00:00", "calendarYear": "1996", "period": "FY", "revenue": 692760000, "costOfRevenue": 400821000, "grossProfit": 291939000, "grossProfitRatio": 0.4214143426, "researchAndDevelopmentExpenses": 48735000, "generalAndAdministrativeExpenses": 147929000, "sellingAndMarketingExpenses": 0, "sellingGeneralAndAdministrativeExpenses": 147929000, "otherExpenses": 0, "operatingExpenses": 196664000, "costAndExpenses": 597485000, "interestIncome": 0, "interestExpense": 0, "depreciationAndAmortization": 45189000, "ebitda": 140476000, "ebitdaratio": 0.2027772966, "operatingIncome": 95275000, "operatingIncomeRatio": 0.1375295918, "totalOtherIncomeExpensesNet": 220000, "incomeBeforeTax": 79430000, "incomeBeforeTaxRatio": 0.1146573128, "incomeTaxExpense": 30981000, "netIncome": 47385000, "netIncomeRatio": 0.0684003118, "eps": 1.51, "epsdiluted": 1.5, "weightedAverageShsOut": 31986755, "weightedAverageShsOutDil": 32200000, "link": "https://www.sec.gov/Archives/edgar/data/819793/000091205797008792/0000912057-97-008792-index.html", "finalLink": "https://www.sec.gov/Archives/edgar/data/819793/", "calculatedOtherExpenses": 0, "calculatedOperatingExpenses": 196664000, "calculatedNetInterest": 0, "calculatedOtherIncome": -15845000, "calculatedIncomeNonControlling": 1064000, "calculatedEbitda": 140464000}, {"date": "1995-12-31", "symbol": "AIN", "reportedCurrency": "USD", "cik": "0000819793", "fillingDate": "1996-03-26", "acceptedDate": "1996-03-26 00:00:00", "calendarYear": "1995", "period": "FY", "revenue": 652645000, "costOfRevenue": 379632000, "grossProfit": 273013000, "grossProfitRatio": 0.4183177685, "researchAndDevelopmentExpenses": 45020000, "generalAndAdministrativeExpenses": 139102000, "sellingAndMarketingExpenses": 0, "sellingGeneralAndAdministrativeExpenses": 139102000, "otherExpenses": 0, "operatingExpenses": 184122000, "costAndExpenses": 563754000, "interestIncome": 0, "interestExpense": 0, "depreciationAndAmortization": 43087000, "ebitda": 130954000, "ebitdaratio": 0.2006511963, "operatingIncome": 88891000, "operatingIncomeRatio": 0.1362011507, "totalOtherIncomeExpensesNet": 1401000, "incomeBeforeTax": 69906000, "incomeBeforeTaxRatio": 0.1071118296, "incomeTaxExpense": 27233000, "netIncome": 43050000, "netIncomeRatio": 0.0659623532, "eps": 1.36, "epsdiluted": 1.28, "weightedAverageShsOut": 31635127, "weightedAverageShsOutDil": 33509801, "link": "https://www.sec.gov/Archives/edgar/data/819793/000091205796005142/0000912057-96-005142-index.html", "finalLink": "https://www.sec.gov/Archives/edgar/data/819793/", "calculatedOtherExpenses": 0, "calculatedOperatingExpenses": 184122000, "calculatedNetInterest": 0, "calculatedOtherIncome": -18985000, "calculatedIncomeNonControlling": -377000, "calculatedEbitda": 131978000}, {"date": "1994-12-31", "symbol": "AIN", "reportedCurrency": "USD", "cik": "0000819793", "fillingDate": "1995-03-17", "acceptedDate": "1995-03-17 00:00:00", "calendarYear": "1994", "period": "FY", "revenue": 567583000, "costOfRevenue": 338868000, "grossProfit": 228715000, "grossProfitRatio": 0.4029630909, "researchAndDevelopmentExpenses": 40888000, "generalAndAdministrativeExpenses": 124883000, "sellingAndMarketingExpenses": 0, "sellingGeneralAndAdministrativeExpenses": 124883000, "otherExpenses": 0, "operatingExpenses": 165771000, "costAndExpenses": 504639000, "interestIncome": 0, "interestExpense": 0, "depreciationAndAmortization": 38649000, "ebitda": 105917000, "ebitdaratio": 0.1866105926, "operatingIncome": 62944000, "operatingIncomeRatio": 0.110898318, "totalOtherIncomeExpensesNet": -4198000, "incomeBeforeTax": 41800000, "incomeBeforeTaxRatio": 0.0736456166, "incomeTaxExpense": 17974000, "netIncome": 23952000, "netIncomeRatio": 0.0421999954, "eps": 0.76, "epsdiluted": 0.76, "weightedAverageShsOut": 31461850, "weightedAverageShsOutDil": 31461850, "link": "https://www.sec.gov/Archives/edgar/data/819793/000091205795001462/0000912057-95-001462-index.html", "finalLink": "https://www.sec.gov/Archives/edgar/data/819793/", "calculatedOtherExpenses": 0, "calculatedOperatingExpenses": 165771000, "calculatedNetInterest": 0, "calculatedOtherIncome": -21144000, "calculatedIncomeNonControlling": -126000, "calculatedEbitda": 101593000}, {"date": "1993-12-31", "symbol": "AIN", "reportedCurrency": "USD", "cik": "0000819793", "fillingDate": "1994-03-23", "acceptedDate": "1994-03-23 00:00:00", "calendarYear": "1993", "period": "FY", "revenue": 546120000, "costOfRevenue": 344609000, "grossProfit": 201511000, "grossProfitRatio": 0.3689866696, "researchAndDevelopmentExpenses": 38968000, "generalAndAdministrativeExpenses": 121214000, "sellingAndMarketingExpenses": 0, "sellingGeneralAndAdministrativeExpenses": 121214000, "otherExpenses": 0, "operatingExpenses": 160182000, "costAndExpenses": 504791000, "interestIncome": 0, "interestExpense": 0, "depreciationAndAmortization": 41969000, "ebitda": 83087000, "ebitdaratio": 0.1521405552, "operatingIncome": 40910000, "operatingIncomeRatio": 0.0749102761, "totalOtherIncomeExpensesNet": 327000, "incomeBeforeTax": 25425000, "incomeBeforeTaxRatio": 0.046555702, "incomeTaxExpense": 10017000, "netIncome": 15524000, "netIncomeRatio": 0.028425987, "eps": 0.54, "epsdiluted": 0.54, "weightedAverageShsOut": 26844000, "weightedAverageShsOutDil": 26844000, "link": "https://www.sec.gov/Archives/edgar/data/819793/000091205794001023/0000912057-94-001023-index.html", "finalLink": "https://www.sec.gov/Archives/edgar/data/819793/", "calculatedOtherExpenses": 419000, "calculatedOperatingExpenses": 160601000, "calculatedNetInterest": 0, "calculatedOtherIncome": -15485000, "calculatedIncomeNonControlling": -116000, "calculatedEbitda": 82879000}, {"date": "1992-12-31", "symbol": "AIN", "reportedCurrency": "USD", "cik": "0000819793", "fillingDate": "1992-12-31", "acceptedDate": "1992-12-30 19:00:00", "calendarYear": "1992", "period": "FY", "revenue": 561100000, "costOfRevenue": 322000000, "grossProfit": 239100000, "grossProfitRatio": 0.42612725, "researchAndDevelopmentExpenses": 0, "generalAndAdministrativeExpenses": 175400000, "sellingAndMarketingExpenses": 0, "sellingGeneralAndAdministrativeExpenses": 175400000, "otherExpenses": 45500000, "operatingExpenses": 220900000, "costAndExpenses": 542900000, "interestIncome": 0, "interestExpense": 0, "depreciationAndAmortization": 45500000, "ebitda": 59200000, "ebitdaratio": 0.1055070397, "operatingIncome": 18200000, "operatingIncomeRatio": 0.0324362859, "totalOtherIncomeExpensesNet": 4500000, "incomeBeforeTax": 3700000, "incomeBeforeTaxRatio": 0.00659419, "incomeTaxExpense": 1000000, "netIncome": -3600000, "netIncomeRatio": -0.0064159686, "eps": -0.14, "epsdiluted": -0.14, "weightedAverageShsOut": 25454545, "weightedAverageShsOutDil": 25454545, "link": "", "finalLink": "", "calculatedOtherExpenses": 45500000, "calculatedOperatingExpenses": 220900000, "calculatedNetInterest": 0, "calculatedOtherIncome": -14500000, "calculatedIncomeNonControlling": 6300000, "calculatedEbitda": 63700000}, {"date": "1991-12-31", "symbol": "AIN", "reportedCurrency": "USD", "cik": "0000819793", "fillingDate": "1991-12-31", "acceptedDate": "1991-12-30 19:00:00", "calendarYear": "1991", "period": "FY", "revenue": 557200000, "costOfRevenue": 318200000, "grossProfit": 239000000, "grossProfitRatio": 0.4289303661, "researchAndDevelopmentExpenses": 0, "generalAndAdministrativeExpenses": 153500000, "sellingAndMarketingExpenses": 0, "sellingGeneralAndAdministrativeExpenses": 153500000, "otherExpenses": 42000000, "operatingExpenses": 195500000, "costAndExpenses": 513700000, "interestIncome": 0, "interestExpense": 0, "depreciationAndAmortization": 42000000, "ebitda": 89000000, "ebitdaratio": 0.1597272075, "operatingIncome": 43500000, "operatingIncomeRatio": 0.078068916, "totalOtherIncomeExpensesNet": -3500000, "incomeBeforeTax": 20500000, "incomeBeforeTaxRatio": 0.0367910983, "incomeTaxExpense": 10200000, "netIncome": 10300000, "netIncomeRatio": 0.0184852836, "eps": 0.4, "epsdiluted": 0.4, "weightedAverageShsOut": 25750000, "weightedAverageShsOutDil": 25750000, "link": "", "finalLink": "", "calculatedOtherExpenses": 42000000, "calculatedOperatingExpenses": 195500000, "calculatedNetInterest": 0, "calculatedOtherIncome": -23000000, "calculatedIncomeNonControlling": 0, "calculatedEbitda": 85500000}, {"date": "1990-12-31", "symbol": "AIN", "reportedCurrency": "USD", "cik": "0000819793", "fillingDate": "1990-12-31", "acceptedDate": "1990-12-30 19:00:00", "calendarYear": "1990", "period": "FY", "revenue": 556100000, "costOfRevenue": 325500000, "grossProfit": 230600000, "grossProfitRatio": 0.4146736199, "researchAndDevelopmentExpenses": 0, "generalAndAdministrativeExpenses": 165700000, "sellingAndMarketingExpenses": 0, "sellingGeneralAndAdministrativeExpenses": 165700000, "otherExpenses": 34500000, "operatingExpenses": 200200000, "costAndExpenses": 525700000, "interestIncome": 0, "interestExpense": 0, "depreciationAndAmortization": 34500000, "ebitda": 61000000, "ebitdaratio": 0.1096925013, "operatingIncome": 30400000, "operatingIncomeRatio": 0.0546664269, "totalOtherIncomeExpensesNet": 3900000, "incomeBeforeTax": 14500000, "incomeBeforeTaxRatio": 0.026074447, "incomeTaxExpense": 6900000, "netIncome": 7600000, "netIncomeRatio": 0.0136666067, "eps": 0.31, "epsdiluted": 0.31, "weightedAverageShsOut": 24516129, "weightedAverageShsOutDil": 24516129, "link": "", "finalLink": "", "calculatedOtherExpenses": 34500000, "calculatedOperatingExpenses": 200200000, "calculatedNetInterest": 0, "calculatedOtherIncome": -15900000, "calculatedIncomeNonControlling": 0, "calculatedEbitda": 64900000}, {"date": "1989-12-31", "symbol": "AIN", "reportedCurrency": "USD", "cik": "0000819793", "fillingDate": "1989-12-31", "acceptedDate": "1989-12-30 19:00:00", "calendarYear": "1989", "period": "FY", "revenue": 505500000, "costOfRevenue": 272400000, "grossProfit": 233100000, "grossProfitRatio": 0.4611275964, "researchAndDevelopmentExpenses": 0, "generalAndAdministrativeExpenses": 138600000, "sellingAndMarketingExpenses": 0, "sellingGeneralAndAdministrativeExpenses": 138600000, "otherExpenses": 27600000, "operatingExpenses": 166200000, "costAndExpenses": 438600000, "interestIncome": 0, "interestExpense": 0, "depreciationAndAmortization": 27600000, "ebitda": 59700000, "ebitdaratio": 0.1181008902, "operatingIncome": 66900000, "operatingIncomeRatio": 0.1323442136, "totalOtherIncomeExpensesNet": 34800000, "incomeBeforeTax": 77700000, "incomeBeforeTaxRatio": 0.1537091988, "incomeTaxExpense": 33200000, "netIncome": 44500000, "netIncomeRatio": 0.0880316518, "eps": 1.7, "epsdiluted": 1.69, "weightedAverageShsOut": 26176471, "weightedAverageShsOutDil": 26331361, "link": "", "finalLink": "", "calculatedOtherExpenses": 27600000, "calculatedOperatingExpenses": 166200000, "calculatedNetInterest": 0, "calculatedOtherIncome": 10800000, "calculatedIncomeNonControlling": 0, "calculatedEbitda": 94500000}, {"date": "1988-12-31", "symbol": "AIN", "reportedCurrency": "USD", "cik": "0000819793", "fillingDate": "1988-12-31", "acceptedDate": "1988-12-30 19:00:00", "calendarYear": "1988", "period": "FY", "revenue": 461200000, "costOfRevenue": 243000000, "grossProfit": 218200000, "grossProfitRatio": 0.4731136167, "researchAndDevelopmentExpenses": 0, "generalAndAdministrativeExpenses": 120100000, "sellingAndMarketingExpenses": 0, "sellingGeneralAndAdministrativeExpenses": 120100000, "otherExpenses": 24700000, "operatingExpenses": 144800000, "costAndExpenses": 387800000, "interestIncome": 0, "interestExpense": 0, "depreciationAndAmortization": 24700000, "ebitda": 97900000, "ebitdaratio": 0.212272333, "operatingIncome": 73400000, "operatingIncomeRatio": 0.1591500434, "totalOtherIncomeExpensesNet": 200000, "incomeBeforeTax": 55100000, "incomeBeforeTaxRatio": 0.1194709454, "incomeTaxExpense": 18800000, "netIncome": 36300000, "netIncomeRatio": 0.078707719, "eps": 1.41, "epsdiluted": 1.41, "weightedAverageShsOut": 25744681, "weightedAverageShsOutDil": 25744681, "link": "", "finalLink": "", "calculatedOtherExpenses": 24700000, "calculatedOperatingExpenses": 144800000, "calculatedNetInterest": 0, "calculatedOtherIncome": -18300000, "calculatedIncomeNonControlling": 0, "calculatedEbitda": 98100000}, {"date": "1987-12-31", "symbol": "AIN", "reportedCurrency": "USD", "cik": "0000819793", "fillingDate": "1987-12-31", "acceptedDate": "1987-12-30 19:00:00", "calendarYear": "1987", "period": "FY", "revenue": 402200000, "costOfRevenue": 216300000, "grossProfit": 185900000, "grossProfitRatio": 0.4622078568, "researchAndDevelopmentExpenses": 0, "generalAndAdministrativeExpenses": 101600000, "sellingAndMarketingExpenses": 0, "sellingGeneralAndAdministrativeExpenses": 101600000, "otherExpenses": 21400000, "operatingExpenses": 123000000, "costAndExpenses": 339300000, "interestIncome": 0, "interestExpense": 0, "depreciationAndAmortization": 21400000, "ebitda": 83200000, "ebitdaratio": 0.2068622576, "operatingIncome": 62900000, "operatingIncomeRatio": 0.1563898558, "totalOtherIncomeExpensesNet": 1100000, "incomeBeforeTax": 47100000, "incomeBeforeTaxRatio": 0.1171059175, "incomeTaxExpense": 21900000, "netIncome": 25200000, "netIncomeRatio": 0.0626553953, "eps": 1.11, "epsdiluted": 1.07, "weightedAverageShsOut": 22702703, "weightedAverageShsOutDil": 23551402, "link": "", "finalLink": "", "calculatedOtherExpenses": 21400000, "calculatedOperatingExpenses": 123000000, "calculatedNetInterest": 0, "calculatedOtherIncome": -15800000, "calculatedIncomeNonControlling": 0, "calculatedEbitda": 84300000}, {"date": "1986-12-31", "symbol": "AIN", "reportedCurrency": "USD", "cik": "0000819793", "fillingDate": "1986-12-31", "acceptedDate": "1986-12-30 19:00:00", "calendarYear": "1986", "period": "FY", "revenue": 336400000, "costOfRevenue": 179100000, "grossProfit": 157300000, "grossProfitRatio": 0.4675980975, "researchAndDevelopmentExpenses": 0, "generalAndAdministrativeExpenses": 84800000, "sellingAndMarketingExpenses": 0, "sellingGeneralAndAdministrativeExpenses": 84800000, "otherExpenses": 19500000, "operatingExpenses": 104300000, "costAndExpenses": 283400000, "interestIncome": 0, "interestExpense": 0, "depreciationAndAmortization": 19500000, "ebitda": 72600000, "ebitdaratio": 0.2158145065, "operatingIncome": 53000000, "operatingIncomeRatio": 0.1575505351, "totalOtherIncomeExpensesNet": -100000, "incomeBeforeTax": 34100000, "incomeBeforeTaxRatio": 0.1013674197, "incomeTaxExpense": 19400000, "netIncome": 14700000, "netIncomeRatio": 0.0436979786, "eps": 0.57, "epsdiluted": 0.57, "weightedAverageShsOut": 25789474, "weightedAverageShsOutDil": 25789474, "link": "", "finalLink": "", "calculatedOtherExpenses": 19500000, "calculatedOperatingExpenses": 104300000, "calculatedNetInterest": 0, "calculatedOtherIncome": -18900000, "calculatedIncomeNonControlling": 0, "calculatedEbitda": 72500000}, {"date": "1985-12-31", "symbol": "AIN", "reportedCurrency": "USD", "cik": "0000819793", "fillingDate": "1985-12-31", "acceptedDate": "1985-12-30 19:00:00", "calendarYear": "1985", "period": "FY", "revenue": 301800000, "costOfRevenue": 158900000, "grossProfit": 142900000, "grossProfitRatio": 0.4734923791, "researchAndDevelopmentExpenses": 0, "generalAndAdministrativeExpenses": 71800000, "sellingAndMarketingExpenses": 0, "sellingGeneralAndAdministrativeExpenses": 71800000, "otherExpenses": 16100000, "operatingExpenses": 87900000, "costAndExpenses": 246800000, "interestIncome": 0, "interestExpense": 0, "depreciationAndAmortization": 16100000, "ebitda": 75000000, "ebitdaratio": 0.2485089463, "operatingIncome": 55000000, "operatingIncomeRatio": 0.182239894, "totalOtherIncomeExpensesNet": -3900000, "incomeBeforeTax": 27800000, "incomeBeforeTaxRatio": 0.0921139828, "incomeTaxExpense": 16400000, "netIncome": 11400000, "netIncomeRatio": 0.0377733598, "eps": 0.43, "epsdiluted": 0.43, "weightedAverageShsOut": 26511628, "weightedAverageShsOutDil": 26511628, "link": "", "finalLink": "", "calculatedOtherExpenses": 16100000, "calculatedOperatingExpenses": 87900000, "calculatedNetInterest": 0, "calculatedOtherIncome": -27200000, "calculatedIncomeNonControlling": 0, "calculatedEbitda": 71100000}]}