{"originalCurrency": "USD", "convertedCurrency": "USD", "report": [{"date": "2023-05-31", "symbol": "AIR", "reportedCurrency": "USD", "cik": "0000001750", "fillingDate": "2023-07-18", "acceptedDate": "2023-07-18 17:16:55", "calendarYear": "2023", "period": "FY", "revenue": 1990500000, "costOfRevenue": 1620400000, "grossProfit": 370100000, "grossProfitRatio": 0.1859331826, "researchAndDevelopmentExpenses": 0, "generalAndAdministrativeExpenses": 0, "sellingAndMarketingExpenses": 0, "sellingGeneralAndAdministrativeExpenses": 230400000, "otherExpenses": 2600000, "operatingExpenses": 233000000, "costAndExpenses": 1853400000, "interestIncome": 1000000, "interestExpense": 11200000, "depreciationAndAmortization": 27100000, "ebitda": 161000000, "ebitdaratio": 0.0808841999, "operatingIncome": 133900000, "operatingIncomeRatio": 0.0672695303, "totalOtherIncomeExpensesNet": -12700000, "incomeBeforeTax": 121200000, "incomeBeforeTaxRatio": 0.0608892238, "incomeTaxExpense": 31400000, "netIncome": 90200000, "netIncomeRatio": 0.0453152474, "eps": 2.56, "epsdiluted": 2.53, "weightedAverageShsOut": 34700000, "weightedAverageShsOutDil": 35100000, "link": "https://www.sec.gov/Archives/edgar/data/1750/000110465923082069/0001104659-23-082069-index.htm", "finalLink": "https://www.sec.gov/Archives/edgar/data/1750/000110465923082069/air-20230531x10k.htm", "calculatedOtherExpenses": 5800000, "calculatedOperatingExpenses": 236200000, "calculatedNetInterest": -10200000, "calculatedOtherIncome": -2500000, "calculatedIncomeNonControlling": -400000, "calculatedEbitda": 161000000}, {"date": "2022-05-31", "symbol": "AIR", "reportedCurrency": "USD", "cik": "0000001750", "fillingDate": "2022-07-21", "acceptedDate": "2022-07-21 11:04:06", "calendarYear": "2022", "period": "FY", "revenue": 1820000000, "costOfRevenue": 1506800000, "grossProfit": 313200000, "grossProfitRatio": 0.1720879121, "researchAndDevelopmentExpenses": 0, "generalAndAdministrativeExpenses": 0, "sellingAndMarketingExpenses": 0, "sellingGeneralAndAdministrativeExpenses": 202200000, "otherExpenses": 1200000, "operatingExpenses": 203400000, "costAndExpenses": 1710200000, "interestIncome": 100000, "interestExpense": 2400000, "depreciationAndAmortization": 37700000, "ebitda": 144600000, "ebitdaratio": 0.0794505495, "operatingIncome": 106900000, "operatingIncomeRatio": 0.0587362637, "totalOtherIncomeExpensesNet": -1800000, "incomeBeforeTax": 105100000, "incomeBeforeTaxRatio": 0.0577472527, "incomeTaxExpense": 26600000, "netIncome": 78700000, "netIncomeRatio": 0.0432417582, "eps": 2.19, "epsdiluted": 2.16, "weightedAverageShsOut": 35600000, "weightedAverageShsOutDil": 36000000, "link": "https://www.sec.gov/Archives/edgar/data/1750/000110465922081498/0001104659-22-081498-index.htm", "finalLink": "https://www.sec.gov/Archives/edgar/data/1750/000110465922081498/air-20220531x10k.htm", "calculatedOtherExpenses": 4100000, "calculatedOperatingExpenses": 206300000, "calculatedNetInterest": -2300000, "calculatedOtherIncome": 500000, "calculatedIncomeNonControlling": -200000, "calculatedEbitda": 144600000}, {"date": "2021-05-31", "symbol": "AIR", "reportedCurrency": "USD", "cik": "0000001750", "fillingDate": "2021-07-21", "acceptedDate": "2021-07-20 21:46:22", "calendarYear": "2021", "period": "FY", "revenue": 1652300000, "costOfRevenue": 1376400000, "grossProfit": 275900000, "grossProfitRatio": 0.1669793621, "researchAndDevelopmentExpenses": 0, "generalAndAdministrativeExpenses": 0, "sellingAndMarketingExpenses": 0, "sellingGeneralAndAdministrativeExpenses": 182400000, "otherExpenses": 8500000, "operatingExpenses": 190900000, "costAndExpenses": 1567300000, "interestIncome": 200000, "interestExpense": 5000000, "depreciationAndAmortization": 56300000, "ebitda": 141500000, "ebitdaratio": 0.0856382013, "operatingIncome": 85200000, "operatingIncomeRatio": 0.0515644859, "totalOtherIncomeExpensesNet": -20700000, "incomeBeforeTax": 64500000, "incomeBeforeTaxRatio": 0.0390364946, "incomeTaxExpense": 18200000, "netIncome": 35800000, "netIncomeRatio": 0.0216667675, "eps": 1.01, "epsdiluted": 1, "weightedAverageShsOut": 35000000, "weightedAverageShsOutDil": 35300000, "link": "https://www.sec.gov/Archives/edgar/data/1750/000110465921094125/0001104659-21-094125-index.htm", "finalLink": "https://www.sec.gov/Archives/edgar/data/1750/000110465921094125/air-20210531x10k.htm", "calculatedOtherExpenses": 8300000, "calculatedOperatingExpenses": 190700000, "calculatedNetInterest": -4800000, "calculatedOtherIncome": -15900000, "calculatedIncomeNonControlling": 10500000, "calculatedEbitda": 141500000}, {"date": "2020-05-31", "symbol": "AIR", "reportedCurrency": "USD", "cik": "0000001750", "fillingDate": "2020-07-21", "acceptedDate": "2020-07-21 17:19:15", "calendarYear": "2020", "period": "FY", "revenue": 2072000000, "costOfRevenue": 1802800000, "grossProfit": 269200000, "grossProfitRatio": 0.1299227799, "researchAndDevelopmentExpenses": 0, "generalAndAdministrativeExpenses": 0, "sellingAndMarketingExpenses": 0, "sellingGeneralAndAdministrativeExpenses": 220600000, "otherExpenses": 5400000, "operatingExpenses": 226000000, "costAndExpenses": 2028800000, "interestIncome": 500000, "interestExpense": 9300000, "depreciationAndAmortization": 45600000, "ebitda": 86900000, "ebitdaratio": 0.0419401544, "operatingIncome": 41300000, "operatingIncomeRatio": 0.0199324324, "totalOtherIncomeExpensesNet": -10900000, "incomeBeforeTax": 30400000, "incomeBeforeTaxRatio": 0.0146718147, "incomeTaxExpense": 5600000, "netIncome": 24800000, "netIncomeRatio": 0.011969112, "eps": 0.71, "epsdiluted": 0.71, "weightedAverageShsOut": 34800000, "weightedAverageShsOutDil": 35000000, "link": "https://www.sec.gov/Archives/edgar/data/1750/000110465920085310/0001104659-20-085310-index.htm", "finalLink": "https://www.sec.gov/Archives/edgar/data/1750/000110465920085310/air-20200531x10k.htm", "calculatedOtherExpenses": 7300000, "calculatedOperatingExpenses": 227900000, "calculatedNetInterest": -8800000, "calculatedOtherIncome": -2100000, "calculatedIncomeNonControlling": 0, "calculatedEbitda": 86900000}, {"date": "2019-05-31", "symbol": "AIR", "reportedCurrency": "USD", "cik": "0000001750", "fillingDate": "2019-07-18", "acceptedDate": "2019-07-18 17:29:33", "calendarYear": "2019", "period": "FY", "revenue": 2051800000, "costOfRevenue": 1722300000, "grossProfit": 329500000, "grossProfitRatio": 0.1605907008, "researchAndDevelopmentExpenses": 0, "generalAndAdministrativeExpenses": 0, "sellingAndMarketingExpenses": 0, "sellingGeneralAndAdministrativeExpenses": 215400000, "otherExpenses": 15800000, "operatingExpenses": 231200000, "costAndExpenses": 1953500000, "interestIncome": 1000000, "interestExpense": 9500000, "depreciationAndAmortization": 42800000, "ebitda": 141100000, "ebitdaratio": 0.0687688859, "operatingIncome": 98300000, "operatingIncomeRatio": 0.0479091529, "totalOtherIncomeExpensesNet": -9300000, "incomeBeforeTax": 89000000, "incomeBeforeTaxRatio": 0.0433765474, "incomeTaxExpense": 4900000, "netIncome": 7500000, "netIncomeRatio": 0.003655327, "eps": 0.21, "epsdiluted": 0.2, "weightedAverageShsOut": 34500000, "weightedAverageShsOutDil": 34900000, "link": "https://www.sec.gov/Archives/edgar/data/1750/000104746919004266/0001047469-19-004266-index.htm", "finalLink": "https://www.sec.gov/Archives/edgar/data/1750/000104746919004266/a2239223z10-k.htm", "calculatedOtherExpenses": 15800000, "calculatedOperatingExpenses": 231200000, "calculatedNetInterest": -8500000, "calculatedOtherIncome": -800000, "calculatedIncomeNonControlling": 76600000, "calculatedEbitda": 141100000}, {"date": "2018-05-31", "symbol": "AIR", "reportedCurrency": "USD", "cik": "0000001750", "fillingDate": "2018-07-11", "acceptedDate": "2018-07-11 16:59:41", "calendarYear": "2018", "period": "FY", "revenue": 1748300000, "costOfRevenue": 1453700000, "grossProfit": 294600000, "grossProfitRatio": 0.1685065492, "researchAndDevelopmentExpenses": 0, "generalAndAdministrativeExpenses": 208600000, "sellingAndMarketingExpenses": 0, "sellingGeneralAndAdministrativeExpenses": 208600000, "otherExpenses": -900000, "operatingExpenses": 208600000, "costAndExpenses": 1662300000, "interestIncome": 100000, "interestExpense": 8000000, "depreciationAndAmortization": 40500000, "ebitda": 86000000, "ebitdaratio": 0.0491906423, "operatingIncome": 86000000, "operatingIncomeRatio": 0.0491906423, "totalOtherIncomeExpensesNet": -900000, "incomeBeforeTax": 77200000, "incomeBeforeTaxRatio": 0.0441571813, "incomeTaxExpense": 3500000, "netIncome": 15600000, "netIncomeRatio": 0.0089229537, "eps": 0.46, "epsdiluted": 0.45, "weightedAverageShsOut": 34200000, "weightedAverageShsOutDil": 34600000, "link": "https://www.sec.gov/Archives/edgar/data/1750/000104746918004978/0001047469-18-004978-index.htm", "finalLink": "https://www.sec.gov/Archives/edgar/data/1750/000104746918004978/a2236183z10-k.htm", "calculatedOtherExpenses": 0, "calculatedOperatingExpenses": 208600000, "calculatedNetInterest": -7900000, "calculatedOtherIncome": -900000, "calculatedIncomeNonControlling": 58100000, "calculatedEbitda": 126500000}, {"date": "2017-05-31", "symbol": "AIR", "reportedCurrency": "USD", "cik": "0000001750", "fillingDate": "2017-07-12", "acceptedDate": "2017-07-12 15:26:07", "calendarYear": "2017", "period": "FY", "revenue": 1767600000, "costOfRevenue": 1491100000, "grossProfit": 276500000, "grossProfitRatio": 0.1564267934, "researchAndDevelopmentExpenses": 0, "generalAndAdministrativeExpenses": 196700000, "sellingAndMarketingExpenses": 0, "sellingGeneralAndAdministrativeExpenses": 196700000, "otherExpenses": 0, "operatingExpenses": 196700000, "costAndExpenses": 1687800000, "interestIncome": 200000, "interestExpense": 5500000, "depreciationAndAmortization": 71000000, "ebitda": 79800000, "ebitdaratio": 0.0451459606, "operatingIncome": 79600000, "operatingIncomeRatio": 0.0450328129, "totalOtherIncomeExpensesNet": 200000, "incomeBeforeTax": 74300000, "incomeBeforeTaxRatio": 0.0420343969, "incomeTaxExpense": 24100000, "netIncome": 56500000, "netIncomeRatio": 0.0319642453, "eps": 1.66, "epsdiluted": 1.64, "weightedAverageShsOut": 33900000, "weightedAverageShsOutDil": 34300000, "link": "https://www.sec.gov/Archives/edgar/data/1750/000104746917004528/0001047469-17-004528-index.htm", "finalLink": "https://www.sec.gov/Archives/edgar/data/1750/000104746917004528/a2232622z10-k.htm", "calculatedOtherExpenses": 200000, "calculatedOperatingExpenses": 196900000, "calculatedNetInterest": -5300000, "calculatedOtherIncome": 0, "calculatedIncomeNonControlling": -6300000, "calculatedEbitda": 150600000}, {"date": "2016-05-31", "symbol": "AIR", "reportedCurrency": "USD", "cik": "0000001750", "fillingDate": "2016-07-13", "acceptedDate": "2016-07-13 15:13:34", "calendarYear": "2016", "period": "FY", "revenue": 1662600000, "costOfRevenue": 1425700000, "grossProfit": 236900000, "grossProfitRatio": 0.1424876699, "researchAndDevelopmentExpenses": 0, "generalAndAdministrativeExpenses": 170800000, "sellingAndMarketingExpenses": 0, "sellingGeneralAndAdministrativeExpenses": 170800000, "otherExpenses": 0, "operatingExpenses": 170800000, "costAndExpenses": 1596500000, "interestIncome": 300000, "interestExpense": 6400000, "depreciationAndAmortization": 70800000, "ebitda": 66100000, "ebitdaratio": 0.0397570071, "operatingIncome": 65800000, "operatingIncomeRatio": 0.0395765668, "totalOtherIncomeExpensesNet": -700000, "incomeBeforeTax": 59300000, "incomeBeforeTaxRatio": 0.0356670275, "incomeTaxExpense": 18800000, "netIncome": 47700000, "netIncomeRatio": 0.0286900036, "eps": 1.37, "epsdiluted": 1.37, "weightedAverageShsOut": 34400000, "weightedAverageShsOutDil": 34600000, "link": "https://www.sec.gov/Archives/edgar/data/1750/000104746916014299/0001047469-16-014299-index.htm", "finalLink": "https://www.sec.gov/Archives/edgar/data/1750/000104746916014299/a2228768z10-k.htm", "calculatedOtherExpenses": 300000, "calculatedOperatingExpenses": 171100000, "calculatedNetInterest": -6100000, "calculatedOtherIncome": -400000, "calculatedIncomeNonControlling": -7200000, "calculatedEbitda": 136600000}, {"date": "2015-05-31", "symbol": "AIR", "reportedCurrency": "USD", "cik": "0000001750", "fillingDate": "2015-07-15", "acceptedDate": "2015-07-15 16:53:53", "calendarYear": "2015", "period": "FY", "revenue": 1594300000, "costOfRevenue": 1435000000, "grossProfit": 159300000, "grossProfitRatio": 0.0999184595, "researchAndDevelopmentExpenses": 0, "generalAndAdministrativeExpenses": 171400000, "sellingAndMarketingExpenses": 0, "sellingGeneralAndAdministrativeExpenses": 171400000, "otherExpenses": 0, "operatingExpenses": 171400000, "costAndExpenses": 1606400000, "interestIncome": 300000, "interestExpense": 26500000, "depreciationAndAmortization": 123900000, "ebitda": -11600000, "ebitdaratio": -0.0072759205, "operatingIncome": -11900000, "operatingIncomeRatio": -0.0074640908, "totalOtherIncomeExpensesNet": -44700000, "incomeBeforeTax": -83000000, "incomeBeforeTaxRatio": -0.0520604654, "incomeTaxExpense": -28500000, "netIncome": 10200000, "netIncomeRatio": 0.0063977921, "eps": 0.26, "epsdiluted": 0.24, "weightedAverageShsOut": 39100000, "weightedAverageShsOutDil": 39400000, "link": "https://www.sec.gov/Archives/edgar/data/1750/000104746915006136/0001047469-15-006136-index.htm", "finalLink": "https://www.sec.gov/Archives/edgar/data/1750/000104746915006136/a2225345z10-k.htm", "calculatedOtherExpenses": -200000, "calculatedOperatingExpenses": 171200000, "calculatedNetInterest": -26200000, "calculatedOtherIncome": -44900000, "calculatedIncomeNonControlling": -64700000, "calculatedEbitda": 112000000}, {"date": "2014-05-31", "symbol": "AIR", "reportedCurrency": "USD", "cik": "0000001750", "fillingDate": "2014-07-17", "acceptedDate": "2014-07-17 15:35:22", "calendarYear": "2014", "period": "FY", "revenue": 2035000000, "costOfRevenue": 1694800000, "grossProfit": 340200000, "grossProfitRatio": 0.1671744472, "researchAndDevelopmentExpenses": 0, "generalAndAdministrativeExpenses": 197600000, "sellingAndMarketingExpenses": 0, "sellingGeneralAndAdministrativeExpenses": 197600000, "otherExpenses": 0, "operatingExpenses": 197600000, "costAndExpenses": 1892400000, "interestIncome": 1600000, "interestExpense": 42000000, "depreciationAndAmortization": 113400000, "ebitda": 147300000, "ebitdaratio": 0.0723832924, "operatingIncome": 145700000, "operatingIncomeRatio": 0.0715970516, "totalOtherIncomeExpensesNet": 3100000, "incomeBeforeTax": 105300000, "incomeBeforeTaxRatio": 0.0517444717, "incomeTaxExpense": 32100000, "netIncome": 72900000, "netIncomeRatio": 0.0358230958, "eps": 1.85, "epsdiluted": 1.83, "weightedAverageShsOut": 38600000, "weightedAverageShsOutDil": 39100000, "link": "https://www.sec.gov/Archives/edgar/data/1750/000104746914006243/0001047469-14-006243-index.htm", "finalLink": "https://www.sec.gov/Archives/edgar/data/1750/000104746914006243/a2220733z10-k.htm", "calculatedOtherExpenses": -3100000, "calculatedOperatingExpenses": 194500000, "calculatedNetInterest": -40400000, "calculatedOtherIncome": 0, "calculatedIncomeNonControlling": 300000, "calculatedEbitda": 259100000}, {"date": "2013-05-31", "symbol": "AIR", "reportedCurrency": "USD", "cik": "0000001750", "fillingDate": "2013-07-26", "acceptedDate": "2013-07-25 21:33:58", "calendarYear": "2013", "period": "FY", "revenue": 2137300000, "costOfRevenue": 1823100000, "grossProfit": 314200000, "grossProfitRatio": 0.1470079072, "researchAndDevelopmentExpenses": 0, "generalAndAdministrativeExpenses": 198400000, "sellingAndMarketingExpenses": 0, "sellingGeneralAndAdministrativeExpenses": 198400000, "otherExpenses": 0, "operatingExpenses": 198400000, "costAndExpenses": 2021500000, "interestIncome": 1500000, "interestExpense": 41600000, "depreciationAndAmortization": 108600000, "ebitda": 124100000, "ebitdaratio": 0.0580639124, "operatingIncome": 122600000, "operatingIncomeRatio": 0.0573620924, "totalOtherIncomeExpensesNet": 6500000, "incomeBeforeTax": 82200000, "incomeBeforeTaxRatio": 0.0384597389, "incomeTaxExpense": 26700000, "netIncome": 55000000, "netIncomeRatio": 0.025733402, "eps": 1.38, "epsdiluted": 1.38, "weightedAverageShsOut": 38300000, "weightedAverageShsOutDil": 40600000, "link": "https://www.sec.gov/Archives/edgar/data/1750/000104746913007797/0001047469-13-007797-index.htm", "finalLink": "https://www.sec.gov/Archives/edgar/data/1750/000104746913007797/a2216052z10-k.htm", "calculatedOtherExpenses": -6800000, "calculatedOperatingExpenses": 191600000, "calculatedNetInterest": -40100000, "calculatedOtherIncome": -300000, "calculatedIncomeNonControlling": 500000, "calculatedEbitda": 231200000}, {"date": "2012-05-31", "symbol": "AIR", "reportedCurrency": "USD", "cik": "0000001750", "fillingDate": "2012-07-19", "acceptedDate": "2012-07-19 17:05:47", "calendarYear": "2012", "period": "FY", "revenue": 2064998000, "costOfRevenue": 1746441000, "grossProfit": 318557000, "grossProfitRatio": 0.1542650405, "researchAndDevelopmentExpenses": 0, "generalAndAdministrativeExpenses": 189397000, "sellingAndMarketingExpenses": 0, "sellingGeneralAndAdministrativeExpenses": 189397000, "otherExpenses": -1542000, "operatingExpenses": 187855000, "costAndExpenses": 1934296000, "interestIncome": 1243000, "interestExpense": 37772000, "depreciationAndAmortization": 80333000, "ebitda": 131945000, "ebitdaratio": 0.0638959457, "operatingIncome": 130702000, "operatingIncomeRatio": 0.063294008, "totalOtherIncomeExpensesNet": -664000, "incomeBeforeTax": 93509000, "incomeBeforeTaxRatio": 0.0452828526, "incomeTaxExpense": 25480000, "netIncome": 67723000, "netIncomeRatio": 0.0327956734, "eps": 1.68, "epsdiluted": 1.65, "weightedAverageShsOut": 38800000, "weightedAverageShsOutDil": 43100000, "link": "https://www.sec.gov/Archives/edgar/data/1750/000104746912007300/0001047469-12-007300-index.htm", "finalLink": "https://www.sec.gov/Archives/edgar/data/1750/000104746912007300/a2210166z10-k.htm", "calculatedOtherExpenses": -1542000, "calculatedOperatingExpenses": 187855000, "calculatedNetInterest": -36529000, "calculatedOtherIncome": -664000, "calculatedIncomeNonControlling": 306000, "calculatedEbitda": 211035000}, {"date": "2011-05-31", "symbol": "AIR", "reportedCurrency": "USD", "cik": "0000001750", "fillingDate": "2011-07-13", "acceptedDate": "2011-07-13 16:32:08", "calendarYear": "2011", "period": "FY", "revenue": 1775782000, "costOfRevenue": 1472722000, "grossProfit": 303060000, "grossProfitRatio": 0.1706628404, "researchAndDevelopmentExpenses": 0, "generalAndAdministrativeExpenses": 173599000, "sellingAndMarketingExpenses": 0, "sellingGeneralAndAdministrativeExpenses": 173599000, "otherExpenses": -8699000, "operatingExpenses": 170255000, "costAndExpenses": 1642977000, "interestIncome": 349000, "interestExpense": 30670000, "depreciationAndAmortization": 59296000, "ebitda": 133154000, "ebitdaratio": 0.0749833031, "operatingIncome": 138727000, "operatingIncomeRatio": 0.0781216388, "totalOtherIncomeExpensesNet": 6019000, "incomeBeforeTax": 108503000, "incomeBeforeTaxRatio": 0.0611015316, "incomeTaxExpense": 35364000, "netIncome": 69826000, "netIncomeRatio": 0.039321268, "eps": 1.76, "epsdiluted": 1.73, "weightedAverageShsOut": 38400000, "weightedAverageShsOutDil": 43600000, "link": "https://www.sec.gov/Archives/edgar/data/1750/000104746911006302/0001047469-11-006302-index.htm", "finalLink": "https://www.sec.gov/Archives/edgar/data/1750/000104746911006302/a2204709z10-k.htm", "calculatedOtherExpenses": -9266000, "calculatedOperatingExpenses": 164333000, "calculatedNetInterest": -30321000, "calculatedOtherIncome": 97000, "calculatedIncomeNonControlling": 3313000, "calculatedEbitda": 198023000}, {"date": "2010-05-31", "symbol": "AIR", "reportedCurrency": "USD", "cik": "0000001750", "fillingDate": "2010-07-16", "acceptedDate": "2010-07-16 15:54:01", "calendarYear": "2010", "period": "FY", "revenue": 1352151000, "costOfRevenue": 1108632000, "grossProfit": 243519000, "grossProfitRatio": 0.1800974891, "researchAndDevelopmentExpenses": 0, "generalAndAdministrativeExpenses": 153299000, "sellingAndMarketingExpenses": 0, "sellingGeneralAndAdministrativeExpenses": 153299000, "otherExpenses": 0, "operatingExpenses": 153299000, "costAndExpenses": 1261931000, "interestIncome": 945000, "interestExpense": 26832000, "depreciationAndAmortization": 38930000, "ebitda": 91277000, "ebitdaratio": 0.0675050346, "operatingIncome": 90332000, "operatingIncomeRatio": 0.0668061481, "totalOtherIncomeExpensesNet": -145000, "incomeBeforeTax": 64188000, "incomeBeforeTaxRatio": 0.0474710295, "incomeTaxExpense": 20986000, "netIncome": 44628000, "netIncomeRatio": 0.0330051895, "eps": 1.17, "epsdiluted": 1.16, "weightedAverageShsOut": 38182000, "weightedAverageShsOutDil": 43091000, "link": "https://www.sec.gov/Archives/edgar/data/1750/000104746910006500/0001047469-10-006500-index.htm", "finalLink": "https://www.sec.gov/Archives/edgar/data/1750/000104746910006500/a2199382z10-k.htm", "calculatedOtherExpenses": -112000, "calculatedOperatingExpenses": 153187000, "calculatedNetInterest": -25887000, "calculatedOtherIncome": -257000, "calculatedIncomeNonControlling": -1426000, "calculatedEbitda": 129262000}, {"date": "2009-05-31", "symbol": "AIR", "reportedCurrency": "USD", "cik": "0000001750", "fillingDate": "2009-07-16", "acceptedDate": "2009-07-16 16:14:32", "calendarYear": "2009", "period": "FY", "revenue": 1423976000, "costOfRevenue": 1182361000, "grossProfit": 241615000, "grossProfitRatio": 0.1696763148, "researchAndDevelopmentExpenses": 0, "generalAndAdministrativeExpenses": 147219000, "sellingAndMarketingExpenses": 0, "sellingGeneralAndAdministrativeExpenses": 147219000, "otherExpenses": 0, "operatingExpenses": 155715000, "costAndExpenses": 1338076000, "interestIncome": 1465000, "interestExpense": 18371000, "depreciationAndAmortization": 40551000, "ebitda": 102964000, "ebitdaratio": 0.0723073984, "operatingIncome": 102892000, "operatingIncomeRatio": 0.0722568358, "totalOtherIncomeExpensesNet": 35316000, "incomeBeforeTax": 119909000, "incomeBeforeTaxRatio": 0.0842071776, "incomeTaxExpense": 39309000, "netIncome": 78651000, "netIncomeRatio": 0.0552333747, "eps": 1.49, "epsdiluted": 1.45, "weightedAverageShsOut": 38059000, "weightedAverageShsOutDil": 42809000, "link": "https://www.sec.gov/Archives/edgar/data/1750/000104746909006783/0001047469-09-006783-index.htm", "finalLink": "https://www.sec.gov/Archives/edgar/data/1750/000104746909006783/a2193700z10-k.htm", "calculatedOtherExpenses": -8496000, "calculatedOperatingExpenses": 138723000, "calculatedNetInterest": -16906000, "calculatedOtherIncome": 33923000, "calculatedIncomeNonControlling": 1949000, "calculatedEbitda": 143443000}, {"date": "2008-05-31", "symbol": "AIR", "reportedCurrency": "USD", "cik": "0000001750", "fillingDate": "2008-07-11", "acceptedDate": "2008-07-11 17:20:22", "calendarYear": "2008", "period": "FY", "revenue": 1384919000, "costOfRevenue": 1120847000, "grossProfit": 264072000, "grossProfitRatio": 0.1906768555, "researchAndDevelopmentExpenses": 0, "generalAndAdministrativeExpenses": 135502000, "sellingAndMarketingExpenses": 0, "sellingGeneralAndAdministrativeExpenses": 135502000, "otherExpenses": -5948000, "operatingExpenses": 129554000, "costAndExpenses": 1250401000, "interestIncome": 0, "interestExpense": -20578000, "depreciationAndAmortization": 39952000, "ebitda": 174675000, "ebitdaratio": 0.1261265099, "operatingIncome": 134518000, "operatingIncomeRatio": 0.0971305903, "totalOtherIncomeExpensesNet": 5743000, "incomeBeforeTax": 116088000, "incomeBeforeTaxRatio": 0.0838229528, "incomeTaxExpense": 40343000, "netIncome": 75144000, "netIncomeRatio": 0.0542587689, "eps": 1.83, "epsdiluted": 1.71, "weightedAverageShsOut": 37194000, "weightedAverageShsOutDil": 43745000, "link": "https://www.sec.gov/Archives/edgar/data/1750/000104746908008126/0001047469-08-008126-index.htm", "finalLink": "https://www.sec.gov/Archives/edgar/data/1750/000104746908008126/a2186742z10-k.htm", "calculatedOtherExpenses": -5948000, "calculatedOperatingExpenses": 129554000, "calculatedNetInterest": 20578000, "calculatedOtherIncome": -39008000, "calculatedIncomeNonControlling": 601000, "calculatedEbitda": 174470000}, {"date": "2007-05-31", "symbol": "AIR", "reportedCurrency": "USD", "cik": "0000001750", "fillingDate": "2007-07-20", "acceptedDate": "2007-07-20 15:44:39", "calendarYear": "2007", "period": "FY", "revenue": 1061169000, "costOfRevenue": 877022000, "grossProfit": 184147000, "grossProfitRatio": 0.1735322083, "researchAndDevelopmentExpenses": 0, "generalAndAdministrativeExpenses": 105091000, "sellingAndMarketingExpenses": 0, "sellingGeneralAndAdministrativeExpenses": 105091000, "otherExpenses": -16310000, "operatingExpenses": 88781000, "costAndExpenses": 965803000, "interestIncome": 0, "interestExpense": -16701000, "depreciationAndAmortization": 32199000, "ebitda": 119280000, "ebitdaratio": 0.112404339, "operatingIncome": 95366000, "operatingIncomeRatio": 0.0898688145, "totalOtherIncomeExpensesNet": 19237000, "incomeBeforeTax": 87421000, "incomeBeforeTaxRatio": 0.0823817884, "incomeTaxExpense": 27974000, "netIncome": 58660000, "netIncomeRatio": 0.0552786597, "eps": 1.61, "epsdiluted": 1.4, "weightedAverageShsOut": 36434783, "weightedAverageShsOutDil": 41900000, "link": "https://www.sec.gov/Archives/edgar/data/1750/000110465907055173/0001104659-07-055173-index.htm", "finalLink": "https://www.sec.gov/Archives/edgar/data/1750/000110465907055173/a07-18543_110k.htm", "calculatedOtherExpenses": -16310000, "calculatedOperatingExpenses": 88781000, "calculatedNetInterest": 16701000, "calculatedOtherIncome": -24646000, "calculatedIncomeNonControlling": 787000, "calculatedEbitda": 127565000}, {"date": "2006-05-31", "symbol": "AIR", "reportedCurrency": "USD", "cik": "0000001750", "fillingDate": "2006-07-17", "acceptedDate": "2006-07-17 13:42:14", "calendarYear": "2006", "period": "FY", "revenue": 897284000, "costOfRevenue": 733303000, "grossProfit": 163981000, "grossProfitRatio": 0.1827526179, "researchAndDevelopmentExpenses": 0, "generalAndAdministrativeExpenses": 101326000, "sellingAndMarketingExpenses": 0, "sellingGeneralAndAdministrativeExpenses": 101326000, "otherExpenses": -1502000, "operatingExpenses": 99824000, "costAndExpenses": 833127000, "interestIncome": 3236000, "interestExpense": -18004000, "depreciationAndAmortization": 29222000, "ebitda": 97272000, "ebitdaratio": 0.1084071487, "operatingIncome": 64157000, "operatingIncomeRatio": 0.0715013307, "totalOtherIncomeExpensesNet": -2391000, "incomeBeforeTax": 45496000, "incomeBeforeTaxRatio": 0.0507041249, "incomeTaxExpense": 10333000, "netIncome": 35163000, "netIncomeRatio": 0.0391882615, "eps": 1.05, "epsdiluted": 0.94, "weightedAverageShsOut": 33488571, "weightedAverageShsOutDil": 37407447, "link": "https://www.sec.gov/Archives/edgar/data/1750/000110465906047248/0001104659-06-047248-index.htm", "finalLink": "https://www.sec.gov/Archives/edgar/data/1750/000110465906047248/a06-15961_110k.htm", "calculatedOtherExpenses": -1502000, "calculatedOperatingExpenses": 99824000, "calculatedNetInterest": 21240000, "calculatedOtherIncome": -39901000, "calculatedIncomeNonControlling": 0, "calculatedEbitda": 93379000}, {"date": "2005-05-31", "symbol": "AIR", "reportedCurrency": "USD", "cik": "0000001750", "fillingDate": "2005-07-22", "acceptedDate": "2005-07-22 17:06:21", "calendarYear": "2005", "period": "FY", "revenue": 747848000, "costOfRevenue": 627022000, "grossProfit": 120826000, "grossProfitRatio": 0.1615649169, "researchAndDevelopmentExpenses": 0, "generalAndAdministrativeExpenses": 87902000, "sellingAndMarketingExpenses": 0, "sellingGeneralAndAdministrativeExpenses": 87902000, "otherExpenses": -568000, "operatingExpenses": 87334000, "costAndExpenses": 714356000, "interestIncome": 1502000, "interestExpense": -16917000, "depreciationAndAmortization": 27950000, "ebitda": 57880000, "ebitdaratio": 0.0773954066, "operatingIncome": 33492000, "operatingIncomeRatio": 0.0447845017, "totalOtherIncomeExpensesNet": 4130000, "incomeBeforeTax": 21639000, "incomeBeforeTaxRatio": 0.0289350242, "incomeTaxExpense": 3067000, "netIncome": 15453000, "netIncomeRatio": 0.0206632899, "eps": 0.48, "epsdiluted": 0.46, "weightedAverageShsOut": 32193750, "weightedAverageShsOutDil": 33593478, "link": "https://www.sec.gov/Archives/edgar/data/1750/000110465905033688/0001104659-05-033688-index.htm", "finalLink": "https://www.sec.gov/Archives/edgar/data/1750/000110465905033688/a05-12324_110k.htm", "calculatedOtherExpenses": -568000, "calculatedOperatingExpenses": 87334000, "calculatedNetInterest": 18419000, "calculatedOtherIncome": -30272000, "calculatedIncomeNonControlling": 3119000, "calculatedEbitda": 61442000}, {"date": "2004-05-31", "symbol": "AIR", "reportedCurrency": "USD", "cik": "0000001750", "fillingDate": "2004-07-22", "acceptedDate": "2004-07-22 12:57:20", "calendarYear": "2004", "period": "FY", "revenue": 651958000, "costOfRevenue": 551251000, "grossProfit": 100707000, "grossProfitRatio": 0.1544685394, "researchAndDevelopmentExpenses": 0, "generalAndAdministrativeExpenses": 81929000, "sellingAndMarketingExpenses": 0, "sellingGeneralAndAdministrativeExpenses": 81929000, "otherExpenses": 0, "operatingExpenses": 81929000, "costAndExpenses": 633180000, "interestIncome": 1748000, "interestExpense": -18819000, "depreciationAndAmortization": 26680000, "ebitda": 45458000, "ebitdaratio": 0.0697253504, "operatingIncome": 18778000, "operatingIncomeRatio": 0.0288024689, "totalOtherIncomeExpensesNet": -17071000, "incomeBeforeTax": 1707000, "incomeBeforeTaxRatio": 0.0026182668, "incomeTaxExpense": -1797000, "netIncome": 3504000, "netIncomeRatio": 0.0053745793, "eps": 0.11, "epsdiluted": 0.11, "weightedAverageShsOut": 31854545, "weightedAverageShsOutDil": 31854545, "link": "https://www.sec.gov/Archives/edgar/data/1750/000104746904023905/0001047469-04-023905-index.htm", "finalLink": "https://www.sec.gov/Archives/edgar/data/1750/000104746904023905/a2140220z10-k.htm", "calculatedOtherExpenses": 0, "calculatedOperatingExpenses": 81929000, "calculatedNetInterest": 20567000, "calculatedOtherIncome": -37638000, "calculatedIncomeNonControlling": 0, "calculatedEbitda": 45458000}, {"date": "2003-05-31", "symbol": "AIR", "reportedCurrency": "USD", "cik": "0000001750", "fillingDate": "2003-08-18", "acceptedDate": "2003-08-18 11:31:26", "calendarYear": "2003", "period": "FY", "revenue": 606337000, "costOfRevenue": 523919000, "grossProfit": 82418000, "grossProfitRatio": 0.1359277102, "researchAndDevelopmentExpenses": 0, "generalAndAdministrativeExpenses": 84205000, "sellingAndMarketingExpenses": 0, "sellingGeneralAndAdministrativeExpenses": 84205000, "otherExpenses": 0, "operatingExpenses": 84205000, "costAndExpenses": 608124000, "interestIncome": 1836000, "interestExpense": -19539000, "depreciationAndAmortization": 27172000, "ebitda": 25385000, "ebitdaratio": 0.0418661569, "operatingIncome": -1787000, "operatingIncomeRatio": -0.0029472059, "totalOtherIncomeExpensesNet": -17703000, "incomeBeforeTax": -19490000, "incomeBeforeTaxRatio": -0.0321438408, "incomeTaxExpense": -7080000, "netIncome": -12410000, "netIncomeRatio": -0.0204671659, "eps": -0.39, "epsdiluted": -0.39, "weightedAverageShsOut": 31820513, "weightedAverageShsOutDil": 31820513, "link": "https://www.sec.gov/Archives/edgar/data/1750/000104746903028005/0001047469-03-028005-index.htm", "finalLink": "https://www.sec.gov/Archives/edgar/data/1750/000104746903028005/a2116671z10-k.htm", "calculatedOtherExpenses": 0, "calculatedOperatingExpenses": 84205000, "calculatedNetInterest": 21375000, "calculatedOtherIncome": -39078000, "calculatedIncomeNonControlling": 0, "calculatedEbitda": 25385000}, {"date": "2002-05-31", "symbol": "AIR", "reportedCurrency": "USD", "cik": "0000001750", "fillingDate": "2002-08-26", "acceptedDate": "2002-08-26 12:33:23", "calendarYear": "2002", "period": "FY", "revenue": 638754000, "costOfRevenue": 624873000, "grossProfit": 13881000, "grossProfitRatio": 0.0217313708, "researchAndDevelopmentExpenses": 0, "generalAndAdministrativeExpenses": 85037000, "sellingAndMarketingExpenses": 0, "sellingGeneralAndAdministrativeExpenses": 85037000, "otherExpenses": 10133000, "operatingExpenses": 95170000, "costAndExpenses": 720043000, "interestIncome": 2858000, "interestExpense": -19798000, "depreciationAndAmortization": 22496000, "ebitda": -48693000, "ebitdaratio": -0.0762312252, "operatingIncome": -81289000, "operatingIncomeRatio": -0.1272618254, "totalOtherIncomeExpensesNet": -10100000, "incomeBeforeTax": -98229000, "incomeBeforeTaxRatio": -0.1537822072, "incomeTaxExpense": -39290000, "netIncome": -58939000, "netIncomeRatio": -0.0922718292, "eps": -2.08, "epsdiluted": -2.08, "weightedAverageShsOut": 28336058, "weightedAverageShsOutDil": 28336058, "link": "https://www.sec.gov/Archives/edgar/data/1750/000091205702033450/0000912057-02-033450-index.htm", "finalLink": "https://www.sec.gov/Archives/edgar/data/1750/000091205702033450/a2087919z10-k.htm", "calculatedOtherExpenses": 10133000, "calculatedOperatingExpenses": 95170000, "calculatedNetInterest": 22656000, "calculatedOtherIncome": -39596000, "calculatedIncomeNonControlling": 0, "calculatedEbitda": -58793000}, {"date": "2001-05-31", "symbol": "AIR", "reportedCurrency": "USD", "cik": "0000001750", "fillingDate": "2001-08-27", "acceptedDate": "2001-08-27 00:00:00", "calendarYear": "2001", "period": "FY", "revenue": 874255000, "costOfRevenue": 737788000, "grossProfit": 136467000, "grossProfitRatio": 0.1560951896, "researchAndDevelopmentExpenses": 0, "generalAndAdministrativeExpenses": 96077000, "sellingAndMarketingExpenses": 0, "sellingGeneralAndAdministrativeExpenses": 96077000, "otherExpenses": 0, "operatingExpenses": 96077000, "costAndExpenses": 833865000, "interestIncome": 1717000, "interestExpense": -21887000, "depreciationAndAmortization": 18577000, "ebitda": 58967000, "ebitdaratio": 0.0674482845, "operatingIncome": 40390000, "operatingIncomeRatio": 0.0461993354, "totalOtherIncomeExpensesNet": -20170000, "incomeBeforeTax": 20220000, "incomeBeforeTaxRatio": 0.0231282635, "incomeTaxExpense": 1689000, "netIncome": 18531000, "netIncomeRatio": 0.0211963329, "eps": 0.69, "epsdiluted": 0.69, "weightedAverageShsOut": 26856522, "weightedAverageShsOutDil": 26856522, "link": "https://www.sec.gov/Archives/edgar/data/1750/000091205701530303/0000912057-01-530303-index.htm", "finalLink": "https://www.sec.gov/Archives/edgar/data/1750/000091205701530303/a2057151z10-k405.htm", "calculatedOtherExpenses": 0, "calculatedOperatingExpenses": 96077000, "calculatedNetInterest": 23604000, "calculatedOtherIncome": -43774000, "calculatedIncomeNonControlling": 0, "calculatedEbitda": 58967000}, {"date": "2000-05-31", "symbol": "AIR", "reportedCurrency": "USD", "cik": "0000001750", "fillingDate": "2000-08-24", "acceptedDate": "2000-08-24 00:00:00", "calendarYear": "2000", "period": "FY", "revenue": 1024333000, "costOfRevenue": 851480000, "grossProfit": 172853000, "grossProfitRatio": 0.1687468821, "researchAndDevelopmentExpenses": 0, "generalAndAdministrativeExpenses": 102195000, "sellingAndMarketingExpenses": 0, "sellingGeneralAndAdministrativeExpenses": 102195000, "otherExpenses": 0, "operatingExpenses": 102195000, "costAndExpenses": 953675000, "interestIncome": 0, "interestExpense": 0, "depreciationAndAmortization": 18373000, "ebitda": 89031000, "ebitdaratio": 0.0869160712, "operatingIncome": 70658000, "operatingIncomeRatio": 0.0689795213, "totalOtherIncomeExpensesNet": -21132000, "incomeBeforeTax": 49526000, "incomeBeforeTaxRatio": 0.0483495113, "incomeTaxExpense": 14363000, "netIncome": 35163000, "netIncomeRatio": 0.034327704, "eps": 1.3, "epsdiluted": 1.28, "weightedAverageShsOut": 26857000, "weightedAverageShsOutDil": 26857000, "link": "https://www.sec.gov/Archives/edgar/data/1750/000091205700039006/0000912057-00-039006-index.htm", "finalLink": "https://www.sec.gov/Archives/edgar/data/1750/000091205700039006/a10-k405.txt", "calculatedOtherExpenses": 0, "calculatedOperatingExpenses": 102195000, "calculatedNetInterest": 0, "calculatedOtherIncome": -21132000, "calculatedIncomeNonControlling": 0, "calculatedEbitda": 89031000}, {"date": "1999-05-31", "symbol": "AIR", "reportedCurrency": "USD", "cik": "0000001750", "fillingDate": "1999-08-18", "acceptedDate": "1999-08-18 00:00:00", "calendarYear": "1999", "period": "FY", "revenue": 918036000, "costOfRevenue": 744777000, "grossProfit": 173259000, "grossProfitRatio": 0.188727893, "researchAndDevelopmentExpenses": 0, "generalAndAdministrativeExpenses": 95878000, "sellingAndMarketingExpenses": 0, "sellingGeneralAndAdministrativeExpenses": 95878000, "otherExpenses": 0, "operatingExpenses": 95878000, "costAndExpenses": 840655000, "interestIncome": 0, "interestExpense": 0, "depreciationAndAmortization": 17063000, "ebitda": 94444000, "ebitdaratio": 0.1028761399, "operatingIncome": 77381000, "operatingIncomeRatio": 0.0842897228, "totalOtherIncomeExpensesNet": -17595000, "incomeBeforeTax": 59786000, "incomeBeforeTaxRatio": 0.0651238078, "incomeTaxExpense": 18115000, "netIncome": 41671000, "netIncomeRatio": 0.0453914661, "eps": 1.51, "epsdiluted": 1.49, "weightedAverageShsOut": 27615894, "weightedAverageShsOutDil": 27986577, "link": "https://www.sec.gov/Archives/edgar/data/1750/000104746999032978/0001047469-99-032978-index.html", "finalLink": "https://www.sec.gov/Archives/edgar/data/1750/000104746999032978/", "calculatedOtherExpenses": 0, "calculatedOperatingExpenses": 95878000, "calculatedNetInterest": 0, "calculatedOtherIncome": -17595000, "calculatedIncomeNonControlling": 0, "calculatedEbitda": 94444000}, {"date": "1998-05-31", "symbol": "AIR", "reportedCurrency": "USD", "cik": "0000001750", "fillingDate": "1998-08-20", "acceptedDate": "1998-08-20 00:00:00", "calendarYear": "1998", "period": "FY", "revenue": 782123000, "costOfRevenue": 633717000, "grossProfit": 148406000, "grossProfitRatio": 0.1897476484, "researchAndDevelopmentExpenses": 0, "generalAndAdministrativeExpenses": 83690000, "sellingAndMarketingExpenses": 0, "sellingGeneralAndAdministrativeExpenses": 83690000, "otherExpenses": 0, "operatingExpenses": 83690000, "costAndExpenses": 717407000, "interestIncome": 0, "interestExpense": 0, "depreciationAndAmortization": 14283000, "ebitda": 78999000, "ebitdaratio": 0.101005852, "operatingIncome": 64716000, "operatingIncomeRatio": 0.0827440185, "totalOtherIncomeExpensesNet": -13559000, "incomeBeforeTax": 51157000, "incomeBeforeTaxRatio": 0.0654078706, "incomeTaxExpense": 15500000, "netIncome": 35657000, "netIncomeRatio": 0.0455900159, "eps": 1.29, "epsdiluted": 1.27, "weightedAverageShsOut": 27674419, "weightedAverageShsOutDil": 28110236, "link": "https://www.sec.gov/Archives/edgar/data/1750/000104746998032283/0001047469-98-032283-index.html", "finalLink": "https://www.sec.gov/Archives/edgar/data/1750/", "calculatedOtherExpenses": 0, "calculatedOperatingExpenses": 83690000, "calculatedNetInterest": 0, "calculatedOtherIncome": -13559000, "calculatedIncomeNonControlling": 0, "calculatedEbitda": 78999000}, {"date": "1997-05-31", "symbol": "AIR", "reportedCurrency": "USD", "cik": "0000001750", "fillingDate": "1997-08-22", "acceptedDate": "1997-08-22 00:00:00", "calendarYear": "1997", "period": "FY", "revenue": 589328000, "costOfRevenue": 480787000, "grossProfit": 108541000, "grossProfitRatio": 0.1841775717, "researchAndDevelopmentExpenses": 0, "generalAndAdministrativeExpenses": 65651000, "sellingAndMarketingExpenses": 0, "sellingGeneralAndAdministrativeExpenses": 65651000, "otherExpenses": 0, "operatingExpenses": 65651000, "costAndExpenses": 546438000, "interestIncome": 0, "interestExpense": 0, "depreciationAndAmortization": 12287000, "ebitda": 55177000, "ebitdaratio": 0.0936269785, "operatingIncome": 42890000, "operatingIncomeRatio": 0.0727778079, "totalOtherIncomeExpensesNet": -9915000, "incomeBeforeTax": 32975000, "incomeBeforeTaxRatio": 0.0559535607, "incomeTaxExpense": 9950000, "netIncome": 23025000, "netIncomeRatio": 0.0390699237, "eps": 0.92, "epsdiluted": 0.92, "weightedAverageShsOut": 25027174, "weightedAverageShsOutDil": 25027174, "link": "https://www.sec.gov/Archives/edgar/data/1750/000091205797028915/0000912057-97-028915-index.html", "finalLink": "https://www.sec.gov/Archives/edgar/data/1750/", "calculatedOtherExpenses": 0, "calculatedOperatingExpenses": 65651000, "calculatedNetInterest": 0, "calculatedOtherIncome": -9915000, "calculatedIncomeNonControlling": 0, "calculatedEbitda": 55177000}, {"date": "1996-05-31", "symbol": "AIR", "reportedCurrency": "USD", "cik": "0000001750", "fillingDate": "1996-08-20", "acceptedDate": "1996-08-20 00:00:00", "calendarYear": "1996", "period": "FY", "revenue": 504990000, "costOfRevenue": 414225000, "grossProfit": 90765000, "grossProfitRatio": 0.1797362324, "researchAndDevelopmentExpenses": 0, "generalAndAdministrativeExpenses": 58323000, "sellingAndMarketingExpenses": 0, "sellingGeneralAndAdministrativeExpenses": 58323000, "otherExpenses": 0, "operatingExpenses": 58323000, "costAndExpenses": 472548000, "interestIncome": 0, "interestExpense": 0, "depreciationAndAmortization": 10115000, "ebitda": 42557000, "ebitdaratio": 0.0842729559, "operatingIncome": 32442000, "operatingIncomeRatio": 0.0642428563, "totalOtherIncomeExpensesNet": -9660000, "incomeBeforeTax": 22782000, "incomeBeforeTaxRatio": 0.0451137646, "incomeTaxExpense": 6770000, "netIncome": 16012000, "netIncomeRatio": 0.0317075586, "eps": 0.67, "epsdiluted": 0.67, "weightedAverageShsOut": 24018000, "weightedAverageShsOutDil": 24018000, "link": "https://www.sec.gov/Archives/edgar/data/1750/000091205796018355/0000912057-96-018355-index.html", "finalLink": "https://www.sec.gov/Archives/edgar/data/1750/", "calculatedOtherExpenses": 0, "calculatedOperatingExpenses": 58323000, "calculatedNetInterest": 0, "calculatedOtherIncome": -9660000, "calculatedIncomeNonControlling": 0, "calculatedEbitda": 42557000}, {"date": "1995-05-31", "symbol": "AIR", "reportedCurrency": "USD", "cik": "0000001750", "fillingDate": "1995-08-11", "acceptedDate": "1995-08-11 00:00:00", "calendarYear": "1995", "period": "FY", "revenue": 451395000, "costOfRevenue": 373524000, "grossProfit": 77871000, "grossProfitRatio": 0.1725118798, "researchAndDevelopmentExpenses": 0, "generalAndAdministrativeExpenses": 53433000, "sellingAndMarketingExpenses": 0, "sellingGeneralAndAdministrativeExpenses": 53433000, "otherExpenses": 0, "operatingExpenses": 53433000, "costAndExpenses": 426957000, "interestIncome": 0, "interestExpense": 0, "depreciationAndAmortization": 10328000, "ebitda": 34766000, "ebitdaratio": 0.0770190188, "operatingIncome": 24438000, "operatingIncomeRatio": 0.0541388363, "totalOtherIncomeExpensesNet": -9725000, "incomeBeforeTax": 14713000, "incomeBeforeTaxRatio": 0.0325945126, "incomeTaxExpense": 4250000, "netIncome": 10463000, "netIncomeRatio": 0.0231792554, "eps": 0.44, "epsdiluted": 0.44, "weightedAverageShsOut": 23779545, "weightedAverageShsOutDil": 23872000, "link": "https://www.sec.gov/Archives/edgar/data/1750/000091205795006316/0000912057-95-006316-index.html", "finalLink": "https://www.sec.gov/Archives/edgar/data/1750/", "calculatedOtherExpenses": 0, "calculatedOperatingExpenses": 53433000, "calculatedNetInterest": 0, "calculatedOtherIncome": -9725000, "calculatedIncomeNonControlling": 0, "calculatedEbitda": 34766000}, {"date": "1994-05-31", "symbol": "AIR", "reportedCurrency": "USD", "cik": "0000001750", "fillingDate": "1994-08-24", "acceptedDate": "1994-08-24 00:00:00", "calendarYear": "1994", "period": "FY", "revenue": 407754000, "costOfRevenue": 335844000, "grossProfit": 71910000, "grossProfitRatio": 0.1763563325, "researchAndDevelopmentExpenses": 0, "generalAndAdministrativeExpenses": 50086000, "sellingAndMarketingExpenses": 0, "sellingGeneralAndAdministrativeExpenses": 50086000, "otherExpenses": 0, "operatingExpenses": 50086000, "costAndExpenses": 385930000, "interestIncome": 0, "interestExpense": 0, "depreciationAndAmortization": 9928000, "ebitda": 31752000, "ebitdaratio": 0.0778704807, "operatingIncome": 21824000, "operatingIncomeRatio": 0.053522467, "totalOtherIncomeExpensesNet": -8140000, "incomeBeforeTax": 13684000, "incomeBeforeTaxRatio": 0.0335594501, "incomeTaxExpense": 4200000, "netIncome": 9494000, "netIncomeRatio": 0.0232836465, "eps": 0.4, "epsdiluted": 0.4, "weightedAverageShsOut": 23735000, "weightedAverageShsOutDil": 23844000, "link": "https://www.sec.gov/Archives/edgar/data/1750/000091205794002818/0000912057-94-002818-index.html", "finalLink": "https://www.sec.gov/Archives/edgar/data/1750/", "calculatedOtherExpenses": 0, "calculatedOperatingExpenses": 50086000, "calculatedNetInterest": 0, "calculatedOtherIncome": -8140000, "calculatedIncomeNonControlling": -10000, "calculatedEbitda": 31752000}, {"date": "1993-05-31", "symbol": "AIR", "reportedCurrency": "USD", "cik": "0000001750", "fillingDate": "1993-05-31", "acceptedDate": "1993-05-30 20:00:00", "calendarYear": "1993", "period": "FY", "revenue": 382800000, "costOfRevenue": 303500000, "grossProfit": 79300000, "grossProfitRatio": 0.2071577847, "researchAndDevelopmentExpenses": 0, "generalAndAdministrativeExpenses": 63100000, "sellingAndMarketingExpenses": 0, "sellingGeneralAndAdministrativeExpenses": 63100000, "otherExpenses": 10900000, "operatingExpenses": 74000000, "costAndExpenses": 377500000, "interestIncome": 0, "interestExpense": 0, "depreciationAndAmortization": 10900000, "ebitda": 15400000, "ebitdaratio": 0.0402298851, "operatingIncome": 5300000, "operatingIncomeRatio": 0.0138453501, "totalOtherIncomeExpensesNet": 800000, "incomeBeforeTax": -1900000, "incomeBeforeTaxRatio": -0.0049634274, "incomeTaxExpense": -2200000, "netIncome": 300000, "netIncomeRatio": 0.0007836991, "eps": 0.01, "epsdiluted": 0.01, "weightedAverageShsOut": 30000000, "weightedAverageShsOutDil": 30000000, "link": "", "finalLink": "", "calculatedOtherExpenses": 10900000, "calculatedOperatingExpenses": 74000000, "calculatedNetInterest": 0, "calculatedOtherIncome": -7200000, "calculatedIncomeNonControlling": 0, "calculatedEbitda": 16200000}, {"date": "1992-05-31", "symbol": "AIR", "reportedCurrency": "USD", "cik": "0000001750", "fillingDate": "1992-05-31", "acceptedDate": "1992-05-30 20:00:00", "calendarYear": "1992", "period": "FY", "revenue": 422700000, "costOfRevenue": 327600000, "grossProfit": 95100000, "grossProfitRatio": 0.2249822569, "researchAndDevelopmentExpenses": 0, "generalAndAdministrativeExpenses": 56900000, "sellingAndMarketingExpenses": 0, "sellingGeneralAndAdministrativeExpenses": 56900000, "otherExpenses": 11600000, "operatingExpenses": 68500000, "costAndExpenses": 396100000, "interestIncome": 0, "interestExpense": 0, "depreciationAndAmortization": 11600000, "ebitda": 42800000, "ebitdaratio": 0.1012538443, "operatingIncome": 26600000, "operatingIncomeRatio": 0.0629287911, "totalOtherIncomeExpensesNet": -4600000, "incomeBeforeTax": 13600000, "incomeBeforeTaxRatio": 0.0321741188, "incomeTaxExpense": 3600000, "netIncome": 10000000, "netIncomeRatio": 0.0236574403, "eps": 0.42, "epsdiluted": 0.42, "weightedAverageShsOut": 23809524, "weightedAverageShsOutDil": 23809524, "link": "", "finalLink": "", "calculatedOtherExpenses": 11600000, "calculatedOperatingExpenses": 68500000, "calculatedNetInterest": 0, "calculatedOtherIncome": -13000000, "calculatedIncomeNonControlling": 0, "calculatedEbitda": 38200000}, {"date": "1991-05-31", "symbol": "AIR", "reportedCurrency": "USD", "cik": "0000001750", "fillingDate": "1991-05-31", "acceptedDate": "1991-05-30 20:00:00", "calendarYear": "1991", "period": "FY", "revenue": 466500000, "costOfRevenue": 362600000, "grossProfit": 103900000, "grossProfitRatio": 0.2227224009, "researchAndDevelopmentExpenses": 0, "generalAndAdministrativeExpenses": 61800000, "sellingAndMarketingExpenses": 0, "sellingGeneralAndAdministrativeExpenses": 61800000, "otherExpenses": 11700000, "operatingExpenses": 73500000, "costAndExpenses": 436100000, "interestIncome": 0, "interestExpense": 0, "depreciationAndAmortization": 11700000, "ebitda": 41100000, "ebitdaratio": 0.0881028939, "operatingIncome": 30400000, "operatingIncomeRatio": 0.0651661308, "totalOtherIncomeExpensesNet": 1000000, "incomeBeforeTax": 21400000, "incomeBeforeTaxRatio": 0.0458735263, "incomeTaxExpense": 6600000, "netIncome": 14800000, "netIncomeRatio": 0.0317256163, "eps": 0.62, "epsdiluted": 0.62, "weightedAverageShsOut": 23870968, "weightedAverageShsOutDil": 23870968, "link": "", "finalLink": "", "calculatedOtherExpenses": 11700000, "calculatedOperatingExpenses": 73500000, "calculatedNetInterest": 0, "calculatedOtherIncome": -9000000, "calculatedIncomeNonControlling": 0, "calculatedEbitda": 42100000}, {"date": "1990-05-31", "symbol": "AIR", "reportedCurrency": "USD", "cik": "0000001750", "fillingDate": "1990-05-31", "acceptedDate": "1990-05-30 20:00:00", "calendarYear": "1990", "period": "FY", "revenue": 444900000, "costOfRevenue": 334300000, "grossProfit": 110600000, "grossProfitRatio": 0.2485951899, "researchAndDevelopmentExpenses": 0, "generalAndAdministrativeExpenses": 53900000, "sellingAndMarketingExpenses": 0, "sellingGeneralAndAdministrativeExpenses": 53900000, "otherExpenses": 9800000, "operatingExpenses": 63700000, "costAndExpenses": 398000000, "interestIncome": 0, "interestExpense": 0, "depreciationAndAmortization": 9800000, "ebitda": 55400000, "ebitdaratio": 0.1245223646, "operatingIncome": 46900000, "operatingIncomeRatio": 0.1054169476, "totalOtherIncomeExpensesNet": 1300000, "incomeBeforeTax": 38200000, "incomeBeforeTaxRatio": 0.0858619915, "incomeTaxExpense": 12500000, "netIncome": 25700000, "netIncomeRatio": 0.0577657901, "eps": 1.07, "epsdiluted": 1.07, "weightedAverageShsOut": 24018692, "weightedAverageShsOutDil": 24018692, "link": "", "finalLink": "", "calculatedOtherExpenses": 9800000, "calculatedOperatingExpenses": 63700000, "calculatedNetInterest": 0, "calculatedOtherIncome": -8700000, "calculatedIncomeNonControlling": 0, "calculatedEbitda": 56700000}, {"date": "1989-05-31", "symbol": "AIR", "reportedCurrency": "USD", "cik": "0000001750", "fillingDate": "1989-05-31", "acceptedDate": "1989-05-30 20:00:00", "calendarYear": "1989", "period": "FY", "revenue": 406400000, "costOfRevenue": 302700000, "grossProfit": 103700000, "grossProfitRatio": 0.2551673228, "researchAndDevelopmentExpenses": 0, "generalAndAdministrativeExpenses": 52300000, "sellingAndMarketingExpenses": 0, "sellingGeneralAndAdministrativeExpenses": 52300000, "otherExpenses": 6800000, "operatingExpenses": 59100000, "costAndExpenses": 361800000, "interestIncome": 0, "interestExpense": 0, "depreciationAndAmortization": 6800000, "ebitda": 51200000, "ebitdaratio": 0.125984252, "operatingIncome": 44600000, "operatingIncomeRatio": 0.1097440945, "totalOtherIncomeExpensesNet": 200000, "incomeBeforeTax": 37000000, "incomeBeforeTaxRatio": 0.0910433071, "incomeTaxExpense": 12200000, "netIncome": 24800000, "netIncomeRatio": 0.061023622, "eps": 1.04, "epsdiluted": 1.04, "weightedAverageShsOut": 23846154, "weightedAverageShsOutDil": 23846154, "link": "", "finalLink": "", "calculatedOtherExpenses": 6800000, "calculatedOperatingExpenses": 59100000, "calculatedNetInterest": 0, "calculatedOtherIncome": -7600000, "calculatedIncomeNonControlling": 0, "calculatedEbitda": 51400000}, {"date": "1988-05-31", "symbol": "AIR", "reportedCurrency": "USD", "cik": "0000001750", "fillingDate": "1988-05-31", "acceptedDate": "1988-05-30 20:00:00", "calendarYear": "1988", "period": "FY", "revenue": 347600000, "costOfRevenue": 262000000, "grossProfit": 85600000, "grossProfitRatio": 0.246260069, "researchAndDevelopmentExpenses": 0, "generalAndAdministrativeExpenses": 50300000, "sellingAndMarketingExpenses": 0, "sellingGeneralAndAdministrativeExpenses": 50300000, "otherExpenses": 5700000, "operatingExpenses": 56000000, "costAndExpenses": 318000000, "interestIncome": 0, "interestExpense": 0, "depreciationAndAmortization": 5700000, "ebitda": 28900000, "ebitdaratio": 0.083141542, "operatingIncome": 29600000, "operatingIncomeRatio": 0.085155351, "totalOtherIncomeExpensesNet": 6400000, "incomeBeforeTax": 30400000, "incomeBeforeTaxRatio": 0.087456847, "incomeTaxExpense": 9200000, "netIncome": 21200000, "netIncomeRatio": 0.0609896433, "eps": 0.89, "epsdiluted": 0.89, "weightedAverageShsOut": 23820225, "weightedAverageShsOutDil": 23820225, "link": "", "finalLink": "", "calculatedOtherExpenses": 5700000, "calculatedOperatingExpenses": 56000000, "calculatedNetInterest": 0, "calculatedOtherIncome": 800000, "calculatedIncomeNonControlling": 0, "calculatedEbitda": 35300000}, {"date": "1987-05-31", "symbol": "AIR", "reportedCurrency": "USD", "cik": "0000001750", "fillingDate": "1987-05-31", "acceptedDate": "1987-05-30 20:00:00", "calendarYear": "1987", "period": "FY", "revenue": 298200000, "costOfRevenue": 224500000, "grossProfit": 73700000, "grossProfitRatio": 0.2471495641, "researchAndDevelopmentExpenses": 0, "generalAndAdministrativeExpenses": 39500000, "sellingAndMarketingExpenses": 0, "sellingGeneralAndAdministrativeExpenses": 39500000, "otherExpenses": 5400000, "operatingExpenses": 44900000, "costAndExpenses": 269400000, "interestIncome": 0, "interestExpense": 0, "depreciationAndAmortization": 5400000, "ebitda": 32100000, "ebitdaratio": 0.1076458753, "operatingIncome": 28800000, "operatingIncomeRatio": 0.0965794769, "totalOtherIncomeExpensesNet": 2100000, "incomeBeforeTax": 27600000, "incomeBeforeTaxRatio": 0.092555332, "incomeTaxExpense": 12200000, "netIncome": 15400000, "netIncomeRatio": 0.0516431925, "eps": 0.67, "epsdiluted": 0.67, "weightedAverageShsOut": 22985075, "weightedAverageShsOutDil": 22985075, "link": "", "finalLink": "", "calculatedOtherExpenses": 5400000, "calculatedOperatingExpenses": 44900000, "calculatedNetInterest": 0, "calculatedOtherIncome": -1200000, "calculatedIncomeNonControlling": 0, "calculatedEbitda": 34200000}, {"date": "1986-05-31", "symbol": "AIR", "reportedCurrency": "USD", "cik": "0000001750", "fillingDate": "1986-05-31", "acceptedDate": "1986-05-30 20:00:00", "calendarYear": "1986", "period": "FY", "revenue": 248000000, "costOfRevenue": 185700000, "grossProfit": 62300000, "grossProfitRatio": 0.2512096774, "researchAndDevelopmentExpenses": 0, "generalAndAdministrativeExpenses": 35000000, "sellingAndMarketingExpenses": 0, "sellingGeneralAndAdministrativeExpenses": 35000000, "otherExpenses": 4600000, "operatingExpenses": 39600000, "costAndExpenses": 225300000, "interestIncome": 0, "interestExpense": 0, "depreciationAndAmortization": 4600000, "ebitda": 26400000, "ebitdaratio": 0.1064516129, "operatingIncome": 22700000, "operatingIncomeRatio": 0.0915322581, "totalOtherIncomeExpensesNet": 900000, "incomeBeforeTax": 20600000, "incomeBeforeTaxRatio": 0.0830645161, "incomeTaxExpense": 9100000, "netIncome": 11500000, "netIncomeRatio": 0.0463709677, "eps": 0.57, "epsdiluted": 0.57, "weightedAverageShsOut": 20175439, "weightedAverageShsOutDil": 20175439, "link": "", "finalLink": "", "calculatedOtherExpenses": 4600000, "calculatedOperatingExpenses": 39600000, "calculatedNetInterest": 0, "calculatedOtherIncome": -2100000, "calculatedIncomeNonControlling": 0, "calculatedEbitda": 27300000}]}