{"originalCurrency": "USD", "convertedCurrency": "USD", "report": [{"date": "2023-12-31", "symbol": "AIRC", "reportedCurrency": "USD", "cik": "0001820877", "fillingDate": "2024-02-16", "acceptedDate": "2024-02-16 13:32:18", "calendarYear": "2023", "period": "FY", "revenue": 820036000, "costOfRevenue": 618425000, "grossProfit": 201611000, "grossProfitRatio": 0.2458562795, "researchAndDevelopmentExpenses": 0, "generalAndAdministrativeExpenses": 25494000, "sellingAndMarketingExpenses": 0, "sellingGeneralAndAdministrativeExpenses": 25494000, "otherExpenses": -34641000, "operatingExpenses": 34641000, "costAndExpenses": 653066000, "interestIncome": 8314000, "interestExpense": 129654000, "depreciationAndAmortization": 342593000, "ebitda": 509563000, "ebitdaratio": 0.6213910121, "operatingIncome": 166970000, "operatingIncomeRatio": 0.2036130121, "totalOtherIncomeExpensesNet": 524744000, "incomeBeforeTax": 691714000, "incomeBeforeTaxRatio": 0.8435166261, "incomeTaxExpense": 2427000, "netIncome": 635101000, "netIncomeRatio": 0.7744794131, "eps": 4.29, "epsdiluted": 4.27, "weightedAverageShsOut": 147899000, "weightedAverageShsOutDil": 150220000, "link": "https://www.sec.gov/Archives/edgar/data/1820877/000162828024005283/0001628280-24-005283-index.htm", "finalLink": "https://www.sec.gov/Archives/edgar/data/926660/000162828024005283/airc-20231231.htm", "calculatedOtherExpenses": 9147000, "calculatedOperatingExpenses": 34641000, "calculatedNetInterest": -121340000, "calculatedOtherIncome": 646084000, "calculatedIncomeNonControlling": 54186000, "calculatedEbitda": 509563000}, {"date": "2022-12-31", "symbol": "AIRC", "reportedCurrency": "USD", "cik": "0001820877", "fillingDate": "2023-03-01", "acceptedDate": "2023-02-28 18:30:36", "calendarYear": "2022", "period": "FY", "revenue": 773723000, "costOfRevenue": 261264000, "grossProfit": 512459000, "grossProfitRatio": 0.6623287662, "researchAndDevelopmentExpenses": 0, "generalAndAdministrativeExpenses": 24939000, "sellingAndMarketingExpenses": 0, "sellingGeneralAndAdministrativeExpenses": 24939000, "otherExpenses": 360018000, "operatingExpenses": 384957000, "costAndExpenses": 646221000, "interestIncome": 50264000, "interestExpense": 116459000, "depreciationAndAmortization": 350945000, "ebitda": 525207000, "ebitdaratio": 0.678804947, "operatingIncome": 174262000, "operatingIncomeRatio": 0.2252253067, "totalOtherIncomeExpensesNet": 799711000, "incomeBeforeTax": 973973000, "incomeBeforeTaxRatio": 1.2588135547, "incomeTaxExpense": 3923000, "netIncome": 904432000, "netIncomeRatio": 1.1689351357, "eps": 5.86, "epsdiluted": 5.81, "weightedAverageShsOut": 154093000, "weightedAverageShsOutDil": 156587000, "link": "https://www.sec.gov/Archives/edgar/data/1820877/000095017023005259/0000950170-23-005259-index.htm", "finalLink": "https://www.sec.gov/Archives/edgar/data/1820877/000095017023005259/airc-20221231.htm", "calculatedOtherExpenses": 313258000, "calculatedOperatingExpenses": 338197000, "calculatedNetInterest": -66195000, "calculatedOtherIncome": 865906000, "calculatedIncomeNonControlling": 65618000, "calculatedEbitda": 525207000}, {"date": "2021-12-31", "symbol": "AIRC", "reportedCurrency": "USD", "cik": "0001820877", "fillingDate": "2022-03-01", "acceptedDate": "2022-03-01 12:50:38", "calendarYear": "2021", "period": "FY", "revenue": 740853000, "costOfRevenue": 268101000, "grossProfit": 472752000, "grossProfitRatio": 0.6381184931, "researchAndDevelopmentExpenses": 0, "generalAndAdministrativeExpenses": 18585000, "sellingAndMarketingExpenses": 0, "sellingGeneralAndAdministrativeExpenses": 18585000, "otherExpenses": 346962000, "operatingExpenses": 365547000, "costAndExpenses": 633648000, "interestIncome": 58651000, "interestExpense": 129467000, "depreciationAndAmortization": 319742000, "ebitda": 485033000, "ebitdaratio": 0.6546953309, "operatingIncome": 165291000, "operatingIncomeRatio": 0.2231090378, "totalOtherIncomeExpensesNet": 308687000, "incomeBeforeTax": 473978000, "incomeBeforeTaxRatio": 0.6397733423, "incomeTaxExpense": -5246000, "netIncome": 447621000, "netIncomeRatio": 0.604196784, "eps": 2.9, "epsdiluted": 2.89, "weightedAverageShsOut": 154135000, "weightedAverageShsOutDil": 154503000, "link": "https://www.sec.gov/Archives/edgar/data/1820877/000095017022002462/0000950170-22-002462-index.htm", "finalLink": "https://www.sec.gov/Archives/edgar/data/926660/000095017022002462/airc-20211231.htm", "calculatedOtherExpenses": 288876000, "calculatedOperatingExpenses": 307461000, "calculatedNetInterest": -70816000, "calculatedOtherIncome": 379503000, "calculatedIncomeNonControlling": 31603000, "calculatedEbitda": 485033000}, {"date": "2020-12-31", "symbol": "AIRC", "reportedCurrency": "USD", "cik": "0001820877", "fillingDate": "2021-03-15", "acceptedDate": "2021-03-12 20:15:29", "calendarYear": "2020", "period": "FY", "revenue": 719556000, "costOfRevenue": 254989000, "grossProfit": 464567000, "grossProfitRatio": 0.645630083, "researchAndDevelopmentExpenses": 0, "generalAndAdministrativeExpenses": 40424000, "sellingAndMarketingExpenses": 0, "sellingGeneralAndAdministrativeExpenses": 40424000, "otherExpenses": 394803000, "operatingExpenses": 435227000, "costAndExpenses": 690216000, "interestIncome": 12374000, "interestExpense": 160359000, "depreciationAndAmortization": 320943000, "ebitda": 362657000, "ebitdaratio": 0.5040010784, "operatingIncome": 41714000, "operatingIncomeRatio": 0.0579718604, "totalOtherIncomeExpensesNet": -60849000, "incomeBeforeTax": -19135000, "incomeBeforeTaxRatio": -0.0265927878, "incomeTaxExpense": 95437000, "netIncome": -114572000, "netIncomeRatio": -0.1592259671, "eps": -0.94, "epsdiluted": -0.94, "weightedAverageShsOut": 122446000, "weightedAverageShsOutDil": 122446000, "link": "https://www.sec.gov/Archives/edgar/data/1820877/000156459021012964/0001564590-21-012964-index.htm", "finalLink": "https://www.sec.gov/Archives/edgar/data/926660/000156459021012964/airc-10k_20201231.htm", "calculatedOtherExpenses": 382429000, "calculatedOperatingExpenses": 422853000, "calculatedNetInterest": -147985000, "calculatedOtherIncome": 87136000, "calculatedIncomeNonControlling": 0, "calculatedEbitda": 362657000}, {"date": "2019-12-31", "symbol": "AIRC", "reportedCurrency": "USD", "cik": "0001820877", "fillingDate": "2019-12-31", "acceptedDate": "2019-12-31 00:00:00", "calendarYear": "2019", "period": "FY", "revenue": 914294000, "costOfRevenue": 311221000, "grossProfit": 603073000, "grossProfitRatio": 0.6596051161, "researchAndDevelopmentExpenses": 0, "generalAndAdministrativeExpenses": 47037000, "sellingAndMarketingExpenses": 0, "sellingGeneralAndAdministrativeExpenses": 47037000, "otherExpenses": 399263000, "operatingExpenses": 446300000, "costAndExpenses": 757521000, "interestIncome": 11424000, "interestExpense": 168807000, "depreciationAndAmortization": 380171000, "ebitda": 549171000, "ebitdaratio": 0.6006503379, "operatingIncome": 169000000, "operatingIncomeRatio": 0.1848420749, "totalOtherIncomeExpensesNet": 335892000, "incomeBeforeTax": 504892000, "incomeBeforeTaxRatio": 0.5522206205, "incomeTaxExpense": -3135000, "netIncome": 474083000, "netIncomeRatio": 0.5185235821, "eps": 3.91, "epsdiluted": 3.9, "weightedAverageShsOut": 119307000, "weightedAverageShsOutDil": 119533000, "link": null, "finalLink": null, "calculatedOtherExpenses": 387036000, "calculatedOperatingExpenses": 434073000, "calculatedNetInterest": -157383000, "calculatedOtherIncome": 493275000, "calculatedIncomeNonControlling": 33944000, "calculatedEbitda": 549171000}, {"date": "2018-12-31", "symbol": "AIRC", "reportedCurrency": "USD", "cik": "0001820877", "fillingDate": "2018-12-31", "acceptedDate": "2018-12-30 19:00:00", "calendarYear": "2018", "period": "FY", "revenue": 972410000, "costOfRevenue": 328822000, "grossProfit": 643588000, "grossProfitRatio": 0.6618483973, "researchAndDevelopmentExpenses": 0, "generalAndAdministrativeExpenses": 46268000, "sellingAndMarketingExpenses": 0, "sellingGeneralAndAdministrativeExpenses": 46268000, "otherExpenses": 77000, "operatingExpenses": 427832000, "costAndExpenses": 756654000, "interestIncome": 10914000, "interestExpense": 200634000, "depreciationAndAmortization": 377786000, "ebitda": 604533000, "ebitdaratio": 0.6216852974, "operatingIncome": 215756000, "operatingIncomeRatio": 0.2218776031, "totalOtherIncomeExpensesNet": 677540000, "incomeBeforeTax": 703576000, "incomeBeforeTaxRatio": 0.7235384251, "incomeTaxExpense": -13027000, "netIncome": 666227000, "netIncomeRatio": 0.6851297292, "eps": 5.46, "epsdiluted": 5.45, "weightedAverageShsOut": 122097000, "weightedAverageShsOutDil": 122243000, "link": "", "finalLink": "", "calculatedOtherExpenses": 381564000, "calculatedOperatingExpenses": 427832000, "calculatedNetInterest": -189720000, "calculatedOtherIncome": 677540000, "calculatedIncomeNonControlling": 50376000, "calculatedEbitda": 593542000}, {"date": "2017-12-31", "symbol": "AIRC", "reportedCurrency": "USD", "cik": "0001820877", "fillingDate": "2017-12-31", "acceptedDate": "2017-12-30 19:00:00", "calendarYear": "2017", "period": "FY", "revenue": 1005437000, "costOfRevenue": 354379000, "grossProfit": 651058000, "grossProfitRatio": 0.6475373395, "researchAndDevelopmentExpenses": 0, "generalAndAdministrativeExpenses": 43657000, "sellingAndMarketingExpenses": 0, "sellingGeneralAndAdministrativeExpenses": 43657000, "otherExpenses": 7694000, "operatingExpenses": 421194000, "costAndExpenses": 775573000, "interestIncome": 8332000, "interestExpense": 194615000, "depreciationAndAmortization": 366184000, "ebitda": 612074000, "ebitdaratio": 0.6087641493, "operatingIncome": 193983000, "operatingIncomeRatio": 0.1929340177, "totalOtherIncomeExpensesNet": -28187000, "incomeBeforeTax": 15394000, "incomeBeforeTaxRatio": 0.0153107554, "incomeTaxExpense": -32126000, "netIncome": 315774000, "netIncomeRatio": 0.3140664209, "eps": 2.5, "epsdiluted": 2.5, "weightedAverageShsOut": 122430699, "weightedAverageShsOutDil": 122806241, "link": "", "finalLink": "", "calculatedOtherExpenses": 413418000, "calculatedOperatingExpenses": 457075000, "calculatedNetInterest": -186283000, "calculatedOtherIncome": 7694000, "calculatedIncomeNonControlling": -268254000, "calculatedEbitda": 560167000}, {"date": "2016-12-31", "symbol": "AIRC", "reportedCurrency": "USD", "cik": "0001820877", "fillingDate": "2016-12-31", "acceptedDate": "2016-12-30 19:00:00", "calendarYear": "2016", "period": "FY", "revenue": 995854000, "costOfRevenue": 356760000, "grossProfit": 639094000, "grossProfitRatio": 0.641754715, "researchAndDevelopmentExpenses": 0, "generalAndAdministrativeExpenses": 44937000, "sellingAndMarketingExpenses": 0, "sellingGeneralAndAdministrativeExpenses": 44937000, "otherExpenses": 6071000, "operatingExpenses": 392298000, "costAndExpenses": 749058000, "interestIncome": 7797000, "interestExpense": 196389000, "depreciationAndAmortization": 333066000, "ebitda": 593730000, "ebitdaratio": 0.5962018529, "operatingIncome": 246796000, "operatingIncomeRatio": 0.2478234761, "totalOtherIncomeExpensesNet": 6071000, "incomeBeforeTax": 64275000, "incomeBeforeTaxRatio": 0.0645425936, "incomeTaxExpense": -25208000, "netIncome": 430410000, "netIncomeRatio": 0.4322019091, "eps": 3.42, "epsdiluted": 3.41, "weightedAverageShsOut": 122178268, "weightedAverageShsOutDil": 122483712, "link": "", "finalLink": "", "calculatedOtherExpenses": 347361000, "calculatedOperatingExpenses": 392298000, "calculatedNetInterest": -188592000, "calculatedOtherIncome": 6071000, "calculatedIncomeNonControlling": -340927000, "calculatedEbitda": 579862000}, {"date": "2015-12-31", "symbol": "AIRC", "reportedCurrency": "USD", "cik": "0001820877", "fillingDate": "2015-12-31", "acceptedDate": "2015-12-30 19:00:00", "calendarYear": "2015", "period": "FY", "revenue": 981310000, "costOfRevenue": 365248000, "grossProfit": 616062000, "grossProfitRatio": 0.6277954979, "researchAndDevelopmentExpenses": 0, "generalAndAdministrativeExpenses": 43178000, "sellingAndMarketingExpenses": 0, "sellingGeneralAndAdministrativeExpenses": 43178000, "otherExpenses": 387000, "operatingExpenses": 359847000, "costAndExpenses": 725095000, "interestIncome": 6949000, "interestExpense": 199685000, "depreciationAndAmortization": 306301000, "ebitda": 569852000, "ebitdaratio": 0.5807053836, "operatingIncome": 256215000, "operatingIncomeRatio": 0.261094863, "totalOtherIncomeExpensesNet": 387000, "incomeBeforeTax": 63866000, "incomeBeforeTaxRatio": 0.0650823899, "incomeTaxExpense": -27524000, "netIncome": 248710000, "netIncomeRatio": 0.253446923, "eps": 1.94, "epsdiluted": 1.94, "weightedAverageShsOut": 121532920, "weightedAverageShsOutDil": 121840714, "link": "", "finalLink": "", "calculatedOtherExpenses": 316669000, "calculatedOperatingExpenses": 359847000, "calculatedNetInterest": -192736000, "calculatedOtherIncome": 387000, "calculatedIncomeNonControlling": -157320000, "calculatedEbitda": 562516000}, {"date": "2014-12-31", "symbol": "AIRC", "reportedCurrency": "USD", "cik": "0001820877", "fillingDate": "2014-12-31", "acceptedDate": "2014-12-30 19:00:00", "calendarYear": "2014", "period": "FY", "revenue": 984363000, "costOfRevenue": 380626000, "grossProfit": 603737000, "grossProfitRatio": 0.6133276037, "researchAndDevelopmentExpenses": 0, "generalAndAdministrativeExpenses": 44195000, "sellingAndMarketingExpenses": 0, "sellingGeneralAndAdministrativeExpenses": 44195000, "otherExpenses": -829000, "operatingExpenses": 339567000, "costAndExpenses": 720193000, "interestIncome": 6878000, "interestExpense": 220971000, "depreciationAndAmortization": 282608000, "ebitda": 552827000, "ebitdaratio": 0.561608878, "operatingIncome": 262350000, "operatingIncomeRatio": 0.2665175347, "totalOtherIncomeExpensesNet": -2649000, "incomeBeforeTax": 47428000, "incomeBeforeTaxRatio": 0.0481814128, "incomeTaxExpense": -20047000, "netIncome": 309249000, "netIncomeRatio": 0.3141615441, "eps": 2.63, "epsdiluted": 2.63, "weightedAverageShsOut": 114062864, "weightedAverageShsOutDil": 114347161, "link": "", "finalLink": "", "calculatedOtherExpenses": 297192000, "calculatedOperatingExpenses": 341387000, "calculatedNetInterest": -214093000, "calculatedOtherIncome": -829000, "calculatedIncomeNonControlling": -241774000, "calculatedEbitda": 544958000}, {"date": "2013-12-31", "symbol": "AIRC", "reportedCurrency": "USD", "cik": "0001820877", "fillingDate": "2013-12-31", "acceptedDate": "2013-12-30 19:00:00", "calendarYear": "2013", "period": "FY", "revenue": 974053000, "costOfRevenue": 380013000, "grossProfit": 594040000, "grossProfitRatio": 0.609864145, "researchAndDevelopmentExpenses": 0, "generalAndAdministrativeExpenses": 45708000, "sellingAndMarketingExpenses": 0, "sellingGeneralAndAdministrativeExpenses": 45708000, "otherExpenses": 299313000, "operatingExpenses": 345021000, "costAndExpenses": 725034000, "interestIncome": 16059000, "interestExpense": 237048000, "depreciationAndAmortization": 291910000, "ebitda": 557914000, "ebitdaratio": 0.572775814, "operatingIncome": 249019000, "operatingIncomeRatio": 0.2556524132, "totalOtherIncomeExpensesNet": 4607000, "incomeBeforeTax": 32637000, "incomeBeforeTaxRatio": 0.0335063903, "incomeTaxExpense": -1959000, "netIncome": 207290000, "netIncomeRatio": 0.2128118285, "eps": 1.79, "epsdiluted": 1.79, "weightedAverageShsOut": 113790314, "weightedAverageShsOutDil": 113979062, "link": "", "finalLink": "", "calculatedOtherExpenses": 299313000, "calculatedOperatingExpenses": 345021000, "calculatedNetInterest": -220989000, "calculatedOtherIncome": 4607000, "calculatedIncomeNonControlling": -172694000, "calculatedEbitda": 540929000}, {"date": "2012-12-31", "symbol": "AIRC", "reportedCurrency": "USD", "cik": "0001820877", "fillingDate": "2012-12-31", "acceptedDate": "2012-12-30 19:00:00", "calendarYear": "2012", "period": "FY", "revenue": 1033197000, "costOfRevenue": 414233000, "grossProfit": 618964000, "grossProfitRatio": 0.5990764588, "researchAndDevelopmentExpenses": 0, "generalAndAdministrativeExpenses": 49602000, "sellingAndMarketingExpenses": 0, "sellingGeneralAndAdministrativeExpenses": 49602000, "otherExpenses": 360853000, "operatingExpenses": 410455000, "costAndExpenses": 824688000, "interestIncome": 9913000, "interestExpense": 246761000, "depreciationAndAmortization": 345077000, "ebitda": 559091000, "ebitdaratio": 0.5411272003, "operatingIncome": 200160000, "operatingIncomeRatio": 0.1937287855, "totalOtherIncomeExpensesNet": 12504000, "incomeBeforeTax": -15835000, "incomeBeforeTaxRatio": -0.0153262156, "incomeTaxExpense": -929000, "netIncome": 132456000, "netIncomeRatio": 0.12820014, "eps": 0.78, "epsdiluted": 0.78, "weightedAverageShsOut": 105234744, "weightedAverageShsOutDil": 105322474, "link": "", "finalLink": "", "calculatedOtherExpenses": 369202000, "calculatedOperatingExpenses": 418804000, "calculatedNetInterest": -236848000, "calculatedOtherIncome": 20853000, "calculatedIncomeNonControlling": -147362000, "calculatedEbitda": 545237000}, {"date": "2011-12-31", "symbol": "AIRC", "reportedCurrency": "USD", "cik": "0001820877", "fillingDate": "2011-12-31", "acceptedDate": "2011-12-30 19:00:00", "calendarYear": "2011", "period": "FY", "revenue": 1079584000, "costOfRevenue": 460397000, "grossProfit": 619187000, "grossProfitRatio": 0.5735422163, "researchAndDevelopmentExpenses": 0, "generalAndAdministrativeExpenses": 50950000, "sellingAndMarketingExpenses": 0, "sellingGeneralAndAdministrativeExpenses": 50950000, "otherExpenses": 378043000, "operatingExpenses": 448569000, "costAndExpenses": 908966000, "interestIncome": 10041000, "interestExpense": 310780000, "depreciationAndAmortization": 378043000, "ebitda": 540981000, "ebitdaratio": 0.5011013501, "operatingIncome": 166287000, "operatingIncomeRatio": 0.154028774, "totalOtherIncomeExpensesNet": -19145000, "incomeBeforeTax": -149266000, "incomeBeforeTaxRatio": -0.1382625159, "incomeTaxExpense": -7166000, "netIncome": -57087000, "netIncomeRatio": -0.0528787014, "eps": -0.61, "epsdiluted": -0.61, "weightedAverageShsOut": 93443846, "weightedAverageShsOutDil": 93443846, "link": "", "finalLink": "", "calculatedOtherExpenses": 401950000, "calculatedOperatingExpenses": 452900000, "calculatedNetInterest": -300739000, "calculatedOtherIncome": -14814000, "calculatedIncomeNonControlling": -85013000, "calculatedEbitda": 544330000}, {"date": "2010-12-31", "symbol": "AIRC", "reportedCurrency": "USD", "cik": "0001820877", "fillingDate": "2010-12-31", "acceptedDate": "2010-12-30 19:00:00", "calendarYear": "2010", "period": "FY", "revenue": 1144934000, "costOfRevenue": 524666000, "grossProfit": 620268000, "grossProfitRatio": 0.5417500048, "researchAndDevelopmentExpenses": 0, "generalAndAdministrativeExpenses": 53365000, "sellingAndMarketingExpenses": 0, "sellingGeneralAndAdministrativeExpenses": 53365000, "otherExpenses": 426060000, "operatingExpenses": 489407000, "costAndExpenses": 1014073000, "interestIncome": 11131000, "interestExpense": 312576000, "depreciationAndAmortization": 426060000, "ebitda": 544940000, "ebitdaratio": 0.4759575661, "operatingIncome": 130509000, "operatingIncomeRatio": 0.1139882299, "totalOtherIncomeExpensesNet": -13738000, "incomeBeforeTax": -184322000, "incomeBeforeTaxRatio": -0.1609891924, "incomeTaxExpense": -18433000, "netIncome": -71728000, "netIncomeRatio": -0.0626481526, "eps": -0.79, "epsdiluted": -0.79, "weightedAverageShsOut": 91138921, "weightedAverageShsOutDil": 91138921, "link": "", "finalLink": "", "calculatedOtherExpenses": 436394000, "calculatedOperatingExpenses": 489759000, "calculatedNetInterest": -301445000, "calculatedOtherIncome": -13386000, "calculatedIncomeNonControlling": -94161000, "calculatedEbitda": 556569000}, {"date": "2009-12-31", "symbol": "AIRC", "reportedCurrency": "USD", "cik": "0001820877", "fillingDate": "2009-12-31", "acceptedDate": "2009-12-30 19:00:00", "calendarYear": "2009", "period": "FY", "revenue": 1195763000, "costOfRevenue": 539809000, "grossProfit": 655954000, "grossProfitRatio": 0.5485652257, "researchAndDevelopmentExpenses": 0, "generalAndAdministrativeExpenses": 69567000, "sellingAndMarketingExpenses": 0, "sellingGeneralAndAdministrativeExpenses": 69567000, "otherExpenses": 464633000, "operatingExpenses": 531871000, "costAndExpenses": 1071680000, "interestIncome": 9341000, "interestExpense": 324160000, "depreciationAndAmortization": 444413000, "ebitda": 565812000, "ebitdaratio": 0.4731807223, "operatingIncome": 110513000, "operatingIncomeRatio": 0.092420488, "totalOtherIncomeExpensesNet": -24972000, "incomeBeforeTax": -215708000, "incomeBeforeTaxRatio": -0.1803936064, "incomeTaxExpense": -18671000, "netIncome": -64274000, "netIncomeRatio": -0.0537514541, "eps": -0.72, "epsdiluted": -0.72, "weightedAverageShsOut": 89519286, "weightedAverageShsOutDil": 89519286, "link": "", "finalLink": "", "calculatedOtherExpenses": 475874000, "calculatedOperatingExpenses": 545441000, "calculatedNetInterest": -314819000, "calculatedOtherIncome": -11402000, "calculatedIncomeNonControlling": -132763000, "calculatedEbitda": 554926000}, {"date": "2008-12-31", "symbol": "AIRC", "reportedCurrency": "USD", "cik": "0001820877", "fillingDate": "2008-12-31", "acceptedDate": "2008-12-30 19:00:00", "calendarYear": "2008", "period": "FY", "revenue": 1457918000, "costOfRevenue": 26774000, "grossProfit": 1431144000, "grossProfitRatio": 0.9816354555, "researchAndDevelopmentExpenses": 0, "generalAndAdministrativeExpenses": 99040000, "sellingAndMarketingExpenses": 0, "sellingGeneralAndAdministrativeExpenses": 99040000, "otherExpenses": 1104535000, "operatingExpenses": 1230349000, "costAndExpenses": 1230349000, "interestIncome": 17130000, "interestExpense": 368709000, "depreciationAndAmortization": 458595000, "ebitda": 638027000, "ebitdaratio": 0.4376288653, "operatingIncome": 204767000, "operatingIncomeRatio": 0.1404516578, "totalOtherIncomeExpensesNet": -27403000, "incomeBeforeTax": -212079000, "incomeBeforeTaxRatio": -0.145467029, "incomeTaxExpense": -53371000, "netIncome": 415463000, "netIncomeRatio": 0.2849700738, "eps": 5.06, "epsdiluted": 5.06, "weightedAverageShsOut": 69461033, "weightedAverageShsOutDil": 69461033, "link": "", "finalLink": "", "calculatedOtherExpenses": 1127337000, "calculatedOperatingExpenses": 1226377000, "calculatedNetInterest": -351579000, "calculatedOtherIncome": -65267000, "calculatedIncomeNonControlling": -574171000, "calculatedEbitda": 663362000}, {"date": "2007-12-31", "symbol": "AIRC", "reportedCurrency": "USD", "cik": "0001820877", "fillingDate": "2007-12-31", "acceptedDate": "2007-12-30 19:00:00", "calendarYear": "2007", "period": "FY", "revenue": 1721184000, "costOfRevenue": 0, "grossProfit": 1721184000, "grossProfitRatio": 1, "researchAndDevelopmentExpenses": 0, "generalAndAdministrativeExpenses": 89251000, "sellingAndMarketingExpenses": 0, "sellingGeneralAndAdministrativeExpenses": 89251000, "otherExpenses": 1284675000, "operatingExpenses": 1373926000, "costAndExpenses": 1373926000, "interestIncome": 0, "interestExpense": 0, "depreciationAndAmortization": 500340000, "ebitda": 815821000, "ebitdaratio": 0.4739882546, "operatingIncome": 347258000, "operatingIncomeRatio": 0.2017553033, "totalOtherIncomeExpensesNet": 31777000, "incomeBeforeTax": 379035000, "incomeBeforeTaxRatio": 0.2202175944, "incomeTaxExpense": 317347000, "netIncome": 29911000, "netIncomeRatio": 0.0173781536, "eps": -0.33, "epsdiluted": -0.33, "weightedAverageShsOut": 109753758, "weightedAverageShsOutDil": 109753758, "link": "", "finalLink": "", "calculatedOtherExpenses": 1284675000, "calculatedOperatingExpenses": 1373926000, "calculatedNetInterest": 0, "calculatedOtherIncome": 31777000, "calculatedIncomeNonControlling": 31777000, "calculatedEbitda": 847598000}, {"date": "2006-12-31", "symbol": "AIRC", "reportedCurrency": "USD", "cik": "0001820877", "fillingDate": "2006-12-31", "acceptedDate": "2006-12-30 19:00:00", "calendarYear": "2006", "period": "FY", "revenue": 1690994000, "costOfRevenue": 0, "grossProfit": 1690994000, "grossProfitRatio": 1, "researchAndDevelopmentExpenses": 0, "generalAndAdministrativeExpenses": 101702000, "sellingAndMarketingExpenses": 0, "sellingGeneralAndAdministrativeExpenses": 101702000, "otherExpenses": 1252139000, "operatingExpenses": 1353841000, "costAndExpenses": 1353841000, "interestIncome": 0, "interestExpense": 0, "depreciationAndAmortization": 490698000, "ebitda": 793284000, "ebitdaratio": 0.4691228946, "operatingIncome": 337153000, "operatingIncomeRatio": 0.1993815472, "totalOtherIncomeExpensesNet": 34567000, "incomeBeforeTax": 371720000, "incomeBeforeTaxRatio": 0.2198233702, "incomeTaxExpense": 160366000, "netIncome": 176787000, "netIncomeRatio": 0.1045462018, "eps": 1.21, "epsdiluted": 1.21, "weightedAverageShsOut": 78538193, "weightedAverageShsOutDil": 78538193, "link": "", "finalLink": "", "calculatedOtherExpenses": 1252139000, "calculatedOperatingExpenses": 1353841000, "calculatedNetInterest": 0, "calculatedOtherIncome": 34567000, "calculatedIncomeNonControlling": 34567000, "calculatedEbitda": 827851000}, {"date": "2005-12-31", "symbol": "AIRC", "reportedCurrency": "USD", "cik": "0001820877", "fillingDate": "2005-12-31", "acceptedDate": "2005-12-30 19:00:00", "calendarYear": "2005", "period": "FY", "revenue": 1521523000, "costOfRevenue": 0, "grossProfit": 1521523000, "grossProfitRatio": 1, "researchAndDevelopmentExpenses": 0, "generalAndAdministrativeExpenses": 92918000, "sellingAndMarketingExpenses": 0, "sellingGeneralAndAdministrativeExpenses": 92918000, "otherExpenses": 1129164000, "operatingExpenses": 1222082000, "costAndExpenses": 1222082000, "interestIncome": 0, "interestExpense": 0, "depreciationAndAmortization": 412075000, "ebitda": 678538000, "ebitdaratio": 0.445959739, "operatingIncome": 299441000, "operatingIncomeRatio": 0.196803466, "totalOtherIncomeExpensesNet": 32978000, "incomeBeforeTax": 332419000, "incomeBeforeTaxRatio": 0.2184778015, "incomeTaxExpense": 228459000, "netIncome": 70982000, "netIncomeRatio": 0.0466519402, "eps": -0.15, "epsdiluted": -0.15, "weightedAverageShsOut": 73435717, "weightedAverageShsOutDil": 73435717, "link": "", "finalLink": "", "calculatedOtherExpenses": 1129164000, "calculatedOperatingExpenses": 1222082000, "calculatedNetInterest": 0, "calculatedOtherIncome": 32978000, "calculatedIncomeNonControlling": 32978000, "calculatedEbitda": 711516000}, {"date": "2004-12-31", "symbol": "AIRC", "reportedCurrency": "USD", "cik": "0001820877", "fillingDate": "2004-12-31", "acceptedDate": "2004-12-30 19:00:00", "calendarYear": "2004", "period": "FY", "revenue": 1468915000, "costOfRevenue": 0, "grossProfit": 1468915000, "grossProfitRatio": 1, "researchAndDevelopmentExpenses": 0, "generalAndAdministrativeExpenses": 78093000, "sellingAndMarketingExpenses": 0, "sellingGeneralAndAdministrativeExpenses": 78093000, "otherExpenses": 1062064000, "operatingExpenses": 1140157000, "costAndExpenses": 1140157000, "interestIncome": 0, "interestExpense": 0, "depreciationAndAmortization": 368844000, "ebitda": 697602000, "ebitdaratio": 0.4749097123, "operatingIncome": 328758000, "operatingIncomeRatio": 0.2238100911, "totalOtherIncomeExpensesNet": 0, "incomeBeforeTax": 0, "incomeBeforeTaxRatio": 0, "incomeTaxExpense": 65261000, "netIncome": 263497000, "netIncomeRatio": 0.1793820609, "eps": 1.63, "epsdiluted": 1.63, "weightedAverageShsOut": 72868688, "weightedAverageShsOutDil": 72868688, "link": "", "finalLink": "", "calculatedOtherExpenses": 1062064000, "calculatedOperatingExpenses": 1140157000, "calculatedNetInterest": 0, "calculatedOtherIncome": -328758000, "calculatedIncomeNonControlling": -328758000, "calculatedEbitda": 697602000}, {"date": "2003-12-31", "symbol": "AIRC", "reportedCurrency": "USD", "cik": "0001820877", "fillingDate": "2003-12-31", "acceptedDate": "2003-12-30 19:00:00", "calendarYear": "2003", "period": "FY", "revenue": 1516283000, "costOfRevenue": 0, "grossProfit": 1516283000, "grossProfitRatio": 1, "researchAndDevelopmentExpenses": 0, "generalAndAdministrativeExpenses": 28815000, "sellingAndMarketingExpenses": 0, "sellingGeneralAndAdministrativeExpenses": 28815000, "otherExpenses": 1030535000, "operatingExpenses": 1059350000, "costAndExpenses": 1059350000, "interestIncome": 0, "interestExpense": 0, "depreciationAndAmortization": 335081000, "ebitda": 798431000, "ebitdaratio": 0.5265712271, "operatingIncome": 456933000, "operatingIncomeRatio": 0.3013507373, "totalOtherIncomeExpensesNet": -6417000, "incomeBeforeTax": 450516000, "incomeBeforeTaxRatio": 0.2971186777, "incomeTaxExpense": 298076000, "netIncome": 158857000, "netIncomeRatio": 0.1047673818, "eps": 0.86, "epsdiluted": 0.86, "weightedAverageShsOut": 76322353, "weightedAverageShsOutDil": 76322353, "link": "", "finalLink": "", "calculatedOtherExpenses": 1030535000, "calculatedOperatingExpenses": 1059350000, "calculatedNetInterest": 0, "calculatedOtherIncome": -6417000, "calculatedIncomeNonControlling": -6417000, "calculatedEbitda": 792014000}, {"date": "2002-12-31", "symbol": "AIRC", "reportedCurrency": "USD", "cik": "0001820877", "fillingDate": "2002-12-31", "acceptedDate": "2002-12-30 19:00:00", "calendarYear": "2002", "period": "FY", "revenue": 1506234000, "costOfRevenue": 0, "grossProfit": 1506234000, "grossProfitRatio": 1, "researchAndDevelopmentExpenses": 0, "generalAndAdministrativeExpenses": 20344000, "sellingAndMarketingExpenses": 0, "sellingGeneralAndAdministrativeExpenses": 20344000, "otherExpenses": 1231918000, "operatingExpenses": 1252262000, "costAndExpenses": 1252262000, "interestIncome": 0, "interestExpense": 0, "depreciationAndAmortization": 292615000, "ebitda": 545893000, "ebitdaratio": 0.362422439, "operatingIncome": 253972000, "operatingIncomeRatio": 0.1686139073, "totalOtherIncomeExpensesNet": 694000, "incomeBeforeTax": 254666000, "incomeBeforeTaxRatio": 0.1690746591, "incomeTaxExpense": 84926000, "netIncome": 169046000, "netIncomeRatio": 0.1122309017, "eps": 1.12, "epsdiluted": 1.11, "weightedAverageShsOut": 67183377, "weightedAverageShsOutDil": 67955600, "link": "", "finalLink": "", "calculatedOtherExpenses": 1231918000, "calculatedOperatingExpenses": 1252262000, "calculatedNetInterest": 0, "calculatedOtherIncome": 694000, "calculatedIncomeNonControlling": 694000, "calculatedEbitda": 546587000}, {"date": "2001-12-31", "symbol": "AIRC", "reportedCurrency": "USD", "cik": "0001820877", "fillingDate": "2001-12-31", "acceptedDate": "2001-12-30 19:00:00", "calendarYear": "2001", "period": "FY", "revenue": 1463564000, "costOfRevenue": 0, "grossProfit": 1463564000, "grossProfitRatio": 1, "researchAndDevelopmentExpenses": 0, "generalAndAdministrativeExpenses": 18530000, "sellingAndMarketingExpenses": 0, "sellingGeneralAndAdministrativeExpenses": 18530000, "otherExpenses": 1294933000, "operatingExpenses": 1313463000, "costAndExpenses": 1313463000, "interestIncome": 0, "interestExpense": 0, "depreciationAndAmortization": 364378000, "ebitda": 531141000, "ebitdaratio": 0.3629093091, "operatingIncome": 150101000, "operatingIncomeRatio": 0.1025585489, "totalOtherIncomeExpensesNet": -16662000, "incomeBeforeTax": 133439000, "incomeBeforeTaxRatio": 0.0911740108, "incomeTaxExpense": 42749000, "netIncome": 107352000, "netIncomeRatio": 0.0733497134, "eps": 0.29, "epsdiluted": 0.29, "weightedAverageShsOut": 57959392, "weightedAverageShsOutDil": 57959392, "link": "", "finalLink": "", "calculatedOtherExpenses": 1294933000, "calculatedOperatingExpenses": 1313463000, "calculatedNetInterest": 0, "calculatedOtherIncome": -16662000, "calculatedIncomeNonControlling": -16662000, "calculatedEbitda": 514479000}, {"date": "2000-12-31", "symbol": "AIRC", "reportedCurrency": "USD", "cik": "0001820877", "fillingDate": "2000-12-31", "acceptedDate": "2000-12-30 19:00:00", "calendarYear": "2000", "period": "FY", "revenue": 1100692000, "costOfRevenue": 0, "grossProfit": 1100692000, "grossProfitRatio": 1, "researchAndDevelopmentExpenses": 0, "generalAndAdministrativeExpenses": 18123000, "sellingAndMarketingExpenses": 0, "sellingGeneralAndAdministrativeExpenses": 18123000, "otherExpenses": 999187000, "operatingExpenses": 1017310000, "costAndExpenses": 1017310000, "interestIncome": 0, "interestExpense": 0, "depreciationAndAmortization": 330019000, "ebitda": 408073000, "ebitdaratio": 0.370742224, "operatingIncome": 83382000, "operatingIncomeRatio": 0.0757541619, "totalOtherIncomeExpensesNet": 5328000, "incomeBeforeTax": 88710000, "incomeBeforeTaxRatio": 0.0805947531, "incomeTaxExpense": -15796000, "netIncome": 99178000, "netIncomeRatio": 0.0901051339, "eps": 0.68, "epsdiluted": 0.66, "weightedAverageShsOut": 53190355, "weightedAverageShsOutDil": 54213247, "link": "", "finalLink": "", "calculatedOtherExpenses": 999187000, "calculatedOperatingExpenses": 1017310000, "calculatedNetInterest": 0, "calculatedOtherIncome": 5328000, "calculatedIncomeNonControlling": 5328000, "calculatedEbitda": 413401000}, {"date": "1999-12-31", "symbol": "AIRC", "reportedCurrency": "USD", "cik": "0001820877", "fillingDate": "1999-12-31", "acceptedDate": "1999-12-30 19:00:00", "calendarYear": "1999", "period": "FY", "revenue": 577372000, "costOfRevenue": 0, "grossProfit": 577372000, "grossProfitRatio": 1, "researchAndDevelopmentExpenses": 0, "generalAndAdministrativeExpenses": 13112000, "sellingAndMarketingExpenses": 0, "sellingGeneralAndAdministrativeExpenses": 13112000, "otherExpenses": 478763000, "operatingExpenses": 491875000, "costAndExpenses": 491875000, "interestIncome": 0, "interestExpense": 0, "depreciationAndAmortization": 151166000, "ebitda": 239481000, "ebitdaratio": 0.4147776477, "operatingIncome": 85497000, "operatingIncomeRatio": 0.1480795743, "totalOtherIncomeExpensesNet": -2818000, "incomeBeforeTax": 82679000, "incomeBeforeTaxRatio": 0.1431988389, "incomeTaxExpense": 4538000, "netIncome": 80959000, "netIncomeRatio": 0.1402198236, "eps": 0.5, "epsdiluted": 0.49, "weightedAverageShsOut": 48344852, "weightedAverageShsOutDil": 49617085, "link": "", "finalLink": "", "calculatedOtherExpenses": 478763000, "calculatedOperatingExpenses": 491875000, "calculatedNetInterest": 0, "calculatedOtherIncome": -2818000, "calculatedIncomeNonControlling": -2818000, "calculatedEbitda": 236663000}, {"date": "1998-12-31", "symbol": "AIRC", "reportedCurrency": "USD", "cik": "0001820877", "fillingDate": "1998-12-31", "acceptedDate": "1998-12-30 19:00:00", "calendarYear": "1998", "period": "FY", "revenue": 401242000, "costOfRevenue": 0, "grossProfit": 401242000, "grossProfitRatio": 1, "researchAndDevelopmentExpenses": 0, "generalAndAdministrativeExpenses": 14650000, "sellingAndMarketingExpenses": 0, "sellingGeneralAndAdministrativeExpenses": 14650000, "otherExpenses": 321610000, "operatingExpenses": 336260000, "costAndExpenses": 336260000, "interestIncome": 0, "interestExpense": 0, "depreciationAndAmortization": 101610000, "ebitda": 166592000, "ebitdaratio": 0.4151908325, "operatingIncome": 64982000, "operatingIncomeRatio": 0.1619521386, "totalOtherIncomeExpensesNet": 0, "incomeBeforeTax": 0, "incomeBeforeTaxRatio": 0, "incomeTaxExpense": 508000, "netIncome": 64474000, "netIncomeRatio": 0.1606860698, "eps": 1.07, "epsdiluted": 1.02, "weightedAverageShsOut": 35389961, "weightedAverageShsOutDil": 37298593, "link": "", "finalLink": "", "calculatedOtherExpenses": 321610000, "calculatedOperatingExpenses": 336260000, "calculatedNetInterest": 0, "calculatedOtherIncome": -64982000, "calculatedIncomeNonControlling": -64982000, "calculatedEbitda": 166592000}, {"date": "1997-12-31", "symbol": "AIRC", "reportedCurrency": "USD", "cik": "0001820877", "fillingDate": "1997-12-31", "acceptedDate": "1997-12-30 19:00:00", "calendarYear": "1997", "period": "FY", "revenue": 206943000, "costOfRevenue": 0, "grossProfit": 206943000, "grossProfitRatio": 1, "researchAndDevelopmentExpenses": 0, "generalAndAdministrativeExpenses": 5396000, "sellingAndMarketingExpenses": 0, "sellingGeneralAndAdministrativeExpenses": 5396000, "otherExpenses": 171301000, "operatingExpenses": 176697000, "costAndExpenses": 176697000, "interestIncome": 0, "interestExpense": 0, "depreciationAndAmortization": 43520000, "ebitda": 73766000, "ebitdaratio": 0.3564556424, "operatingIncome": 30246000, "operatingIncomeRatio": 0.1461561879, "totalOtherIncomeExpensesNet": 0, "incomeBeforeTax": 0, "incomeBeforeTaxRatio": 0, "incomeTaxExpense": 1613000, "netIncome": 28633000, "netIncomeRatio": 0.1383617711, "eps": 1.39, "epsdiluted": 1.38, "weightedAverageShsOut": 16655159, "weightedAverageShsOutDil": 16655159, "link": "", "finalLink": "", "calculatedOtherExpenses": 171301000, "calculatedOperatingExpenses": 176697000, "calculatedNetInterest": 0, "calculatedOtherIncome": -30246000, "calculatedIncomeNonControlling": -30246000, "calculatedEbitda": 73766000}, {"date": "1996-12-31", "symbol": "AIRC", "reportedCurrency": "USD", "cik": "0001820877", "fillingDate": "1996-12-31", "acceptedDate": "1996-12-30 19:00:00", "calendarYear": "1996", "period": "FY", "revenue": 108883000, "costOfRevenue": 0, "grossProfit": 108883000, "grossProfitRatio": 1, "researchAndDevelopmentExpenses": 0, "generalAndAdministrativeExpenses": 1512000, "sellingAndMarketingExpenses": 0, "sellingGeneralAndAdministrativeExpenses": 1512000, "otherExpenses": 105664000, "operatingExpenses": 107176000, "costAndExpenses": 107176000, "interestIncome": 0, "interestExpense": 0, "depreciationAndAmortization": 21209000, "ebitda": 22916000, "ebitdaratio": 0.2104644435, "operatingIncome": 1707000, "operatingIncomeRatio": 0.0156773785, "totalOtherIncomeExpensesNet": 0, "incomeBeforeTax": 0, "incomeBeforeTaxRatio": 0, "incomeTaxExpense": -11277000, "netIncome": 12984000, "netIncomeRatio": 0.1192472654, "eps": 1.33, "epsdiluted": 1.33, "weightedAverageShsOut": 9732689, "weightedAverageShsOutDil": 9732689, "link": "", "finalLink": "", "calculatedOtherExpenses": 105664000, "calculatedOperatingExpenses": 107176000, "calculatedNetInterest": 0, "calculatedOtherIncome": -1707000, "calculatedIncomeNonControlling": -1707000, "calculatedEbitda": 22916000}, {"date": "1995-12-31", "symbol": "AIRC", "reportedCurrency": "USD", "cik": "0001820877", "fillingDate": "1995-12-31", "acceptedDate": "1995-12-30 19:00:00", "calendarYear": "1995", "period": "FY", "revenue": 77600000, "costOfRevenue": 0, "grossProfit": 77600000, "grossProfitRatio": 1, "researchAndDevelopmentExpenses": 0, "generalAndAdministrativeExpenses": 1800000, "sellingAndMarketingExpenses": 0, "sellingGeneralAndAdministrativeExpenses": 1800000, "otherExpenses": -49300000, "operatingExpenses": -47500000, "costAndExpenses": -47500000, "interestIncome": 0, "interestExpense": 0, "depreciationAndAmortization": 15200000, "ebitda": 140300000, "ebitdaratio": 1.8079896907, "operatingIncome": 125100000, "operatingIncomeRatio": 1.6121134021, "totalOtherIncomeExpensesNet": 0, "incomeBeforeTax": 0, "incomeBeforeTaxRatio": 0, "incomeTaxExpense": 111700000, "netIncome": 13400000, "netIncomeRatio": 0.1726804124, "eps": 1.1, "epsdiluted": 1.1, "weightedAverageShsOut": 12203178, "weightedAverageShsOutDil": 12203178, "link": "", "finalLink": "", "calculatedOtherExpenses": -49300000, "calculatedOperatingExpenses": -47500000, "calculatedNetInterest": 0, "calculatedOtherIncome": -125100000, "calculatedIncomeNonControlling": -125100000, "calculatedEbitda": 140300000}, {"date": "1994-12-31", "symbol": "AIRC", "reportedCurrency": "USD", "cik": "0001820877", "fillingDate": "1994-12-31", "acceptedDate": "1994-12-30 19:00:00", "calendarYear": "1994", "period": "FY", "revenue": 28200000, "costOfRevenue": 0, "grossProfit": 28200000, "grossProfitRatio": 1, "researchAndDevelopmentExpenses": 0, "generalAndAdministrativeExpenses": 1700000, "sellingAndMarketingExpenses": 0, "sellingGeneralAndAdministrativeExpenses": 1700000, "otherExpenses": -19000000, "operatingExpenses": -17300000, "costAndExpenses": -17300000, "interestIncome": 0, "interestExpense": 0, "depreciationAndAmortization": 4900000, "ebitda": 50400000, "ebitdaratio": 1.7872340426, "operatingIncome": 45500000, "operatingIncomeRatio": 1.6134751773, "totalOtherIncomeExpensesNet": 0, "incomeBeforeTax": 0, "incomeBeforeTaxRatio": 0, "incomeTaxExpense": 38400000, "netIncome": 7100000, "netIncomeRatio": 0.2517730496, "eps": 0.54, "epsdiluted": 0.54, "weightedAverageShsOut": 8019072, "weightedAverageShsOutDil": 8019072, "link": "", "finalLink": "", "calculatedOtherExpenses": -19000000, "calculatedOperatingExpenses": -17300000, "calculatedNetInterest": 0, "calculatedOtherIncome": -45500000, "calculatedIncomeNonControlling": -45500000, "calculatedEbitda": 50400000}]}