{"originalCurrency": "USD", "convertedCurrency": "USD", "report": [{"date": "2023-06-30", "symbol": "AIT", "reportedCurrency": "USD", "cik": "0000109563", "fillingDate": "2023-08-11", "acceptedDate": "2023-08-11 11:20:49", "calendarYear": "2023", "period": "FY", "revenue": 4412794000, "costOfRevenue": 3125829000, "grossProfit": 1286965000, "grossProfitRatio": 0.2916440242, "researchAndDevelopmentExpenses": 0, "generalAndAdministrativeExpenses": 815284000, "sellingAndMarketingExpenses": 813814000, "sellingGeneralAndAdministrativeExpenses": 813814000, "otherExpenses": -1701000, "operatingExpenses": 813814000, "costAndExpenses": 3939643000, "interestIncome": 3151000, "interestExpense": 24790000, "depreciationAndAmortization": 53071000, "ebitda": 526222000, "ebitdaratio": 0.119249165, "operatingIncome": 473151000, "operatingIncomeRatio": 0.1072225443, "totalOtherIncomeExpensesNet": -1701000, "incomeBeforeTax": 449811000, "incomeBeforeTaxRatio": 0.1019333783, "incomeTaxExpense": 103072000, "netIncome": 346739000, "netIncomeRatio": 0.0785758411, "eps": 8.98, "epsdiluted": 8.84, "weightedAverageShsOut": 38592000, "weightedAverageShsOutDil": 39220000, "link": "https://www.sec.gov/Archives/edgar/data/109563/000010956323000075/0000109563-23-000075-index.htm", "finalLink": "https://www.sec.gov/Archives/edgar/data/109563/000010956323000075/ait-20230630.htm", "calculatedOtherExpenses": 0, "calculatedOperatingExpenses": 813814000, "calculatedNetInterest": -21639000, "calculatedOtherIncome": -1701000, "calculatedIncomeNonControlling": 0, "calculatedEbitda": 526222000}, {"date": "2022-06-30", "symbol": "AIT", "reportedCurrency": "USD", "cik": "0000109563", "fillingDate": "2022-08-12", "acceptedDate": "2022-08-12 11:13:34", "calendarYear": "2022", "period": "FY", "revenue": 3810676000, "costOfRevenue": 2703760000, "grossProfit": 1106916000, "grossProfitRatio": 0.2904775951, "researchAndDevelopmentExpenses": 0, "generalAndAdministrativeExpenses": 749058000, "sellingAndMarketingExpenses": 17890000, "sellingGeneralAndAdministrativeExpenses": 749058000, "otherExpenses": -1805000, "operatingExpenses": 749058000, "costAndExpenses": 3452818000, "interestIncome": 522000, "interestExpense": 26785000, "depreciationAndAmortization": 53555000, "ebitda": 411413000, "ebitdaratio": 0.107963259, "operatingIncome": 357858000, "operatingIncomeRatio": 0.0939093221, "totalOtherIncomeExpensesNet": -28068000, "incomeBeforeTax": 329790000, "incomeBeforeTaxRatio": 0.0865436999, "incomeTaxExpense": 72376000, "netIncome": 257414000, "netIncomeRatio": 0.0675507443, "eps": 6.69, "epsdiluted": 6.58, "weightedAverageShsOut": 38471000, "weightedAverageShsOutDil": 39105000, "link": "https://www.sec.gov/Archives/edgar/data/109563/000010956322000096/0000109563-22-000096-index.htm", "finalLink": "https://www.sec.gov/Archives/edgar/data/109563/000010956322000096/ait-20220630.htm", "calculatedOtherExpenses": 0, "calculatedOperatingExpenses": 749058000, "calculatedNetInterest": -26263000, "calculatedOtherIncome": -1805000, "calculatedIncomeNonControlling": 0, "calculatedEbitda": 411413000}, {"date": "2021-06-30", "symbol": "AIT", "reportedCurrency": "USD", "cik": "0000109563", "fillingDate": "2021-08-17", "acceptedDate": "2021-08-17 16:36:47", "calendarYear": "2021", "period": "FY", "revenue": 3235919000, "costOfRevenue": 2300395000, "grossProfit": 935524000, "grossProfitRatio": 0.2891061241, "researchAndDevelopmentExpenses": 0, "generalAndAdministrativeExpenses": 680542000, "sellingAndMarketingExpenses": 680542000, "sellingGeneralAndAdministrativeExpenses": 680542000, "otherExpenses": 2200000, "operatingExpenses": 680542000, "costAndExpenses": 2980937000, "interestIncome": 215000, "interestExpense": 30592000, "depreciationAndAmortization": 106873000, "ebitda": 312327000, "ebitdaratio": 0.0965187942, "operatingIncome": 205454000, "operatingIncomeRatio": 0.0634917005, "totalOtherIncomeExpensesNet": -28392000, "incomeBeforeTax": 177062000, "incomeBeforeTaxRatio": 0.0547176861, "incomeTaxExpense": 32305000, "netIncome": 144757000, "netIncomeRatio": 0.0447344325, "eps": 3.73, "epsdiluted": 3.68, "weightedAverageShsOut": 38758000, "weightedAverageShsOutDil": 39296000, "link": "https://www.sec.gov/Archives/edgar/data/109563/000010956321000082/0000109563-21-000082-index.htm", "finalLink": "https://www.sec.gov/Archives/edgar/data/109563/000010956321000082/ait-20210630.htm", "calculatedOtherExpenses": 49528000, "calculatedOperatingExpenses": 730070000, "calculatedNetInterest": -30377000, "calculatedOtherIncome": 1985000, "calculatedIncomeNonControlling": 0, "calculatedEbitda": 312327000}, {"date": "2020-06-30", "symbol": "AIT", "reportedCurrency": "USD", "cik": "0000109563", "fillingDate": "2020-08-14", "acceptedDate": "2020-08-14 14:30:10", "calendarYear": "2020", "period": "FY", "revenue": 3245652000, "costOfRevenue": 2307916000, "grossProfit": 937736000, "grossProfitRatio": 0.2889206853, "researchAndDevelopmentExpenses": 0, "generalAndAdministrativeExpenses": 717980000, "sellingAndMarketingExpenses": -233000, "sellingGeneralAndAdministrativeExpenses": 717747000, "otherExpenses": 2782000, "operatingExpenses": 717747000, "costAndExpenses": 3025663000, "interestIncome": 729000, "interestExpense": 36535000, "depreciationAndAmortization": 62749000, "ebitda": 285520000, "ebitdaratio": 0.087969998, "operatingIncome": 222771000, "operatingIncomeRatio": 0.0686367485, "totalOtherIncomeExpensesNet": -167535000, "incomeBeforeTax": 55236000, "incomeBeforeTaxRatio": 0.0170184604, "incomeTaxExpense": 31194000, "netIncome": 24042000, "netIncomeRatio": 0.0074074485, "eps": 0.62, "epsdiluted": 0.62, "weightedAverageShsOut": 38658000, "weightedAverageShsOutDil": 38999000, "link": "https://www.sec.gov/Archives/edgar/data/109563/000010956320000083/0000109563-20-000083-index.htm", "finalLink": "https://www.sec.gov/Archives/edgar/data/109563/000010956320000083/ait-2020630x10k.htm", "calculatedOtherExpenses": -2782000, "calculatedOperatingExpenses": 714965000, "calculatedNetInterest": -35806000, "calculatedOtherIncome": -131729000, "calculatedIncomeNonControlling": 0, "calculatedEbitda": 285520000}, {"date": "2019-06-30", "symbol": "AIT", "reportedCurrency": "USD", "cik": "0000109563", "fillingDate": "2019-08-16", "acceptedDate": "2019-08-16 16:36:46", "calendarYear": "2019", "period": "FY", "revenue": 3472739000, "costOfRevenue": 2465116000, "grossProfit": 1007623000, "grossProfitRatio": 0.2901522401, "researchAndDevelopmentExpenses": 0, "generalAndAdministrativeExpenses": 718151000, "sellingAndMarketingExpenses": 24090000, "sellingGeneralAndAdministrativeExpenses": 742241000, "otherExpenses": 881000, "operatingExpenses": 742241000, "costAndExpenses": 3207357000, "interestIncome": 600000, "interestExpense": 40788000, "depreciationAndAmortization": 125307000, "ebitda": 359095000, "ebitdaratio": 0.1034039702, "operatingIncome": 233788000, "operatingIncomeRatio": 0.0673209245, "totalOtherIncomeExpensesNet": -39307000, "incomeBeforeTax": 194481000, "incomeBeforeTaxRatio": 0.0560021931, "incomeTaxExpense": 50488000, "netIncome": 143993000, "netIncomeRatio": 0.0414638129, "eps": 3.72, "epsdiluted": 3.68, "weightedAverageShsOut": 38670000, "weightedAverageShsOutDil": 39160000, "link": "https://www.sec.gov/Archives/edgar/data/109563/000010956319000095/0000109563-19-000095-index.htm", "finalLink": "https://www.sec.gov/Archives/edgar/data/109563/000010956319000095/ait-2019630x10k.htm", "calculatedOtherExpenses": 31594000, "calculatedOperatingExpenses": 773835000, "calculatedNetInterest": -40188000, "calculatedOtherIncome": 881000, "calculatedIncomeNonControlling": 0, "calculatedEbitda": 359095000}, {"date": "2018-06-30", "symbol": "AIT", "reportedCurrency": "USD", "cik": "0000109563", "fillingDate": "2018-08-17", "acceptedDate": "2018-08-17 14:13:55", "calendarYear": "2018", "period": "FY", "revenue": 3073274000, "costOfRevenue": 2189279000, "grossProfit": 883995000, "grossProfitRatio": 0.2876395011, "researchAndDevelopmentExpenses": 0, "generalAndAdministrativeExpenses": 658168000, "sellingAndMarketingExpenses": 19320000, "sellingGeneralAndAdministrativeExpenses": 658168000, "otherExpenses": 2376000, "operatingExpenses": 658168000, "costAndExpenses": 2847447000, "interestIncome": 657000, "interestExpense": 24142000, "depreciationAndAmortization": 49863000, "ebitda": 275690000, "ebitdaratio": 0.0897056364, "operatingIncome": 225827000, "operatingIncomeRatio": 0.0734809197, "totalOtherIncomeExpensesNet": 2376000, "incomeBeforeTax": 204718000, "incomeBeforeTaxRatio": 0.0666123489, "incomeTaxExpense": 63093000, "netIncome": 141625000, "netIncomeRatio": 0.0460827769, "eps": 3.65, "epsdiluted": 3.61, "weightedAverageShsOut": 38752000, "weightedAverageShsOutDil": 39281000, "link": "https://www.sec.gov/Archives/edgar/data/109563/000010956318000111/0000109563-18-000111-index.htm", "finalLink": "https://www.sec.gov/Archives/edgar/data/109563/000010956318000111/ait-2018630x10k.htm", "calculatedOtherExpenses": 0, "calculatedOperatingExpenses": 658168000, "calculatedNetInterest": -23485000, "calculatedOtherIncome": 2376000, "calculatedIncomeNonControlling": 0, "calculatedEbitda": 275690000}, {"date": "2017-06-30", "symbol": "AIT", "reportedCurrency": "USD", "cik": "0000109563", "fillingDate": "2017-08-18", "acceptedDate": "2017-08-18 12:57:32", "calendarYear": "2017", "period": "FY", "revenue": 2593746000, "costOfRevenue": 1856051000, "grossProfit": 737695000, "grossProfitRatio": 0.2844129687, "researchAndDevelopmentExpenses": 0, "generalAndAdministrativeExpenses": 563105000, "sellingAndMarketingExpenses": 20060000, "sellingGeneralAndAdministrativeExpenses": 563105000, "otherExpenses": 917000, "operatingExpenses": 563105000, "costAndExpenses": 2419156000, "interestIncome": 290000, "interestExpense": 8831000, "depreciationAndAmortization": 39677000, "ebitda": 214267000, "ebitdaratio": 0.0826090913, "operatingIncome": 174590000, "operatingIncomeRatio": 0.067311911, "totalOtherIncomeExpensesNet": 917000, "incomeBeforeTax": 166966000, "incomeBeforeTaxRatio": 0.064372533, "incomeTaxExpense": 33056000, "netIncome": 133910000, "netIncomeRatio": 0.0516280314, "eps": 3.43, "epsdiluted": 3.4, "weightedAverageShsOut": 39013000, "weightedAverageShsOutDil": 39404000, "link": "https://www.sec.gov/Archives/edgar/data/109563/000010956317000128/0000109563-17-000128-index.htm", "finalLink": "https://www.sec.gov/Archives/edgar/data/109563/000010956317000128/ait-2017630x10k.htm", "calculatedOtherExpenses": 0, "calculatedOperatingExpenses": 563105000, "calculatedNetInterest": -8541000, "calculatedOtherIncome": 917000, "calculatedIncomeNonControlling": 0, "calculatedEbitda": 214267000}, {"date": "2016-06-30", "symbol": "AIT", "reportedCurrency": "USD", "cik": "0000109563", "fillingDate": "2016-08-24", "acceptedDate": "2016-08-24 16:51:52", "calendarYear": "2016", "period": "FY", "revenue": 2519428000, "costOfRevenue": 1812006000, "grossProfit": 707422000, "grossProfitRatio": 0.28078675, "researchAndDevelopmentExpenses": 0, "generalAndAdministrativeExpenses": 553827000, "sellingAndMarketingExpenses": 21480000, "sellingGeneralAndAdministrativeExpenses": 553827000, "otherExpenses": -1060000, "operatingExpenses": 553827000, "costAndExpenses": 2365833000, "interestIncome": 241000, "interestExpense": 9004000, "depreciationAndAmortization": 41546000, "ebitda": 259935000, "ebitdaratio": 0.103172228, "operatingIncome": 88801000, "operatingIncomeRatio": 0.0352464925, "totalOtherIncomeExpensesNet": -65854000, "incomeBeforeTax": 78978000, "incomeBeforeTaxRatio": 0.0313475916, "incomeTaxExpense": 49401000, "netIncome": 29577000, "netIncomeRatio": 0.0117395695, "eps": 0.75, "epsdiluted": 0.75, "weightedAverageShsOut": 39254000, "weightedAverageShsOutDil": 39466000, "link": "https://www.sec.gov/Archives/edgar/data/109563/000010956316000283/0000109563-16-000283-index.htm", "finalLink": "https://www.sec.gov/Archives/edgar/data/109563/000010956316000283/ait-2016630x10k.htm", "calculatedOtherExpenses": 64794000, "calculatedOperatingExpenses": 618621000, "calculatedNetInterest": -8763000, "calculatedOtherIncome": -1060000, "calculatedIncomeNonControlling": 0, "calculatedEbitda": 130347000}, {"date": "2015-06-30", "symbol": "AIT", "reportedCurrency": "USD", "cik": "0000109563", "fillingDate": "2015-08-26", "acceptedDate": "2015-08-26 17:19:34", "calendarYear": "2015", "period": "FY", "revenue": 2751561000, "costOfRevenue": 1981747000, "grossProfit": 769814000, "grossProfitRatio": 0.279773554, "researchAndDevelopmentExpenses": 0, "generalAndAdministrativeExpenses": 585195000, "sellingAndMarketingExpenses": 24430000, "sellingGeneralAndAdministrativeExpenses": 585195000, "otherExpenses": -879000, "operatingExpenses": 585195000, "costAndExpenses": 2566942000, "interestIncome": 252000, "interestExpense": 8121000, "depreciationAndAmortization": 42375000, "ebitda": 226994000, "ebitdaratio": 0.0824964447, "operatingIncome": 184619000, "operatingIncomeRatio": 0.0670960956, "totalOtherIncomeExpensesNet": -879000, "incomeBeforeTax": 175871000, "incomeBeforeTaxRatio": 0.0639168094, "incomeTaxExpense": 60387000, "netIncome": 115484000, "netIncomeRatio": 0.0419703579, "eps": 2.82, "epsdiluted": 2.8, "weightedAverageShsOut": 40892000, "weightedAverageShsOutDil": 41187000, "link": "https://www.sec.gov/Archives/edgar/data/109563/000010956315000129/0000109563-15-000129-index.htm", "finalLink": "https://www.sec.gov/Archives/edgar/data/109563/000010956315000129/ait-2015630x10k.htm", "calculatedOtherExpenses": 0, "calculatedOperatingExpenses": 585195000, "calculatedNetInterest": -7869000, "calculatedOtherIncome": -879000, "calculatedIncomeNonControlling": 0, "calculatedEbitda": 226994000}, {"date": "2014-06-30", "symbol": "AIT", "reportedCurrency": "USD", "cik": "0000109563", "fillingDate": "2014-08-22", "acceptedDate": "2014-08-22 17:02:10", "calendarYear": "2014", "period": "FY", "revenue": 2459878000, "costOfRevenue": 1772952000, "grossProfit": 686926000, "grossProfitRatio": 0.2792520605, "researchAndDevelopmentExpenses": 0, "generalAndAdministrativeExpenses": 522568000, "sellingAndMarketingExpenses": 16230000, "sellingGeneralAndAdministrativeExpenses": 522568000, "otherExpenses": 2153000, "operatingExpenses": 522568000, "costAndExpenses": 2295520000, "interestIncome": 651000, "interestExpense": 900000, "depreciationAndAmortization": 28000000, "ebitda": 192358000, "ebitdaratio": 0.0781981871, "operatingIncome": 164358000, "operatingIncomeRatio": 0.0668155087, "totalOtherIncomeExpensesNet": 2153000, "incomeBeforeTax": 166262000, "incomeBeforeTaxRatio": 0.0675895309, "incomeTaxExpense": 53441000, "netIncome": 112821000, "netIncomeRatio": 0.0458644697, "eps": 2.69, "epsdiluted": 2.67, "weightedAverageShsOut": 41942000, "weightedAverageShsOutDil": 42331000, "link": "https://www.sec.gov/Archives/edgar/data/109563/000010956314000034/0000109563-14-000034-index.htm", "finalLink": "https://www.sec.gov/Archives/edgar/data/109563/000010956314000034/ait-2014630x10k.htm", "calculatedOtherExpenses": 0, "calculatedOperatingExpenses": 522568000, "calculatedNetInterest": -249000, "calculatedOtherIncome": 2153000, "calculatedIncomeNonControlling": 0, "calculatedEbitda": 192358000}, {"date": "2013-06-30", "symbol": "AIT", "reportedCurrency": "USD", "cik": "0000109563", "fillingDate": "2013-08-20", "acceptedDate": "2013-08-20 17:23:05", "calendarYear": "2013", "period": "FY", "revenue": 2462171000, "costOfRevenue": 1779209000, "grossProfit": 682962000, "grossProfitRatio": 0.277382034, "researchAndDevelopmentExpenses": 0, "generalAndAdministrativeExpenses": 506563000, "sellingAndMarketingExpenses": 15560000, "sellingGeneralAndAdministrativeExpenses": 506563000, "otherExpenses": 1431000, "operatingExpenses": 506563000, "costAndExpenses": 2285772000, "interestIncome": 456000, "interestExpense": 621000, "depreciationAndAmortization": 25734000, "ebitda": 202133000, "ebitdaratio": 0.0820954353, "operatingIncome": 176399000, "operatingIncomeRatio": 0.0716436836, "totalOtherIncomeExpensesNet": 1431000, "incomeBeforeTax": 177665000, "incomeBeforeTaxRatio": 0.0721578639, "incomeTaxExpense": 59516000, "netIncome": 118149000, "netIncomeRatio": 0.0479857004, "eps": 2.81, "epsdiluted": 2.78, "weightedAverageShsOut": 42060000, "weightedAverageShsOutDil": 42542000, "link": "https://www.sec.gov/Archives/edgar/data/109563/000010956313000029/0000109563-13-000029-index.htm", "finalLink": "https://www.sec.gov/Archives/edgar/data/109563/000010956313000029/ait-2013630x10k.htm", "calculatedOtherExpenses": 0, "calculatedOperatingExpenses": 506563000, "calculatedNetInterest": -165000, "calculatedOtherIncome": 1431000, "calculatedIncomeNonControlling": 0, "calculatedEbitda": 202133000}, {"date": "2012-06-30", "symbol": "AIT", "reportedCurrency": "USD", "cik": "0000109563", "fillingDate": "2012-08-15", "acceptedDate": "2012-08-15 14:22:37", "calendarYear": "2012", "period": "FY", "revenue": 2375445000, "costOfRevenue": 1720973000, "grossProfit": 654472000, "grossProfitRatio": 0.275515535, "researchAndDevelopmentExpenses": 0, "generalAndAdministrativeExpenses": 486077000, "sellingAndMarketingExpenses": 0, "sellingGeneralAndAdministrativeExpenses": 486077000, "otherExpenses": 0, "operatingExpenses": 486077000, "costAndExpenses": 2207050000, "interestIncome": 466000, "interestExpense": 457000, "depreciationAndAmortization": 22701000, "ebitda": 192674000, "ebitdaratio": 0.0811106972, "operatingIncome": 168395000, "operatingIncomeRatio": 0.0708898754, "totalOtherIncomeExpensesNet": -1578000, "incomeBeforeTax": 166826000, "incomeBeforeTaxRatio": 0.0702293676, "incomeTaxExpense": 58047000, "netIncome": 108779000, "netIncomeRatio": 0.045793104, "eps": 2.58, "epsdiluted": 2.54, "weightedAverageShsOut": 42139000, "weightedAverageShsOutDil": 42823000, "link": "https://www.sec.gov/Archives/edgar/data/109563/000010956312000038/0000109563-12-000038-index.htm", "finalLink": "https://www.sec.gov/Archives/edgar/data/109563/000010956312000038/ait-2012630x10k.htm", "calculatedOtherExpenses": 0, "calculatedOperatingExpenses": 486077000, "calculatedNetInterest": 9000, "calculatedOtherIncome": -1578000, "calculatedIncomeNonControlling": 0, "calculatedEbitda": 191096000}, {"date": "2011-06-30", "symbol": "AIT", "reportedCurrency": "USD", "cik": "0000109563", "fillingDate": "2011-08-17", "acceptedDate": "2011-08-17 16:27:01", "calendarYear": "2011", "period": "FY", "revenue": 2212849000, "costOfRevenue": 1599739000, "grossProfit": 613110000, "grossProfitRatio": 0.2770681596, "researchAndDevelopmentExpenses": 0, "generalAndAdministrativeExpenses": 462347000, "sellingAndMarketingExpenses": 0, "sellingGeneralAndAdministrativeExpenses": 462347000, "otherExpenses": 0, "operatingExpenses": 462347000, "costAndExpenses": 2062086000, "interestIncome": 413000, "interestExpense": 1668000, "depreciationAndAmortization": 22616000, "ebitda": 173379000, "ebitdaratio": 0.0783510307, "operatingIncome": 150763000, "operatingIncomeRatio": 0.068130722, "totalOtherIncomeExpensesNet": 3793000, "incomeBeforeTax": 152888000, "incomeBeforeTaxRatio": 0.0690910225, "incomeTaxExpense": 56129000, "netIncome": 96759000, "netIncomeRatio": 0.043725984, "eps": 2.28, "epsdiluted": 2.24, "weightedAverageShsOut": 42433000, "weightedAverageShsOutDil": 43254000, "link": "https://www.sec.gov/Archives/edgar/data/109563/000095012311078219/0000950123-11-078219-index.htm", "finalLink": "https://www.sec.gov/Archives/edgar/data/109563/000095012311078219/l43009e10vk.htm", "calculatedOtherExpenses": 0, "calculatedOperatingExpenses": 462347000, "calculatedNetInterest": -1255000, "calculatedOtherIncome": 3380000, "calculatedIncomeNonControlling": 0, "calculatedEbitda": 173379000}, {"date": "2010-06-30", "symbol": "AIT", "reportedCurrency": "USD", "cik": "0000109563", "fillingDate": "2010-08-13", "acceptedDate": "2010-08-13 14:14:54", "calendarYear": "2010", "period": "FY", "revenue": 1893208000, "costOfRevenue": 1377486000, "grossProfit": 515722000, "grossProfitRatio": 0.2724064128, "researchAndDevelopmentExpenses": 0, "generalAndAdministrativeExpenses": 405672000, "sellingAndMarketingExpenses": 0, "sellingGeneralAndAdministrativeExpenses": 405672000, "otherExpenses": 0, "operatingExpenses": 405672000, "costAndExpenses": 1783158000, "interestIncome": 280000, "interestExpense": 5738000, "depreciationAndAmortization": 21616000, "ebitda": 131241000, "ebitdaratio": 0.0693220185, "operatingIncome": 110050000, "operatingIncomeRatio": 0.058128848, "totalOtherIncomeExpensesNet": 425000, "incomeBeforeTax": 105017000, "incomeBeforeTaxRatio": 0.0554703973, "incomeTaxExpense": 39114000, "netIncome": 65903000, "netIncomeRatio": 0.0348102269, "eps": 1.56, "epsdiluted": 1.54, "weightedAverageShsOut": 42312000, "weightedAverageShsOutDil": 42917000, "link": "https://www.sec.gov/Archives/edgar/data/109563/000095012310077196/0000950123-10-077196-index.htm", "finalLink": "https://www.sec.gov/Archives/edgar/data/109563/000095012310077196/l40505e10vk.htm", "calculatedOtherExpenses": 0, "calculatedOperatingExpenses": 405672000, "calculatedNetInterest": -5458000, "calculatedOtherIncome": 425000, "calculatedIncomeNonControlling": 0, "calculatedEbitda": 131666000}, {"date": "2009-06-30", "symbol": "AIT", "reportedCurrency": "USD", "cik": "0000109563", "fillingDate": "2009-08-19", "acceptedDate": "2009-08-19 13:29:46", "calendarYear": "2009", "period": "FY", "revenue": 1923148000, "costOfRevenue": 1403138000, "grossProfit": 520010000, "grossProfitRatio": 0.2703952062, "researchAndDevelopmentExpenses": 0, "generalAndAdministrativeExpenses": 410912000, "sellingAndMarketingExpenses": 0, "sellingGeneralAndAdministrativeExpenses": 410912000, "otherExpenses": 0, "operatingExpenses": 410912000, "costAndExpenses": 1814050000, "interestIncome": 1099000, "interestExpense": 4424000, "depreciationAndAmortization": 22391000, "ebitda": 129234000, "ebitdaratio": 0.0671991963, "operatingIncome": 72493000, "operatingIncomeRatio": 0.0376949668, "totalOtherIncomeExpensesNet": -36605000, "incomeBeforeTax": 65814000, "incomeBeforeTaxRatio": 0.0342220152, "incomeTaxExpense": 23554000, "netIncome": 42260000, "netIncomeRatio": 0.0219743878, "eps": 1, "epsdiluted": 0.99, "weightedAverageShsOut": 42287000, "weightedAverageShsOutDil": 42794000, "link": "https://www.sec.gov/Archives/edgar/data/109563/000095012309036454/0000950123-09-036454-index.htm", "finalLink": "https://www.sec.gov/Archives/edgar/data/109563/000095012309036454/l37373e10vk.htm", "calculatedOtherExpenses": 36605000, "calculatedOperatingExpenses": 447517000, "calculatedNetInterest": -3325000, "calculatedOtherIncome": -3354000, "calculatedIncomeNonControlling": 0, "calculatedEbitda": 94884000}, {"date": "2008-06-30", "symbol": "AIT", "reportedCurrency": "USD", "cik": "0000109563", "fillingDate": "2008-08-20", "acceptedDate": "2008-08-20 17:01:58", "calendarYear": "2008", "period": "FY", "revenue": 2089456000, "costOfRevenue": 1520173000, "grossProfit": 569283000, "grossProfitRatio": 0.2724551271, "researchAndDevelopmentExpenses": 0, "generalAndAdministrativeExpenses": 416459000, "sellingAndMarketingExpenses": 0, "sellingGeneralAndAdministrativeExpenses": 416459000, "otherExpenses": 0, "operatingExpenses": 416459000, "costAndExpenses": 1936632000, "interestIncome": 0, "interestExpense": 0, "depreciationAndAmortization": 14044000, "ebitda": 167095000, "ebitdaratio": 0.0799705761, "operatingIncome": 152824000, "operatingIncomeRatio": 0.0731405686, "totalOtherIncomeExpensesNet": -227000, "incomeBeforeTax": 151715000, "incomeBeforeTaxRatio": 0.0726098085, "incomeTaxExpense": 56259000, "netIncome": 95456000, "netIncomeRatio": 0.0456846184, "eps": 2.23, "epsdiluted": 2.19, "weightedAverageShsOut": 42797000, "weightedAverageShsOutDil": 43552000, "link": "https://www.sec.gov/Archives/edgar/data/109563/000136231008004784/0001362310-08-004784-index.htm", "finalLink": "https://www.sec.gov/Archives/edgar/data/109563/000136231008004784/c74801e10vk.htm", "calculatedOtherExpenses": 0, "calculatedOperatingExpenses": 416459000, "calculatedNetInterest": 0, "calculatedOtherIncome": -1109000, "calculatedIncomeNonControlling": 0, "calculatedEbitda": 166868000}, {"date": "2007-06-30", "symbol": "AIT", "reportedCurrency": "USD", "cik": "0000109563", "fillingDate": "2007-08-27", "acceptedDate": "2007-08-27 17:04:23", "calendarYear": "2007", "period": "FY", "revenue": 2014109000, "costOfRevenue": 1466057000, "grossProfit": 548052000, "grossProfitRatio": 0.2721064252, "researchAndDevelopmentExpenses": 0, "generalAndAdministrativeExpenses": 413041000, "sellingAndMarketingExpenses": 0, "sellingGeneralAndAdministrativeExpenses": 413041000, "otherExpenses": 0, "operatingExpenses": 413041000, "costAndExpenses": 1879098000, "interestIncome": 0, "interestExpense": 0, "depreciationAndAmortization": 13743000, "ebitda": 147575000, "ebitdaratio": 0.0732706125, "operatingIncome": 135011000, "operatingIncomeRatio": 0.0670326184, "totalOtherIncomeExpensesNet": 1179000, "incomeBeforeTax": 133830000, "incomeBeforeTaxRatio": 0.0664462549, "incomeTaxExpense": 47808000, "netIncome": 86022000, "netIncomeRatio": 0.0427097044, "eps": 1.97, "epsdiluted": 1.93, "weightedAverageShsOut": 43665990, "weightedAverageShsOutDil": 44570984, "link": "https://www.sec.gov/Archives/edgar/data/109563/000095015207007127/0000950152-07-007127-index.htm", "finalLink": "https://www.sec.gov/Archives/edgar/data/109563/000095015207007127/l27761ae10vk.htm", "calculatedOtherExpenses": 0, "calculatedOperatingExpenses": 413041000, "calculatedNetInterest": 0, "calculatedOtherIncome": -1181000, "calculatedIncomeNonControlling": 0, "calculatedEbitda": 148754000}, {"date": "2006-06-30", "symbol": "AIT", "reportedCurrency": "USD", "cik": "0000109563", "fillingDate": "2006-08-28", "acceptedDate": "2006-08-28 16:22:19", "calendarYear": "2006", "period": "FY", "revenue": 1900780000, "costOfRevenue": 1386895000, "grossProfit": 513885000, "grossProfitRatio": 0.2703548017, "researchAndDevelopmentExpenses": 0, "generalAndAdministrativeExpenses": 398293000, "sellingAndMarketingExpenses": 0, "sellingGeneralAndAdministrativeExpenses": 398293000, "otherExpenses": 0, "operatingExpenses": 398293000, "costAndExpenses": 1785188000, "interestIncome": 0, "interestExpense": 0, "depreciationAndAmortization": 12337000, "ebitda": 127212000, "ebitdaratio": 0.0669262092, "operatingIncome": 115592000, "operatingIncomeRatio": 0.0608129294, "totalOtherIncomeExpensesNet": 717000, "incomeBeforeTax": 113099000, "incomeBeforeTaxRatio": 0.0595013626, "incomeTaxExpense": 40800000, "netIncome": 72299000, "netIncomeRatio": 0.0380364903, "eps": 1.62, "epsdiluted": 1.57, "weightedAverageShsOut": 44629012, "weightedAverageShsOutDil": 46050318, "link": "https://www.sec.gov/Archives/edgar/data/109563/000095015206007266/0000950152-06-007266-index.htm", "finalLink": "https://www.sec.gov/Archives/edgar/data/109563/000095015206007266/l22078ae10vk.txt", "calculatedOtherExpenses": 0, "calculatedOperatingExpenses": 398293000, "calculatedNetInterest": 0, "calculatedOtherIncome": -2493000, "calculatedIncomeNonControlling": 0, "calculatedEbitda": 127929000}, {"date": "2005-06-30", "symbol": "AIT", "reportedCurrency": "USD", "cik": "0000109563", "fillingDate": "2005-09-02", "acceptedDate": "2005-09-02 09:06:16", "calendarYear": "2005", "period": "FY", "revenue": 1717055000, "costOfRevenue": 1262206000, "grossProfit": 454849000, "grossProfitRatio": 0.2649006584, "researchAndDevelopmentExpenses": 0, "generalAndAdministrativeExpenses": 366881000, "sellingAndMarketingExpenses": 0, "sellingGeneralAndAdministrativeExpenses": 366881000, "otherExpenses": 0, "operatingExpenses": 366881000, "costAndExpenses": 1629087000, "interestIncome": 0, "interestExpense": 0, "depreciationAndAmortization": 16471000, "ebitda": 101338000, "ebitdaratio": 0.0590184939, "operatingIncome": 87968000, "operatingIncomeRatio": 0.0512319058, "totalOtherIncomeExpensesNet": 3101000, "incomeBeforeTax": 86339000, "incomeBeforeTaxRatio": 0.0502831884, "incomeTaxExpense": 31000000, "netIncome": 55339000, "netIncomeRatio": 0.03222902, "eps": 0.83, "epsdiluted": 0.8, "weightedAverageShsOut": 44334000, "weightedAverageShsOutDil": 45928500, "link": "https://www.sec.gov/Archives/edgar/data/109563/000095015205007434/0000950152-05-007434-index.htm", "finalLink": "https://www.sec.gov/Archives/edgar/data/109563/000095015205007434/l15848ae10vk.txt", "calculatedOtherExpenses": 0, "calculatedOperatingExpenses": 366881000, "calculatedNetInterest": 0, "calculatedOtherIncome": -1629000, "calculatedIncomeNonControlling": 0, "calculatedEbitda": 104439000}, {"date": "2004-06-30", "symbol": "AIT", "reportedCurrency": "USD", "cik": "0000109563", "fillingDate": "2004-09-09", "acceptedDate": "2004-09-09 09:44:10", "calendarYear": "2004", "period": "FY", "revenue": 1517004000, "costOfRevenue": 1114861000, "grossProfit": 402143000, "grossProfitRatio": 0.26509027, "researchAndDevelopmentExpenses": 0, "generalAndAdministrativeExpenses": 350695000, "sellingAndMarketingExpenses": 0, "sellingGeneralAndAdministrativeExpenses": 350695000, "otherExpenses": 0, "operatingExpenses": 350695000, "costAndExpenses": 1465556000, "interestIncome": 0, "interestExpense": 0, "depreciationAndAmortization": 16252000, "ebitda": 67268000, "ebitdaratio": 0.0443426649, "operatingIncome": 51448000, "operatingIncomeRatio": 0.0339142151, "totalOtherIncomeExpensesNet": 432000, "incomeBeforeTax": 46471000, "incomeBeforeTaxRatio": 0.0306334064, "incomeTaxExpense": 15000000, "netIncome": 31471000, "netIncomeRatio": 0.0207454957, "eps": 0.48, "epsdiluted": 0.48, "weightedAverageShsOut": 43146000, "weightedAverageShsOutDil": 44034750, "link": "https://www.sec.gov/Archives/edgar/data/109563/000095015204006757/0000950152-04-006757-index.htm", "finalLink": "https://www.sec.gov/Archives/edgar/data/109563/000095015204006757/l09472ae10vk.txt", "calculatedOtherExpenses": 0, "calculatedOperatingExpenses": 350695000, "calculatedNetInterest": 0, "calculatedOtherIncome": -4977000, "calculatedIncomeNonControlling": 0, "calculatedEbitda": 67700000}, {"date": "2003-06-30", "symbol": "AIT", "reportedCurrency": "USD", "cik": "0000109563", "fillingDate": "2003-09-17", "acceptedDate": "2003-09-17 09:51:58", "calendarYear": "2003", "period": "FY", "revenue": 1464367000, "costOfRevenue": 1085072000, "grossProfit": 379295000, "grossProfitRatio": 0.2590163531, "researchAndDevelopmentExpenses": 0, "generalAndAdministrativeExpenses": 343041000, "sellingAndMarketingExpenses": 0, "sellingGeneralAndAdministrativeExpenses": 343041000, "otherExpenses": 0, "operatingExpenses": 343041000, "costAndExpenses": 1428113000, "interestIncome": 0, "interestExpense": 0, "depreciationAndAmortization": 15205000, "ebitda": 51483000, "ebitdaratio": 0.0351571703, "operatingIncome": 36254000, "operatingIncomeRatio": 0.0247574549, "totalOtherIncomeExpensesNet": -24000, "incomeBeforeTax": 30932000, "incomeBeforeTaxRatio": 0.0211231201, "incomeTaxExpense": 11100000, "netIncome": 19832000, "netIncomeRatio": 0.0135430531, "eps": 0.47, "epsdiluted": 0.46, "weightedAverageShsOut": 42497143, "weightedAverageShsOutDil": 43322330, "link": "https://www.sec.gov/Archives/edgar/data/109563/000095015203008299/0000950152-03-008299-index.htm", "finalLink": "https://www.sec.gov/Archives/edgar/data/109563/000095015203008299/l03051ae10vk.txt", "calculatedOtherExpenses": 0, "calculatedOperatingExpenses": 343041000, "calculatedNetInterest": 0, "calculatedOtherIncome": -5322000, "calculatedIncomeNonControlling": 0, "calculatedEbitda": 51459000}, {"date": "2002-06-30", "symbol": "AIT", "reportedCurrency": "USD", "cik": "0000109563", "fillingDate": "2002-09-23", "acceptedDate": "2002-09-23 16:27:23", "calendarYear": "2002", "period": "FY", "revenue": 1446569000, "costOfRevenue": 1080879000, "grossProfit": 365690000, "grossProfitRatio": 0.2527981728, "researchAndDevelopmentExpenses": 0, "generalAndAdministrativeExpenses": 334856000, "sellingAndMarketingExpenses": 0, "sellingGeneralAndAdministrativeExpenses": 334856000, "otherExpenses": 0, "operatingExpenses": 334856000, "costAndExpenses": 1415735000, "interestIncome": 0, "interestExpense": 0, "depreciationAndAmortization": 17548000, "ebitda": 48723000, "ebitdaratio": 0.033681767, "operatingIncome": 30834000, "operatingIncomeRatio": 0.0213152639, "totalOtherIncomeExpensesNet": -341000, "incomeBeforeTax": 23755000, "incomeBeforeTaxRatio": 0.0164216156, "incomeTaxExpense": 9000000, "netIncome": 2655000, "netIncomeRatio": 0.0018353774, "eps": 0.0622, "epsdiluted": 0.0578, "weightedAverageShsOut": 42669643, "weightedAverageShsOutDil": 45951923, "link": "https://www.sec.gov/Archives/edgar/data/109563/000095015202007147/0000950152-02-007147-index.htm", "finalLink": "https://www.sec.gov/Archives/edgar/data/109563/000095015202007147/l96320ae10vk.txt", "calculatedOtherExpenses": 0, "calculatedOperatingExpenses": 334856000, "calculatedNetInterest": 0, "calculatedOtherIncome": -7079000, "calculatedIncomeNonControlling": 12100000, "calculatedEbitda": 48382000}, {"date": "2001-06-30", "symbol": "AIT", "reportedCurrency": "USD", "cik": "0000109563", "fillingDate": "2001-09-19", "acceptedDate": "2001-09-19 00:00:00", "calendarYear": "2001", "period": "FY", "revenue": 1625755000, "costOfRevenue": 1216456000, "grossProfit": 409299000, "grossProfitRatio": 0.2517593364, "researchAndDevelopmentExpenses": 0, "generalAndAdministrativeExpenses": 354298000, "sellingAndMarketingExpenses": 0, "sellingGeneralAndAdministrativeExpenses": 354298000, "otherExpenses": 0, "operatingExpenses": 354298000, "costAndExpenses": 1570754000, "interestIncome": 0, "interestExpense": 0, "depreciationAndAmortization": 22509000, "ebitda": 78058000, "ebitdaratio": 0.0480133846, "operatingIncome": 55001000, "operatingIncomeRatio": 0.0338310508, "totalOtherIncomeExpensesNet": -548000, "incomeBeforeTax": 45348000, "incomeBeforeTaxRatio": 0.0278935018, "incomeTaxExpense": 17300000, "netIncome": 28048000, "netIncomeRatio": 0.017252292, "eps": 0.64, "epsdiluted": 0.63, "weightedAverageShsOut": 44131469, "weightedAverageShsOutDil": 44757447, "link": "https://www.sec.gov/Archives/edgar/data/109563/000095015201504565/0000950152-01-504565-index.htm", "finalLink": "https://www.sec.gov/Archives/edgar/data/109563/000095015201504565/l90392ae10-k.txt", "calculatedOtherExpenses": 0, "calculatedOperatingExpenses": 354298000, "calculatedNetInterest": 0, "calculatedOtherIncome": -9653000, "calculatedIncomeNonControlling": 0, "calculatedEbitda": 77510000}, {"date": "2000-06-30", "symbol": "AIT", "reportedCurrency": "USD", "cik": "0000109563", "fillingDate": "2000-09-20", "acceptedDate": "2000-09-20 00:00:00", "calendarYear": "2000", "period": "FY", "revenue": 1571705000, "costOfRevenue": 1157127000, "grossProfit": 414578000, "grossProfitRatio": 0.263775963, "researchAndDevelopmentExpenses": 0, "generalAndAdministrativeExpenses": 333873000, "sellingAndMarketingExpenses": 0, "sellingGeneralAndAdministrativeExpenses": 333873000, "otherExpenses": 22988000, "operatingExpenses": 356861000, "costAndExpenses": 1513988000, "interestIncome": 0, "interestExpense": 0, "depreciationAndAmortization": 22988000, "ebitda": 80705000, "ebitdaratio": 0.0513486946, "operatingIncome": 57717000, "operatingIncomeRatio": 0.0367225402, "totalOtherIncomeExpensesNet": -7169000, "incomeBeforeTax": 50548000, "incomeBeforeTaxRatio": 0.0321612516, "incomeTaxExpense": 19500000, "netIncome": 31048000, "netIncomeRatio": 0.0197543432, "eps": 0.68, "epsdiluted": 0.67, "weightedAverageShsOut": 45959211, "weightedAverageShsOutDil": 46572000, "link": "https://www.sec.gov/Archives/edgar/data/109563/000095015200006813/0000950152-00-006813-index.htm", "finalLink": "https://www.sec.gov/Archives/edgar/data/109563/000095015200006813/l83927ae10-k405.txt", "calculatedOtherExpenses": 22988000, "calculatedOperatingExpenses": 356861000, "calculatedNetInterest": 0, "calculatedOtherIncome": -7169000, "calculatedIncomeNonControlling": 0, "calculatedEbitda": 80705000}, {"date": "1999-06-30", "symbol": "AIT", "reportedCurrency": "USD", "cik": "0000109563", "fillingDate": "1999-09-17", "acceptedDate": "1999-09-17 00:00:00", "calendarYear": "1999", "period": "FY", "revenue": 1527900000, "costOfRevenue": 1122500000, "grossProfit": 405400000, "grossProfitRatio": 0.2653315008, "researchAndDevelopmentExpenses": 0, "generalAndAdministrativeExpenses": 340300000, "sellingAndMarketingExpenses": 0, "sellingGeneralAndAdministrativeExpenses": 340300000, "otherExpenses": 22700000, "operatingExpenses": 363000000, "costAndExpenses": 1485500000, "interestIncome": 0, "interestExpense": 0, "depreciationAndAmortization": 22700000, "ebitda": 65100000, "ebitdaratio": 0.0426075005, "operatingIncome": 42400000, "operatingIncomeRatio": 0.0277505072, "totalOtherIncomeExpensesNet": -9800000, "incomeBeforeTax": 32600000, "incomeBeforeTaxRatio": 0.0213364749, "incomeTaxExpense": 12700000, "netIncome": 19900000, "netIncomeRatio": 0.0130244126, "eps": 0.41, "epsdiluted": 0.41, "weightedAverageShsOut": 48225000, "weightedAverageShsOutDil": 48225000, "link": "https://www.sec.gov/Archives/edgar/data/109563/000095015299007647/0000950152-99-007647-index.html", "finalLink": "https://www.sec.gov/Archives/edgar/data/109563/000095015299007647/", "calculatedOtherExpenses": 22700000, "calculatedOperatingExpenses": 363000000, "calculatedNetInterest": 0, "calculatedOtherIncome": -9800000, "calculatedIncomeNonControlling": 0, "calculatedEbitda": 65100000}, {"date": "1998-06-30", "symbol": "AIT", "reportedCurrency": "USD", "cik": "0000109563", "fillingDate": "1998-09-23", "acceptedDate": "1998-09-23 00:00:00", "calendarYear": "1998", "period": "FY", "revenue": 1491400000, "costOfRevenue": 1078500000, "grossProfit": 412900000, "grossProfitRatio": 0.2768539627, "researchAndDevelopmentExpenses": 0, "generalAndAdministrativeExpenses": 333400000, "sellingAndMarketingExpenses": 0, "sellingGeneralAndAdministrativeExpenses": 333400000, "otherExpenses": 21000000, "operatingExpenses": 354400000, "costAndExpenses": 1432900000, "interestIncome": 0, "interestExpense": 0, "depreciationAndAmortization": 21000000, "ebitda": 78600000, "ebitdaratio": 0.052702159, "operatingIncome": 58500000, "operatingIncomeRatio": 0.0392248894, "totalOtherIncomeExpensesNet": 900000, "incomeBeforeTax": 49800000, "incomeBeforeTaxRatio": 0.0333914443, "incomeTaxExpense": 19700000, "netIncome": 30100000, "netIncomeRatio": 0.020182379, "eps": 0.62, "epsdiluted": 0.61, "weightedAverageShsOut": 48375000, "weightedAverageShsOutDil": 49076087, "link": "https://www.sec.gov/Archives/edgar/data/109563/000095015298007760/0000950152-98-007760-index.html", "finalLink": "https://www.sec.gov/Archives/edgar/data/109563/", "calculatedOtherExpenses": 21000000, "calculatedOperatingExpenses": 354400000, "calculatedNetInterest": 0, "calculatedOtherIncome": -8700000, "calculatedIncomeNonControlling": 0, "calculatedEbitda": 79500000}, {"date": "1997-06-30", "symbol": "AIT", "reportedCurrency": "USD", "cik": "0000109563", "fillingDate": "1997-09-25", "acceptedDate": "1997-09-25 00:00:00", "calendarYear": "1997", "period": "FY", "revenue": 1160300000, "costOfRevenue": 840600000, "grossProfit": 319700000, "grossProfitRatio": 0.27553219, "researchAndDevelopmentExpenses": 0, "generalAndAdministrativeExpenses": 255400000, "sellingAndMarketingExpenses": 0, "sellingGeneralAndAdministrativeExpenses": 255400000, "otherExpenses": 13600000, "operatingExpenses": 269000000, "costAndExpenses": 1109600000, "interestIncome": 0, "interestExpense": 0, "depreciationAndAmortization": 13600000, "ebitda": 63300000, "ebitdaratio": 0.0545548565, "operatingIncome": 50700000, "operatingIncomeRatio": 0.043695596, "totalOtherIncomeExpensesNet": 1000000, "incomeBeforeTax": 45100000, "incomeBeforeTaxRatio": 0.038869258, "incomeTaxExpense": 18000000, "netIncome": 27100000, "netIncomeRatio": 0.0233560286, "eps": 0.65, "epsdiluted": 0.65, "weightedAverageShsOut": 41763699, "weightedAverageShsOutDil": 41763699, "link": "https://www.sec.gov/Archives/edgar/data/109563/000095015297006816/0000950152-97-006816-index.html", "finalLink": "https://www.sec.gov/Archives/edgar/data/109563/", "calculatedOtherExpenses": 13600000, "calculatedOperatingExpenses": 269000000, "calculatedNetInterest": 0, "calculatedOtherIncome": -5600000, "calculatedIncomeNonControlling": 0, "calculatedEbitda": 64300000}, {"date": "1996-06-30", "symbol": "AIT", "reportedCurrency": "USD", "cik": "0000109563", "fillingDate": "1996-09-26", "acceptedDate": "1996-09-26 00:00:00", "calendarYear": "1996", "period": "FY", "revenue": 1143700000, "costOfRevenue": 833300000, "grossProfit": 310400000, "grossProfitRatio": 0.2713998426, "researchAndDevelopmentExpenses": 0, "generalAndAdministrativeExpenses": 245800000, "sellingAndMarketingExpenses": 0, "sellingGeneralAndAdministrativeExpenses": 245800000, "otherExpenses": 15400000, "operatingExpenses": 261200000, "costAndExpenses": 1094500000, "interestIncome": 0, "interestExpense": 0, "depreciationAndAmortization": 15400000, "ebitda": 64100000, "ebitdaratio": 0.056046166, "operatingIncome": 49200000, "operatingIncomeRatio": 0.043018274, "totalOtherIncomeExpensesNet": 500000, "incomeBeforeTax": 40800000, "incomeBeforeTaxRatio": 0.0356736907, "incomeTaxExpense": 17500000, "netIncome": 23300000, "netIncomeRatio": 0.0203724753, "eps": 0.56, "epsdiluted": 0.56, "weightedAverageShsOut": 41388158, "weightedAverageShsOutDil": 41388158, "link": "https://www.sec.gov/Archives/edgar/data/109563/000091205796021189/0000912057-96-021189-index.html", "finalLink": "https://www.sec.gov/Archives/edgar/data/109563/", "calculatedOtherExpenses": 15400000, "calculatedOperatingExpenses": 261200000, "calculatedNetInterest": 0, "calculatedOtherIncome": -8400000, "calculatedIncomeNonControlling": 0, "calculatedEbitda": 64600000}, {"date": "1995-06-30", "symbol": "AIT", "reportedCurrency": "USD", "cik": "0000109563", "fillingDate": "1995-09-22", "acceptedDate": "1995-09-22 00:00:00", "calendarYear": "1995", "period": "FY", "revenue": 1054800000, "costOfRevenue": 769100000, "grossProfit": 285700000, "grossProfitRatio": 0.2708570345, "researchAndDevelopmentExpenses": 0, "generalAndAdministrativeExpenses": 234800000, "sellingAndMarketingExpenses": 0, "sellingGeneralAndAdministrativeExpenses": 234800000, "otherExpenses": 14000000, "operatingExpenses": 248800000, "costAndExpenses": 1017900000, "interestIncome": 0, "interestExpense": 0, "depreciationAndAmortization": 14000000, "ebitda": 50500000, "ebitdaratio": 0.0478763747, "operatingIncome": 36900000, "operatingIncomeRatio": 0.0349829352, "totalOtherIncomeExpensesNet": 400000, "incomeBeforeTax": 29700000, "incomeBeforeTaxRatio": 0.0281569966, "incomeTaxExpense": 12800000, "netIncome": 16900000, "netIncomeRatio": 0.0160219947, "eps": 0.43, "epsdiluted": 0.43, "weightedAverageShsOut": 38889205, "weightedAverageShsOutDil": 38889205, "link": "https://www.sec.gov/Archives/edgar/data/109563/000095015295002196/0000950152-95-002196-index.html", "finalLink": "https://www.sec.gov/Archives/edgar/data/109563/", "calculatedOtherExpenses": 14000000, "calculatedOperatingExpenses": 248800000, "calculatedNetInterest": 0, "calculatedOtherIncome": -7200000, "calculatedIncomeNonControlling": 0, "calculatedEbitda": 50900000}, {"date": "1994-06-30", "symbol": "AIT", "reportedCurrency": "USD", "cik": "0000109563", "fillingDate": "1994-09-26", "acceptedDate": "1994-09-26 00:00:00", "calendarYear": "1994", "period": "FY", "revenue": 936300000, "costOfRevenue": 670600000, "grossProfit": 265700000, "grossProfitRatio": 0.2837765673, "researchAndDevelopmentExpenses": 0, "generalAndAdministrativeExpenses": 224200000, "sellingAndMarketingExpenses": 0, "sellingGeneralAndAdministrativeExpenses": 224200000, "otherExpenses": 13600000, "operatingExpenses": 237800000, "costAndExpenses": 908400000, "interestIncome": 0, "interestExpense": 0, "depreciationAndAmortization": 13600000, "ebitda": 41300000, "ebitdaratio": 0.0441097939, "operatingIncome": 27900000, "operatingIncomeRatio": 0.0297981416, "totalOtherIncomeExpensesNet": 200000, "incomeBeforeTax": 21700000, "incomeBeforeTaxRatio": 0.0231763324, "incomeTaxExpense": 9000000, "netIncome": 12700000, "netIncomeRatio": 0.0135640286, "eps": 0.0659, "epsdiluted": 0.0659, "weightedAverageShsOut": 38115010, "weightedAverageShsOutDil": 38115010, "link": "https://www.sec.gov/Archives/edgar/data/109563/000095015294000978/0000950152-94-000978-index.html", "finalLink": "https://www.sec.gov/Archives/edgar/data/109563/", "calculatedOtherExpenses": 13600000, "calculatedOperatingExpenses": 237800000, "calculatedNetInterest": 0, "calculatedOtherIncome": -6200000, "calculatedIncomeNonControlling": 0, "calculatedEbitda": 41500000}, {"date": "1993-06-30", "symbol": "AIT", "reportedCurrency": "USD", "cik": "0000109563", "fillingDate": "1993-06-30", "acceptedDate": "1993-06-29 20:00:00", "calendarYear": "1993", "period": "FY", "revenue": 831400000, "costOfRevenue": 600500000, "grossProfit": 230900000, "grossProfitRatio": 0.2777243204, "researchAndDevelopmentExpenses": 0, "generalAndAdministrativeExpenses": 197700000, "sellingAndMarketingExpenses": 0, "sellingGeneralAndAdministrativeExpenses": 197700000, "otherExpenses": 12800000, "operatingExpenses": 210500000, "costAndExpenses": 811000000, "interestIncome": 0, "interestExpense": 0, "depreciationAndAmortization": 12800000, "ebitda": 32800000, "ebitdaratio": 0.0394515275, "operatingIncome": 20400000, "operatingIncomeRatio": 0.0245369257, "totalOtherIncomeExpensesNet": 400000, "incomeBeforeTax": 15300000, "incomeBeforeTaxRatio": 0.0184026943, "incomeTaxExpense": 6400000, "netIncome": 8900000, "netIncomeRatio": 0.0107048352, "eps": 0.0483, "epsdiluted": 0.0483, "weightedAverageShsOut": 36977763, "weightedAverageShsOutDil": 36977763, "link": "", "finalLink": "", "calculatedOtherExpenses": 12800000, "calculatedOperatingExpenses": 210500000, "calculatedNetInterest": 0, "calculatedOtherIncome": -5100000, "calculatedIncomeNonControlling": 0, "calculatedEbitda": 33200000}, {"date": "1992-06-30", "symbol": "AIT", "reportedCurrency": "USD", "cik": "0000109563", "fillingDate": "1992-06-30", "acceptedDate": "1992-06-29 20:00:00", "calendarYear": "1992", "period": "FY", "revenue": 817800000, "costOfRevenue": 594900000, "grossProfit": 222900000, "grossProfitRatio": 0.2725605282, "researchAndDevelopmentExpenses": 0, "generalAndAdministrativeExpenses": 205700000, "sellingAndMarketingExpenses": 0, "sellingGeneralAndAdministrativeExpenses": 205700000, "otherExpenses": 12600000, "operatingExpenses": 218300000, "costAndExpenses": 813200000, "interestIncome": 0, "interestExpense": 0, "depreciationAndAmortization": 12600000, "ebitda": 16800000, "ebitdaratio": 0.02054292, "operatingIncome": 4600000, "operatingIncomeRatio": 0.0056248472, "totalOtherIncomeExpensesNet": 400000, "incomeBeforeTax": -1900000, "incomeBeforeTaxRatio": -0.0023233064, "incomeTaxExpense": -200000, "netIncome": -1700000, "netIncomeRatio": -0.0020787479, "eps": -0.0474, "epsdiluted": -0.0474, "weightedAverageShsOut": 35894346, "weightedAverageShsOutDil": 35894346, "link": "", "finalLink": "", "calculatedOtherExpenses": 12600000, "calculatedOperatingExpenses": 218300000, "calculatedNetInterest": 0, "calculatedOtherIncome": -6500000, "calculatedIncomeNonControlling": 0, "calculatedEbitda": 17200000}, {"date": "1991-06-30", "symbol": "AIT", "reportedCurrency": "USD", "cik": "0000109563", "fillingDate": "1991-06-30", "acceptedDate": "1991-06-29 20:00:00", "calendarYear": "1991", "period": "FY", "revenue": 814000000, "costOfRevenue": 589200000, "grossProfit": 224800000, "grossProfitRatio": 0.2761670762, "researchAndDevelopmentExpenses": 0, "generalAndAdministrativeExpenses": 196600000, "sellingAndMarketingExpenses": 0, "sellingGeneralAndAdministrativeExpenses": 196600000, "otherExpenses": 11100000, "operatingExpenses": 207700000, "costAndExpenses": 796900000, "interestIncome": 0, "interestExpense": 0, "depreciationAndAmortization": 11100000, "ebitda": 27500000, "ebitdaratio": 0.0337837838, "operatingIncome": 17100000, "operatingIncomeRatio": 0.021007371, "totalOtherIncomeExpensesNet": 700000, "incomeBeforeTax": 7500000, "incomeBeforeTaxRatio": 0.0092137592, "incomeTaxExpense": 3200000, "netIncome": 4300000, "netIncomeRatio": 0.0052825553, "eps": 0.0237, "epsdiluted": 0.0237, "weightedAverageShsOut": 35653837, "weightedAverageShsOutDil": 35653837, "link": "", "finalLink": "", "calculatedOtherExpenses": 11100000, "calculatedOperatingExpenses": 207700000, "calculatedNetInterest": 0, "calculatedOtherIncome": -9600000, "calculatedIncomeNonControlling": 0, "calculatedEbitda": 28200000}, {"date": "1990-06-30", "symbol": "AIT", "reportedCurrency": "USD", "cik": "0000109563", "fillingDate": "1990-06-30", "acceptedDate": "1990-06-29 20:00:00", "calendarYear": "1990", "period": "FY", "revenue": 651300000, "costOfRevenue": 481600000, "grossProfit": 169700000, "grossProfitRatio": 0.2605558115, "researchAndDevelopmentExpenses": 0, "generalAndAdministrativeExpenses": 132300000, "sellingAndMarketingExpenses": 0, "sellingGeneralAndAdministrativeExpenses": 132300000, "otherExpenses": 8200000, "operatingExpenses": 140500000, "costAndExpenses": 622100000, "interestIncome": 0, "interestExpense": 0, "depreciationAndAmortization": 8200000, "ebitda": 40800000, "ebitdaratio": 0.0626439429, "operatingIncome": 29200000, "operatingIncomeRatio": 0.0448334101, "totalOtherIncomeExpensesNet": -3400000, "incomeBeforeTax": 20300000, "incomeBeforeTaxRatio": 0.0311684324, "incomeTaxExpense": 8100000, "netIncome": 12200000, "netIncomeRatio": 0.0187317672, "eps": 0.0659, "epsdiluted": 0.0659, "weightedAverageShsOut": 35966274, "weightedAverageShsOutDil": 35966274, "link": "", "finalLink": "", "calculatedOtherExpenses": 8200000, "calculatedOperatingExpenses": 140500000, "calculatedNetInterest": 0, "calculatedOtherIncome": -8900000, "calculatedIncomeNonControlling": 0, "calculatedEbitda": 37400000}, {"date": "1989-06-30", "symbol": "AIT", "reportedCurrency": "USD", "cik": "0000109563", "fillingDate": "1989-06-30", "acceptedDate": "1989-06-29 20:00:00", "calendarYear": "1989", "period": "FY", "revenue": 630300000, "costOfRevenue": 460300000, "grossProfit": 170000000, "grossProfitRatio": 0.2697128352, "researchAndDevelopmentExpenses": 0, "generalAndAdministrativeExpenses": 127800000, "sellingAndMarketingExpenses": 0, "sellingGeneralAndAdministrativeExpenses": 127800000, "otherExpenses": 8800000, "operatingExpenses": 136600000, "costAndExpenses": 596900000, "interestIncome": 0, "interestExpense": 0, "depreciationAndAmortization": 8800000, "ebitda": 41900000, "ebitdaratio": 0.0664762811, "operatingIncome": 33400000, "operatingIncomeRatio": 0.0529906394, "totalOtherIncomeExpensesNet": 300000, "incomeBeforeTax": 29400000, "incomeBeforeTaxRatio": 0.046644455, "incomeTaxExpense": 11100000, "netIncome": 18300000, "netIncomeRatio": 0.0290337934, "eps": 0.0958, "epsdiluted": 0.0958, "weightedAverageShsOut": 37312678, "weightedAverageShsOutDil": 37312678, "link": "", "finalLink": "", "calculatedOtherExpenses": 8800000, "calculatedOperatingExpenses": 136600000, "calculatedNetInterest": 0, "calculatedOtherIncome": -4000000, "calculatedIncomeNonControlling": 0, "calculatedEbitda": 42200000}, {"date": "1988-06-30", "symbol": "AIT", "reportedCurrency": "USD", "cik": "0000109563", "fillingDate": "1988-06-30", "acceptedDate": "1988-06-29 20:00:00", "calendarYear": "1988", "period": "FY", "revenue": 542900000, "costOfRevenue": 390600000, "grossProfit": 152300000, "grossProfitRatio": 0.2805304844, "researchAndDevelopmentExpenses": 0, "generalAndAdministrativeExpenses": 119000000, "sellingAndMarketingExpenses": 0, "sellingGeneralAndAdministrativeExpenses": 119000000, "otherExpenses": 8300000, "operatingExpenses": 127300000, "costAndExpenses": 517900000, "interestIncome": 0, "interestExpense": 0, "depreciationAndAmortization": 8300000, "ebitda": 33300000, "ebitdaratio": 0.0613372628, "operatingIncome": 25000000, "operatingIncomeRatio": 0.0460489961, "totalOtherIncomeExpensesNet": -2100000, "incomeBeforeTax": 22900000, "incomeBeforeTaxRatio": 0.0421808805, "incomeTaxExpense": 8000000, "netIncome": 14900000, "netIncomeRatio": 0.0274452017, "eps": 0.0486, "epsdiluted": 0.0463, "weightedAverageShsOut": 39061429, "weightedAverageShsOutDil": 39061429, "link": "", "finalLink": "", "calculatedOtherExpenses": 8300000, "calculatedOperatingExpenses": 127300000, "calculatedNetInterest": 0, "calculatedOtherIncome": -2100000, "calculatedIncomeNonControlling": 0, "calculatedEbitda": 33300000}, {"date": "1987-06-30", "symbol": "AIT", "reportedCurrency": "USD", "cik": "0000109563", "fillingDate": "1987-06-30", "acceptedDate": "1987-06-29 20:00:00", "calendarYear": "1987", "period": "FY", "revenue": 491000000, "costOfRevenue": 358300000, "grossProfit": 132700000, "grossProfitRatio": 0.2702647658, "researchAndDevelopmentExpenses": 0, "generalAndAdministrativeExpenses": 111100000, "sellingAndMarketingExpenses": 0, "sellingGeneralAndAdministrativeExpenses": 111100000, "otherExpenses": 7700000, "operatingExpenses": 118800000, "costAndExpenses": 477100000, "interestIncome": 0, "interestExpense": 0, "depreciationAndAmortization": 7700000, "ebitda": 21600000, "ebitdaratio": 0.0439918534, "operatingIncome": 13900000, "operatingIncomeRatio": 0.0283095723, "totalOtherIncomeExpensesNet": -2700000, "incomeBeforeTax": 11200000, "incomeBeforeTaxRatio": 0.0228105906, "incomeTaxExpense": 5000000, "netIncome": 6200000, "netIncomeRatio": 0.0126272912, "eps": 0.0121, "epsdiluted": 0.0121, "weightedAverageShsOut": 42077912, "weightedAverageShsOutDil": 42077912, "link": "", "finalLink": "", "calculatedOtherExpenses": 7700000, "calculatedOperatingExpenses": 118800000, "calculatedNetInterest": 0, "calculatedOtherIncome": -2700000, "calculatedIncomeNonControlling": 0, "calculatedEbitda": 21600000}, {"date": "1986-06-30", "symbol": "AIT", "reportedCurrency": "USD", "cik": "0000109563", "fillingDate": "1986-06-30", "acceptedDate": "1986-06-29 20:00:00", "calendarYear": "1986", "period": "FY", "revenue": 490200000, "costOfRevenue": 350400000, "grossProfit": 139800000, "grossProfitRatio": 0.2851897185, "researchAndDevelopmentExpenses": 0, "generalAndAdministrativeExpenses": 112700000, "sellingAndMarketingExpenses": 0, "sellingGeneralAndAdministrativeExpenses": 112700000, "otherExpenses": 7100000, "operatingExpenses": 119800000, "costAndExpenses": 470200000, "interestIncome": 0, "interestExpense": 0, "depreciationAndAmortization": 7100000, "ebitda": 39600000, "ebitdaratio": 0.0807833537, "operatingIncome": 20000000, "operatingIncomeRatio": 0.0407996736, "totalOtherIncomeExpensesNet": -12500000, "incomeBeforeTax": 3400000, "incomeBeforeTaxRatio": 0.0069359445, "incomeTaxExpense": 1200000, "netIncome": 2200000, "netIncomeRatio": 0.0044879641, "eps": 0.0043, "epsdiluted": 0.0043, "weightedAverageShsOut": 45582156, "weightedAverageShsOutDil": 45582156, "link": "", "finalLink": "", "calculatedOtherExpenses": 7100000, "calculatedOperatingExpenses": 119800000, "calculatedNetInterest": 0, "calculatedOtherIncome": -16600000, "calculatedIncomeNonControlling": 0, "calculatedEbitda": 27100000}]}