{"originalCurrency": "USD", "convertedCurrency": "USD", "report": [{"date": "2023-12-31", "symbol": "AIZ", "reportedCurrency": "USD", "cik": "0001267238", "fillingDate": "2024-02-15", "acceptedDate": "2024-02-15 16:55:44", "calendarYear": "2023", "period": "FY", "revenue": 11131600000, "costOfRevenue": 0, "grossProfit": 11131600000, "grossProfitRatio": 1, "researchAndDevelopmentExpenses": 0, "generalAndAdministrativeExpenses": 0, "sellingAndMarketingExpenses": 0, "sellingGeneralAndAdministrativeExpenses": 7695100000, "otherExpenses": -7695100000, "operatingExpenses": 7695100000, "costAndExpenses": 10324800000, "interestIncome": 0, "interestExpense": 108000000, "depreciationAndAmortization": 196400000, "ebitda": 642500000, "ebitdaratio": 0.057718567, "operatingIncome": 642500000, "operatingIncomeRatio": 0.057718567, "totalOtherIncomeExpensesNet": 164300000, "incomeBeforeTax": 806800000, "incomeBeforeTaxRatio": 0.0724783499, "incomeTaxExpense": 164300000, "netIncome": 642500000, "netIncomeRatio": 0.057718567, "eps": 12.02, "epsdiluted": 11.95, "weightedAverageShsOut": 53455139, "weightedAverageShsOutDil": 53783069, "link": "https://www.sec.gov/Archives/edgar/data/1267238/000126723824000008/0001267238-24-000008-index.htm", "finalLink": "https://www.sec.gov/Archives/edgar/data/1267238/000126723824000008/aiz-20231231.htm", "calculatedOtherExpenses": 2794000000, "calculatedOperatingExpenses": 10489100000, "calculatedNetInterest": -108000000, "calculatedOtherIncome": 272300000, "calculatedIncomeNonControlling": 0, "calculatedEbitda": 838900000}, {"date": "2022-12-31", "symbol": "AIZ", "reportedCurrency": "USD", "cik": "0001267238", "fillingDate": "2023-02-17", "acceptedDate": "2023-02-17 16:12:13", "calendarYear": "2022", "period": "FY", "revenue": 10193000000, "costOfRevenue": 0, "grossProfit": 10193000000, "grossProfitRatio": 1, "researchAndDevelopmentExpenses": 0, "generalAndAdministrativeExpenses": 0, "sellingAndMarketingExpenses": 0, "sellingGeneralAndAdministrativeExpenses": 7366300000, "otherExpenses": -7366300000, "operatingExpenses": 7366300000, "costAndExpenses": 9843100000, "interestIncome": 108300000, "interestExpense": 108300000, "depreciationAndAmortization": 182000000, "ebitda": 640200000, "ebitdaratio": 0.0628078093, "operatingIncome": 458200000, "operatingIncomeRatio": 0.0449524183, "totalOtherIncomeExpensesNet": -108300000, "incomeBeforeTax": 349900000, "incomeBeforeTaxRatio": 0.0343274796, "incomeTaxExpense": 73300000, "netIncome": 276600000, "netIncomeRatio": 0.02713627, "eps": 5.09, "epsdiluted": 5.05, "weightedAverageShsOut": 54371531, "weightedAverageShsOutDil": 54782528, "link": "https://www.sec.gov/Archives/edgar/data/1267238/000126723823000007/0001267238-23-000007-index.htm", "finalLink": "https://www.sec.gov/Archives/edgar/data/1267238/000126723823000007/aiz-20221231.htm", "calculatedOtherExpenses": 2368500000, "calculatedOperatingExpenses": 9734800000, "calculatedNetInterest": 0, "calculatedOtherIncome": -108300000, "calculatedIncomeNonControlling": 0, "calculatedEbitda": 640200000}, {"date": "2021-12-31", "symbol": "AIZ", "reportedCurrency": "USD", "cik": "0001267238", "fillingDate": "2022-02-22", "acceptedDate": "2022-02-22 16:24:39", "calendarYear": "2021", "period": "FY", "revenue": 10187600000, "costOfRevenue": 0, "grossProfit": 10187600000, "grossProfitRatio": 1, "researchAndDevelopmentExpenses": 0, "generalAndAdministrativeExpenses": 3240600000, "sellingAndMarketingExpenses": 3835800000, "sellingGeneralAndAdministrativeExpenses": 7076400000, "otherExpenses": -15722100000, "operatingExpenses": -8645700000, "costAndExpenses": 9404600000, "interestIncome": 111800000, "interestExpense": 111800000, "depreciationAndAmortization": 171600000, "ebitda": 1713500000, "ebitdaratio": 0.168194668, "operatingIncome": 1541900000, "operatingIncomeRatio": 0.1513506616, "totalOtherIncomeExpensesNet": -758900000, "incomeBeforeTax": 783000000, "incomeBeforeTaxRatio": 0.0768581413, "incomeTaxExpense": 169500000, "netIncome": 613500000, "netIncomeRatio": 0.0602202678, "eps": 10.37, "epsdiluted": 10.2, "weightedAverageShsOut": 59140861, "weightedAverageShsOutDil": 60123694, "link": "https://www.sec.gov/Archives/edgar/data/1267238/000126723822000006/0001267238-22-000006-index.htm", "finalLink": "https://www.sec.gov/Archives/edgar/data/1267238/000126723822000006/aiz-20211231.htm", "calculatedOtherExpenses": 1569300000, "calculatedOperatingExpenses": 8645700000, "calculatedNetInterest": 0, "calculatedOtherIncome": -758900000, "calculatedIncomeNonControlling": 0, "calculatedEbitda": 1713500000}, {"date": "2020-12-31", "symbol": "AIZ", "reportedCurrency": "USD", "cik": "0001267238", "fillingDate": "2021-02-19", "acceptedDate": "2021-02-19 16:44:57", "calendarYear": "2020", "period": "FY", "revenue": 9593400000, "costOfRevenue": 0, "grossProfit": 9593400000, "grossProfitRatio": 1, "researchAndDevelopmentExpenses": 0, "generalAndAdministrativeExpenses": 3110000000, "sellingAndMarketingExpenses": 3529400000, "sellingGeneralAndAdministrativeExpenses": 6639400000, "otherExpenses": -15730600000, "operatingExpenses": -9091200000, "costAndExpenses": 9012600000, "interestIncome": 104500000, "interestExpense": 104500000, "depreciationAndAmortization": 144300000, "ebitda": 646500000, "ebitdaratio": 0.0673900807, "operatingIncome": 502200000, "operatingIncomeRatio": 0.0523484896, "totalOtherIncomeExpensesNet": 78600000, "incomeBeforeTax": 580800000, "incomeBeforeTaxRatio": 0.0605416224, "incomeTaxExpense": 60400000, "netIncome": 440800000, "netIncomeRatio": 0.0459482561, "eps": 7.04, "epsdiluted": 6.7, "weightedAverageShsOut": 60114670, "weightedAverageShsOutDil": 63179938, "link": "https://www.sec.gov/Archives/edgar/data/1267238/000126723821000010/0001267238-21-000010-index.htm", "finalLink": "https://www.sec.gov/Archives/edgar/data/1267238/000126723821000010/aiz-20201231.htm", "calculatedOtherExpenses": 2451800000, "calculatedOperatingExpenses": 9091200000, "calculatedNetInterest": 0, "calculatedOtherIncome": 78600000, "calculatedIncomeNonControlling": 79600000, "calculatedEbitda": 646500000}, {"date": "2019-12-31", "symbol": "AIZ", "reportedCurrency": "USD", "cik": "0001267238", "fillingDate": "2020-02-19", "acceptedDate": "2020-02-19 17:13:43", "calendarYear": "2019", "period": "FY", "revenue": 10072500000, "costOfRevenue": 0, "grossProfit": 10072500000, "grossProfitRatio": 1, "researchAndDevelopmentExpenses": 0, "generalAndAdministrativeExpenses": 3250500000, "sellingAndMarketingExpenses": 3322100000, "sellingGeneralAndAdministrativeExpenses": 6572600000, "otherExpenses": -16094800000, "operatingExpenses": -9522200000, "costAndExpenses": 9518000000, "interestIncome": 110600000, "interestExpense": 110600000, "depreciationAndAmortization": 125800000, "ebitda": 676100000, "ebitdaratio": 0.0671233557, "operatingIncome": 550300000, "operatingIncomeRatio": 0.0546339042, "totalOtherIncomeExpensesNet": 4200000, "incomeBeforeTax": 554500000, "incomeBeforeTaxRatio": 0.0550508811, "incomeTaxExpense": 167700000, "netIncome": 382600000, "netIncomeRatio": 0.0379846116, "eps": 5.87, "epsdiluted": 5.84, "weightedAverageShsOut": 61942969, "weightedAverageShsOutDil": 62313468, "link": "https://www.sec.gov/Archives/edgar/data/1267238/000126723820000004/0001267238-20-000004-index.htm", "finalLink": "https://www.sec.gov/Archives/edgar/data/1267238/000126723820000004/aiz1231201910k.htm", "calculatedOtherExpenses": 2949600000, "calculatedOperatingExpenses": 9522200000, "calculatedNetInterest": 0, "calculatedOtherIncome": 4200000, "calculatedIncomeNonControlling": 4200000, "calculatedEbitda": 676100000}, {"date": "2018-12-31", "symbol": "AIZ", "reportedCurrency": "USD", "cik": "0001267238", "fillingDate": "2019-02-22", "acceptedDate": "2019-02-22 16:48:45", "calendarYear": "2018", "period": "FY", "revenue": 8000700000, "costOfRevenue": 0, "grossProfit": 8000700000, "grossProfitRatio": 1, "researchAndDevelopmentExpenses": 0, "generalAndAdministrativeExpenses": 5281200000, "sellingAndMarketingExpenses": 0, "sellingGeneralAndAdministrativeExpenses": 5281200000, "otherExpenses": 2442800000, "operatingExpenses": 7724000000, "costAndExpenses": 7667200000, "interestIncome": 0, "interestExpense": 100300000, "depreciationAndAmortization": 126900000, "ebitda": 559100000, "ebitdaratio": 0.0698813854, "operatingIncome": 432200000, "operatingIncomeRatio": 0.0540202732, "totalOtherIncomeExpensesNet": -98700000, "incomeBeforeTax": 333500000, "incomeBeforeTaxRatio": 0.0416838527, "incomeTaxExpense": 80900000, "netIncome": 251000000, "netIncomeRatio": 0.0313722549, "eps": 4.24, "epsdiluted": 4.22, "weightedAverageShsOut": 59239608, "weightedAverageShsOutDil": 59545524, "link": "https://www.sec.gov/Archives/edgar/data/1267238/000162828019001767/0001628280-19-001767-index.htm", "finalLink": "https://www.sec.gov/Archives/edgar/data/1267238/000162828019001767/aiz1231201810k.htm", "calculatedOtherExpenses": 2287300000, "calculatedOperatingExpenses": 7568500000, "calculatedNetInterest": -100300000, "calculatedOtherIncome": 1600000, "calculatedIncomeNonControlling": 1600000, "calculatedEbitda": 559100000}, {"date": "2017-12-31", "symbol": "AIZ", "reportedCurrency": "USD", "cik": "0001267238", "fillingDate": "2018-02-14", "acceptedDate": "2018-02-14 17:31:25", "calendarYear": "2017", "period": "FY", "revenue": 6311100000, "costOfRevenue": 0, "grossProfit": 6311100000, "grossProfitRatio": 1, "researchAndDevelopmentExpenses": 0, "generalAndAdministrativeExpenses": 4050400000, "sellingAndMarketingExpenses": 0, "sellingGeneralAndAdministrativeExpenses": 4050400000, "otherExpenses": 1920600000, "operatingExpenses": 5971000000, "costAndExpenses": 5866600000, "interestIncome": 0, "interestExpense": 49500000, "depreciationAndAmortization": 115700000, "ebitda": 609700000, "ebitdaratio": 0.0966075644, "operatingIncome": 494000000, "operatingIncomeRatio": 0.0782747857, "totalOtherIncomeExpensesNet": -49500000, "incomeBeforeTax": 444500000, "incomeBeforeTaxRatio": 0.070431462, "incomeTaxExpense": -75100000, "netIncome": 519600000, "netIncomeRatio": 0.0823311309, "eps": 9.45, "epsdiluted": 9.39, "weightedAverageShsOut": 54986654, "weightedAverageShsOutDil": 55311032, "link": "https://www.sec.gov/Archives/edgar/data/1267238/000162828018001695/0001628280-18-001695-index.htm", "finalLink": "https://www.sec.gov/Archives/edgar/data/1267238/000162828018001695/aiz1231201710k.htm", "calculatedOtherExpenses": 1766700000, "calculatedOperatingExpenses": 5817100000, "calculatedNetInterest": -49500000, "calculatedOtherIncome": 0, "calculatedIncomeNonControlling": 0, "calculatedEbitda": 609700000}, {"date": "2016-12-31", "symbol": "AIZ", "reportedCurrency": "USD", "cik": "0001267238", "fillingDate": "2017-02-14", "acceptedDate": "2017-02-14 16:22:16", "calendarYear": "2016", "period": "FY", "revenue": 7107689000, "costOfRevenue": 0, "grossProfit": 7107689000, "grossProfitRatio": 1, "researchAndDevelopmentExpenses": 0, "generalAndAdministrativeExpenses": 4794070000, "sellingAndMarketingExpenses": 0, "sellingGeneralAndAdministrativeExpenses": 4794070000, "otherExpenses": 1888930000, "operatingExpenses": 6683000000, "costAndExpenses": 6259101000, "interestIncome": 0, "interestExpense": 57619000, "depreciationAndAmortization": 125143000, "ebitda": 1031350000, "ebitdaratio": 0.1451034225, "operatingIncome": 906207000, "operatingIncomeRatio": 0.1274967152, "totalOtherIncomeExpensesNet": -57619000, "incomeBeforeTax": 848588000, "incomeBeforeTaxRatio": 0.1193901421, "incomeTaxExpense": 283238000, "netIncome": 565350000, "netIncomeRatio": 0.0795406214, "eps": 9.23, "epsdiluted": 9.13, "weightedAverageShsOut": 61261288, "weightedAverageShsOutDil": 61934774, "link": "https://www.sec.gov/Archives/edgar/data/1267238/000162828017001320/0001628280-17-001320-index.htm", "finalLink": "https://www.sec.gov/Archives/edgar/data/1267238/000162828017001320/aiz1231201610k.htm", "calculatedOtherExpenses": 1407412000, "calculatedOperatingExpenses": 6201482000, "calculatedNetInterest": -57619000, "calculatedOtherIncome": 0, "calculatedIncomeNonControlling": 0, "calculatedEbitda": 1031350000}, {"date": "2015-12-31", "symbol": "AIZ", "reportedCurrency": "USD", "cik": "0001267238", "fillingDate": "2016-02-16", "acceptedDate": "2016-02-16 15:59:05", "calendarYear": "2015", "period": "FY", "revenue": 10312506000, "costOfRevenue": 0, "grossProfit": 10312506000, "grossProfitRatio": 1, "researchAndDevelopmentExpenses": 0, "generalAndAdministrativeExpenses": 5326662000, "sellingAndMarketingExpenses": 0, "sellingGeneralAndAdministrativeExpenses": 5326662000, "otherExpenses": 4797338000, "operatingExpenses": 10124000000, "costAndExpenses": 10111325000, "interestIncome": 0, "interestExpense": 55116000, "depreciationAndAmortization": 137105000, "ebitda": 393402000, "ebitdaratio": 0.0381480505, "operatingIncome": 256297000, "operatingIncomeRatio": 0.024853028, "totalOtherIncomeExpensesNet": -55116000, "incomeBeforeTax": 201181000, "incomeBeforeTaxRatio": 0.0195084493, "incomeTaxExpense": 59626000, "netIncome": 141555000, "netIncomeRatio": 0.0137265375, "eps": 2.08, "epsdiluted": 2.05, "weightedAverageShsOut": 68163825, "weightedAverageShsOutDil": 69017209, "link": "https://www.sec.gov/Archives/edgar/data/1267238/000162828016011239/0001628280-16-011239-index.htm", "finalLink": "https://www.sec.gov/Archives/edgar/data/1267238/000162828016011239/aiz1231201510k.htm", "calculatedOtherExpenses": 4729547000, "calculatedOperatingExpenses": 10056209000, "calculatedNetInterest": -55116000, "calculatedOtherIncome": 0, "calculatedIncomeNonControlling": 0, "calculatedEbitda": 393402000}, {"date": "2014-12-31", "symbol": "AIZ", "reportedCurrency": "USD", "cik": "0001267238", "fillingDate": "2015-02-19", "acceptedDate": "2015-02-19 16:36:35", "calendarYear": "2014", "period": "FY", "revenue": 10383159000, "costOfRevenue": 0, "grossProfit": 10383159000, "grossProfitRatio": 1, "researchAndDevelopmentExpenses": 0, "generalAndAdministrativeExpenses": 5173788000, "sellingAndMarketingExpenses": 0, "sellingGeneralAndAdministrativeExpenses": 5173788000, "otherExpenses": 4464212000, "operatingExpenses": 9638000000, "costAndExpenses": 9639022000, "interestIncome": 0, "interestExpense": 58395000, "depreciationAndAmortization": 132217000, "ebitda": 934749000, "ebitdaratio": 0.0900254922, "operatingIncome": 802532000, "operatingIncomeRatio": 0.077291699, "totalOtherIncomeExpensesNet": -58395000, "incomeBeforeTax": 744137000, "incomeBeforeTaxRatio": 0.071667688, "incomeTaxExpense": 273230000, "netIncome": 470907000, "netIncomeRatio": 0.0453529605, "eps": 6.52, "epsdiluted": 6.44, "weightedAverageShsOut": 72181447, "weightedAverageShsOutDil": 73152010, "link": "https://www.sec.gov/Archives/edgar/data/1267238/000119312515054288/0001193125-15-054288-index.htm", "finalLink": "https://www.sec.gov/Archives/edgar/data/1267238/000119312515054288/d871105d10k.htm", "calculatedOtherExpenses": 4406839000, "calculatedOperatingExpenses": 9580627000, "calculatedNetInterest": -58395000, "calculatedOtherIncome": 0, "calculatedIncomeNonControlling": 0, "calculatedEbitda": 934749000}, {"date": "2013-12-31", "symbol": "AIZ", "reportedCurrency": "USD", "cik": "0001267238", "fillingDate": "2014-02-19", "acceptedDate": "2014-02-18 18:00:08", "calendarYear": "2013", "period": "FY", "revenue": 9031347000, "costOfRevenue": 0, "grossProfit": 9031347000, "grossProfitRatio": 1, "researchAndDevelopmentExpenses": 0, "generalAndAdministrativeExpenses": 4504691000, "sellingAndMarketingExpenses": 0, "sellingGeneralAndAdministrativeExpenses": 4504691000, "otherExpenses": 3753309000, "operatingExpenses": 8258000000, "costAndExpenses": 8241648000, "interestIncome": 0, "interestExpense": 77735000, "depreciationAndAmortization": 124851000, "ebitda": 992285000, "ebitdaratio": 0.1098712075, "operatingIncome": 867434000, "operatingIncomeRatio": 0.0960470238, "totalOtherIncomeExpensesNet": -77735000, "incomeBeforeTax": 789699000, "incomeBeforeTaxRatio": 0.0874397806, "incomeTaxExpense": 300792000, "netIncome": 488907000, "netIncomeRatio": 0.0541344497, "eps": 6.38, "epsdiluted": 6.3, "weightedAverageShsOut": 76648688, "weightedAverageShsOutDil": 77654764, "link": "https://www.sec.gov/Archives/edgar/data/1267238/000119312514057434/0001193125-14-057434-index.htm", "finalLink": "https://www.sec.gov/Archives/edgar/data/1267238/000119312514057434/d676053d10k.htm", "calculatedOtherExpenses": 3659222000, "calculatedOperatingExpenses": 8163913000, "calculatedNetInterest": -77735000, "calculatedOtherIncome": 0, "calculatedIncomeNonControlling": 0, "calculatedEbitda": 992285000}, {"date": "2012-12-31", "symbol": "AIZ", "reportedCurrency": "USD", "cik": "0001267238", "fillingDate": "2013-02-20", "acceptedDate": "2013-02-20 17:11:44", "calendarYear": "2012", "period": "FY", "revenue": 8489857000, "costOfRevenue": 0, "grossProfit": 8489857000, "grossProfitRatio": 1, "researchAndDevelopmentExpenses": 0, "generalAndAdministrativeExpenses": 4034809000, "sellingAndMarketingExpenses": 0, "sellingGeneralAndAdministrativeExpenses": 4034809000, "otherExpenses": 3716191000, "operatingExpenses": 7751000000, "costAndExpenses": 7732106000, "interestIncome": 0, "interestExpense": 60306000, "depreciationAndAmortization": 124387000, "ebitda": 942444000, "ebitdaratio": 0.1110082302, "operatingIncome": 818057000, "operatingIncomeRatio": 0.0963569822, "totalOtherIncomeExpensesNet": -60306000, "incomeBeforeTax": 757751000, "incomeBeforeTaxRatio": 0.0892536824, "incomeTaxExpense": 274046000, "netIncome": 483705000, "netIncomeRatio": 0.0569744579, "eps": 5.74, "epsdiluted": 5.67, "weightedAverageShsOut": 84276427, "weightedAverageShsOutDil": 85307065, "link": "https://www.sec.gov/Archives/edgar/data/1267238/000119312513067448/0001193125-13-067448-index.htm", "finalLink": "https://www.sec.gov/Archives/edgar/data/1267238/000119312513067448/d475468d10k.htm", "calculatedOtherExpenses": 3636991000, "calculatedOperatingExpenses": 7671800000, "calculatedNetInterest": -60306000, "calculatedOtherIncome": 0, "calculatedIncomeNonControlling": 0, "calculatedEbitda": 942444000}, {"date": "2011-12-31", "symbol": "AIZ", "reportedCurrency": "USD", "cik": "0001267238", "fillingDate": "2012-02-23", "acceptedDate": "2012-02-23 16:25:39", "calendarYear": "2011", "period": "FY", "revenue": 8272804000, "costOfRevenue": 0, "grossProfit": 8272804000, "grossProfitRatio": 1, "researchAndDevelopmentExpenses": 0, "generalAndAdministrativeExpenses": 2293705000, "sellingAndMarketingExpenses": 1448575000, "sellingGeneralAndAdministrativeExpenses": 3742280000, "otherExpenses": 5273295000, "operatingExpenses": 7567000000, "costAndExpenses": 7557849000, "interestIncome": 0, "interestExpense": 60360000, "depreciationAndAmortization": 108931000, "ebitda": 884246000, "ebitdaratio": 0.1068858878, "operatingIncome": 775315000, "operatingIncomeRatio": 0.0937185264, "totalOtherIncomeExpensesNet": 425324000, "incomeBeforeTax": 714955000, "incomeBeforeTaxRatio": 0.0864223303, "incomeTaxExpense": 169116000, "netIncome": 545839000, "netIncomeRatio": 0.0659799265, "eps": 5.65, "epsdiluted": 5.58, "weightedAverageShsOut": 96626306, "weightedAverageShsOutDil": 97795309, "link": "https://www.sec.gov/Archives/edgar/data/1267238/000119312512075371/0001193125-12-075371-index.htm", "finalLink": "https://www.sec.gov/Archives/edgar/data/1267238/000119312512075371/d257568d10k.htm", "calculatedOtherExpenses": 3755209000, "calculatedOperatingExpenses": 7497489000, "calculatedNetInterest": -60360000, "calculatedOtherIncome": 0, "calculatedIncomeNonControlling": 0, "calculatedEbitda": 884246000}, {"date": "2010-12-31", "symbol": "AIZ", "reportedCurrency": "USD", "cik": "0001267238", "fillingDate": "2011-02-23", "acceptedDate": "2011-02-23 17:04:57", "calendarYear": "2010", "period": "FY", "revenue": 8527722000, "costOfRevenue": 0, "grossProfit": 8527722000, "grossProfitRatio": 1, "researchAndDevelopmentExpenses": 0, "generalAndAdministrativeExpenses": 2392035000, "sellingAndMarketingExpenses": 1521238000, "sellingGeneralAndAdministrativeExpenses": 3913273000, "otherExpenses": 5528965000, "operatingExpenses": 7921000000, "costAndExpenses": 7921278000, "interestIncome": 0, "interestExpense": 60646000, "depreciationAndAmortization": 116196000, "ebitda": 783286000, "ebitdaratio": 0.0918517278, "operatingIncome": 667090000, "operatingIncomeRatio": 0.0782260491, "totalOtherIncomeExpensesNet": 362684000, "incomeBeforeTax": 606444000, "incomeBeforeTaxRatio": 0.0711144195, "incomeTaxExpense": 327267000, "netIncome": 279177000, "netIncomeRatio": 0.0327375822, "eps": 2.52, "epsdiluted": 2.5, "weightedAverageShsOut": 110632551, "weightedAverageShsOutDil": 111473214, "link": "https://www.sec.gov/Archives/edgar/data/1267238/000119312511043706/0001193125-11-043706-index.htm", "finalLink": "https://www.sec.gov/Archives/edgar/data/1267238/000119312511043706/d10k.htm", "calculatedOtherExpenses": 3947359000, "calculatedOperatingExpenses": 7860632000, "calculatedNetInterest": -60646000, "calculatedOtherIncome": 0, "calculatedIncomeNonControlling": 0, "calculatedEbitda": 783286000}, {"date": "2009-12-31", "symbol": "AIZ", "reportedCurrency": "USD", "cik": "0001267238", "fillingDate": "2010-02-25", "acceptedDate": "2010-02-25 17:27:16", "calendarYear": "2009", "period": "FY", "revenue": 8700503000, "costOfRevenue": 2000, "grossProfit": 8700501000, "grossProfitRatio": 0.9999997701, "researchAndDevelopmentExpenses": 0, "generalAndAdministrativeExpenses": 2377364000, "sellingAndMarketingExpenses": 1601880000, "sellingGeneralAndAdministrativeExpenses": 3979244000, "otherExpenses": 5613636000, "operatingExpenses": 7991000000, "costAndExpenses": 7990894000, "interestIncome": 0, "interestExpense": 60669000, "depreciationAndAmortization": 91338000, "ebitda": 861613000, "ebitdaratio": 0.0990302515, "operatingIncome": 770275000, "operatingIncomeRatio": 0.0885322377, "totalOtherIncomeExpensesNet": 504928000, "incomeBeforeTax": 709609000, "incomeBeforeTaxRatio": 0.0815595374, "incomeTaxExpense": 279035000, "netIncome": 430574000, "netIncomeRatio": 0.0494884031, "eps": 3.65, "epsdiluted": 3.63, "weightedAverageShsOut": 118036632, "weightedAverageShsOutDil": 118495640, "link": "https://www.sec.gov/Archives/edgar/data/1267238/000119312510040943/0001193125-10-040943-index.htm", "finalLink": "https://www.sec.gov/Archives/edgar/data/1267238/000119312510040943/d10k.htm", "calculatedOtherExpenses": 3950982000, "calculatedOperatingExpenses": 7930226000, "calculatedNetInterest": -60669000, "calculatedOtherIncome": 3000, "calculatedIncomeNonControlling": 0, "calculatedEbitda": 861613000}, {"date": "2008-12-31", "symbol": "AIZ", "reportedCurrency": "USD", "cik": "0001267238", "fillingDate": "2009-02-27", "acceptedDate": "2009-02-27 12:28:10", "calendarYear": "2008", "period": "FY", "revenue": 8601228000, "costOfRevenue": 0, "grossProfit": 8601228000, "grossProfitRatio": 1, "researchAndDevelopmentExpenses": 0, "generalAndAdministrativeExpenses": 2286170000, "sellingAndMarketingExpenses": 1671680000, "sellingGeneralAndAdministrativeExpenses": 3957850000, "otherExpenses": 5751830000, "operatingExpenses": 8038000000, "costAndExpenses": 8037950000, "interestIncome": 0, "interestExpense": 60953000, "depreciationAndAmortization": 62197000, "ebitda": 686428000, "ebitdaratio": 0.0798058138, "operatingIncome": 624231000, "operatingIncomeRatio": 0.072574637, "totalOtherIncomeExpensesNet": 330212000, "incomeBeforeTax": 563278000, "incomeBeforeTaxRatio": 0.0654880908, "incomeTaxExpense": 115482000, "netIncome": 447796000, "netIncomeRatio": 0.0520618684, "eps": 3.8, "epsdiluted": 3.77, "weightedAverageShsOut": 117764288, "weightedAverageShsOutDil": 118836331, "link": "https://www.sec.gov/Archives/edgar/data/1267238/000119312509040498/0001193125-09-040498-index.htm", "finalLink": "https://www.sec.gov/Archives/edgar/data/1267238/000119312509040498/d10k.htm", "calculatedOtherExpenses": 4019147000, "calculatedOperatingExpenses": 7976997000, "calculatedNetInterest": -60953000, "calculatedOtherIncome": 0, "calculatedIncomeNonControlling": 0, "calculatedEbitda": 686428000}, {"date": "2007-12-31", "symbol": "AIZ", "reportedCurrency": "USD", "cik": "0001267238", "fillingDate": "2008-03-03", "acceptedDate": "2008-03-03 06:20:58", "calendarYear": "2007", "period": "FY", "revenue": 8453515000, "costOfRevenue": 0, "grossProfit": 8453515000, "grossProfitRatio": 1, "researchAndDevelopmentExpenses": 0, "generalAndAdministrativeExpenses": 2238851000, "sellingAndMarketingExpenses": 0, "sellingGeneralAndAdministrativeExpenses": 2238851000, "otherExpenses": 5203149000, "operatingExpenses": 7442000000, "costAndExpenses": 7442475000, "interestIncome": 0, "interestExpense": 61178000, "depreciationAndAmortization": 94307000, "ebitda": 1166525000, "ebitdaratio": 0.1379928941, "operatingIncome": 1072218000, "operatingIncomeRatio": 0.126836943, "totalOtherIncomeExpensesNet": 308932000, "incomeBeforeTax": 1011040000, "incomeBeforeTaxRatio": 0.1195999534, "incomeTaxExpense": 357294000, "netIncome": 653746000, "netIncomeRatio": 0.0773342213, "eps": 5.46, "epsdiluted": 5.38, "weightedAverageShsOut": 119737556, "weightedAverageShsOutDil": 121436693, "link": "https://www.sec.gov/Archives/edgar/data/1267238/000119312508044379/0001193125-08-044379-index.htm", "finalLink": "https://www.sec.gov/Archives/edgar/data/1267238/000119312508044379/d10k.htm", "calculatedOtherExpenses": 5142446000, "calculatedOperatingExpenses": 7381297000, "calculatedNetInterest": -61178000, "calculatedOtherIncome": 0, "calculatedIncomeNonControlling": 0, "calculatedEbitda": 1166525000}, {"date": "2006-12-31", "symbol": "AIZ", "reportedCurrency": "USD", "cik": "0001267238", "fillingDate": "2007-03-01", "acceptedDate": "2007-03-01 16:22:33", "calendarYear": "2006", "period": "FY", "revenue": 8070584000, "costOfRevenue": 0, "grossProfit": 8070584000, "grossProfitRatio": 1, "researchAndDevelopmentExpenses": 0, "generalAndAdministrativeExpenses": 2189539000, "sellingAndMarketingExpenses": 0, "sellingGeneralAndAdministrativeExpenses": 2189539000, "otherExpenses": 4785461000, "operatingExpenses": 6975000000, "costAndExpenses": 6974842000, "interestIncome": 0, "interestExpense": 61243000, "depreciationAndAmortization": 93305000, "ebitda": 1251837000, "ebitdaratio": 0.1551110799, "operatingIncome": 1158532000, "operatingIncomeRatio": 0.1435499587, "totalOtherIncomeExpensesNet": 378258000, "incomeBeforeTax": 1095742000, "incomeBeforeTaxRatio": 0.1357698526, "incomeTaxExpense": 379871000, "netIncome": 717418000, "netIncomeRatio": 0.0888929475, "eps": 5.66, "epsdiluted": 5.57, "weightedAverageShsOut": 126846990, "weightedAverageShsOutDil": 128812813, "link": "https://www.sec.gov/Archives/edgar/data/1267238/000119312507044409/0001193125-07-044409-index.htm", "finalLink": "https://www.sec.gov/Archives/edgar/data/1267238/000119312507044409/d10k.htm", "calculatedOtherExpenses": 4722513000, "calculatedOperatingExpenses": 6912052000, "calculatedNetInterest": -61243000, "calculatedOtherIncome": -1547000, "calculatedIncomeNonControlling": -1547000, "calculatedEbitda": 1251837000}, {"date": "2005-12-31", "symbol": "AIZ", "reportedCurrency": "USD", "cik": "0001267238", "fillingDate": "2006-03-10", "acceptedDate": "2006-03-10 17:39:10", "calendarYear": "2005", "period": "FY", "revenue": 7497675000, "costOfRevenue": 0, "grossProfit": 7497675000, "grossProfitRatio": 1, "researchAndDevelopmentExpenses": 0, "generalAndAdministrativeExpenses": 2146392000, "sellingAndMarketingExpenses": 0, "sellingGeneralAndAdministrativeExpenses": 2146392000, "otherExpenses": 4695608000, "operatingExpenses": 6842000000, "costAndExpenses": 6842067000, "interestIncome": 0, "interestExpense": 61258000, "depreciationAndAmortization": 7393000, "ebitda": 724259000, "ebitdaratio": 0.096597812, "operatingIncome": 716866000, "operatingIncomeRatio": 0.095611773, "totalOtherIncomeExpensesNet": 281387000, "incomeBeforeTax": 655608000, "incomeBeforeTaxRatio": 0.0874415069, "incomeTaxExpense": 176253000, "netIncome": 479355000, "netIncomeRatio": 0.0639338195, "eps": 3.53, "epsdiluted": 3.5, "weightedAverageShsOut": 135773551, "weightedAverageShsOutDil": 136945310, "link": "https://www.sec.gov/Archives/edgar/data/1267238/000119312506051258/0001193125-06-051258-index.htm", "finalLink": "https://www.sec.gov/Archives/edgar/data/1267238/000119312506051258/d10k.htm", "calculatedOtherExpenses": 4634417000, "calculatedOperatingExpenses": 6780809000, "calculatedNetInterest": -61258000, "calculatedOtherIncome": 0, "calculatedIncomeNonControlling": 0, "calculatedEbitda": 724259000}, {"date": "2004-12-31", "symbol": "AIZ", "reportedCurrency": "USD", "cik": "0001267238", "fillingDate": "2005-03-31", "acceptedDate": "2005-03-31 17:16:29", "calendarYear": "2004", "period": "FY", "revenue": 7403464000, "costOfRevenue": 0, "grossProfit": 7403464000, "grossProfitRatio": 1, "researchAndDevelopmentExpenses": 0, "generalAndAdministrativeExpenses": 2106618000, "sellingAndMarketingExpenses": 0, "sellingGeneralAndAdministrativeExpenses": 2106618000, "otherExpenses": 0, "operatingExpenses": 2106618000000, "costAndExpenses": 6867536000, "interestIncome": 0, "interestExpense": 56418000, "depreciationAndAmortization": 45675000, "ebitda": 638021000, "ebitdaratio": 0.0861787131, "operatingIncome": 592346000, "operatingIncomeRatio": 0.0800093038, "totalOtherIncomeExpensesNet": 261536000, "incomeBeforeTax": 535928000, "incomeBeforeTaxRatio": 0.0723888169, "incomeTaxExpense": 185368000, "netIncome": 350560000, "netIncomeRatio": 0.0473508077, "eps": 2.53, "epsdiluted": 2.53, "weightedAverageShsOut": 138358767, "weightedAverageShsOutDil": 138467564, "link": "https://www.sec.gov/Archives/edgar/data/1267238/000095012305003934/0000950123-05-003934-index.htm", "finalLink": "https://www.sec.gov/Archives/edgar/data/1267238/000095012305003934/y06975e10vk.htm", "calculatedOtherExpenses": 4704500000, "calculatedOperatingExpenses": 6811118000, "calculatedNetInterest": -56418000, "calculatedOtherIncome": 0, "calculatedIncomeNonControlling": 0, "calculatedEbitda": 638021000}, {"date": "2003-12-31", "symbol": "AIZ", "reportedCurrency": "USD", "cik": "0001267238", "fillingDate": "2004-03-30", "acceptedDate": "2004-03-30 13:52:47", "calendarYear": "2003", "period": "FY", "revenue": 7066213000, "costOfRevenue": 0, "grossProfit": 7066213000, "grossProfitRatio": 1, "researchAndDevelopmentExpenses": 0, "generalAndAdministrativeExpenses": 1919989000, "sellingAndMarketingExpenses": 0, "sellingGeneralAndAdministrativeExpenses": 1919989000, "otherExpenses": 0, "operatingExpenses": 1919989000000, "costAndExpenses": 6806856000, "interestIncome": 0, "interestExpense": 1175000, "depreciationAndAmortization": 48117000, "ebitda": 308649000, "ebitdaratio": 0.0436795494, "operatingIncome": 260532000, "operatingIncomeRatio": 0.0368701028, "totalOtherIncomeExpensesNet": 300260000, "incomeBeforeTax": 259357000, "incomeBeforeTaxRatio": 0.0367038186, "incomeTaxExpense": 73705000, "netIncome": 185652000, "netIncomeRatio": 0.0262731961, "eps": 1.7, "epsdiluted": 1.7, "weightedAverageShsOut": 109222276, "weightedAverageShsOutDil": 109222276, "link": "https://www.sec.gov/Archives/edgar/data/1267238/000095012304003991/0000950123-04-003991-index.htm", "finalLink": "https://www.sec.gov/Archives/edgar/data/1267238/000095012304003991/y95546e10vk.htm", "calculatedOtherExpenses": 4885692000, "calculatedOperatingExpenses": 6805681000, "calculatedNetInterest": -1175000, "calculatedOtherIncome": 0, "calculatedIncomeNonControlling": 0, "calculatedEbitda": 308649000}, {"date": "2002-12-31", "symbol": "AIZ", "reportedCurrency": "USD", "cik": "0001267238", "fillingDate": "2002-12-31", "acceptedDate": "2002-12-30 19:00:00", "calendarYear": "2002", "period": "FY", "revenue": 6532200000, "costOfRevenue": 0, "grossProfit": 6532200000, "grossProfitRatio": 1, "researchAndDevelopmentExpenses": 0, "generalAndAdministrativeExpenses": 1876222000, "sellingAndMarketingExpenses": 0, "sellingGeneralAndAdministrativeExpenses": 1876222000, "otherExpenses": -9298964000, "operatingExpenses": -7422742000, "costAndExpenses": 6161803000, "interestIncome": 0, "interestExpense": 0, "depreciationAndAmortization": 46867000, "ebitda": -843675000, "ebitdaratio": -0.1291563332, "operatingIncome": -890542000, "operatingIncomeRatio": -0.1363310983, "totalOtherIncomeExpensesNet": 337148000, "incomeBeforeTax": 370397000, "incomeBeforeTaxRatio": 0.0567032546, "incomeTaxExpense": 110657000, "netIncome": -1001199000, "netIncomeRatio": -0.1532713328, "eps": -9.17, "epsdiluted": -9.17, "weightedAverageShsOut": 109222276, "weightedAverageShsOutDil": 109222276, "link": "", "finalLink": "", "calculatedOtherExpenses": 5546520000, "calculatedOperatingExpenses": 7422742000, "calculatedNetInterest": 0, "calculatedOtherIncome": 1260939000, "calculatedIncomeNonControlling": 1260939000, "calculatedEbitda": -843675000}, {"date": "2001-12-31", "symbol": "AIZ", "reportedCurrency": "USD", "cik": "0001267238", "fillingDate": "2001-12-31", "acceptedDate": "2001-12-30 19:00:00", "calendarYear": "2001", "period": "FY", "revenue": 6186874000, "costOfRevenue": 0, "grossProfit": 6186874000, "grossProfitRatio": 1, "researchAndDevelopmentExpenses": 0, "generalAndAdministrativeExpenses": 1846550000, "sellingAndMarketingExpenses": 0, "sellingGeneralAndAdministrativeExpenses": 1846550000, "otherExpenses": -7921370000, "operatingExpenses": -6074820000, "costAndExpenses": 1860551000, "interestIncome": 0, "interestExpense": 14001000, "depreciationAndAmortization": 0, "ebitda": 112054000, "ebitdaratio": 0.0181115698, "operatingIncome": 112054000, "operatingIncomeRatio": 0.0181115698, "totalOtherIncomeExpensesNet": 351923000, "incomeBeforeTax": 463977000, "incomeBeforeTaxRatio": 0.0749937691, "incomeTaxExpense": 365924000, "netIncome": 98053000, "netIncomeRatio": 0.0158485529, "eps": 0.9, "epsdiluted": 0.9, "weightedAverageShsOut": 108947778, "weightedAverageShsOutDil": 109222276, "link": "", "finalLink": "", "calculatedOtherExpenses": 4228270000, "calculatedOperatingExpenses": 6074820000, "calculatedNetInterest": -14001000, "calculatedOtherIncome": 365924000, "calculatedIncomeNonControlling": 0, "calculatedEbitda": 112054000}, {"date": "2000-12-31", "symbol": "AIZ", "reportedCurrency": "USD", "cik": "0001267238", "fillingDate": "2000-12-31", "acceptedDate": "2000-12-30 19:00:00", "calendarYear": "2000", "period": "FY", "revenue": 6211979000, "costOfRevenue": 0, "grossProfit": 6211979000, "grossProfitRatio": 1, "researchAndDevelopmentExpenses": 0, "generalAndAdministrativeExpenses": 2081816000, "sellingAndMarketingExpenses": 0, "sellingGeneralAndAdministrativeExpenses": 2081816000, "otherExpenses": -8074885000, "operatingExpenses": -5993069000, "costAndExpenses": 2592826000, "interestIncome": 0, "interestExpense": 24726000, "depreciationAndAmortization": 0, "ebitda": 218910000, "ebitdaratio": 0.0352399775, "operatingIncome": 218910000, "operatingIncomeRatio": 0.0352399775, "totalOtherIncomeExpensesNet": 421849000, "incomeBeforeTax": 640759000, "incomeBeforeTaxRatio": 0.1031489321, "incomeTaxExpense": 104500000, "netIncome": 89684000, "netIncomeRatio": 0.0144372671, "eps": 0.85, "epsdiluted": 0.85, "weightedAverageShsOut": 104915373, "weightedAverageShsOutDil": 104915373, "link": "", "finalLink": "", "calculatedOtherExpenses": 3911253000, "calculatedOperatingExpenses": 5993069000, "calculatedNetInterest": -24726000, "calculatedOtherIncome": 446575000, "calculatedIncomeNonControlling": 446575000, "calculatedEbitda": 218910000}]}