{"originalCurrency": "USD", "convertedCurrency": "USD", "report": [{"date": "2023-12-31", "symbol": "AJG", "reportedCurrency": "USD", "cik": "0000354190", "fillingDate": "2024-02-09", "acceptedDate": "2024-02-09 17:08:03", "calendarYear": "2023", "period": "FY", "revenue": 10071900000, "costOfRevenue": 5826600000, "grossProfit": 4245300000, "grossProfitRatio": 0.4214994192, "researchAndDevelopmentExpenses": 0, "generalAndAdministrativeExpenses": 135300000, "sellingAndMarketingExpenses": 0, "sellingGeneralAndAdministrativeExpenses": 135300000, "otherExpenses": -7370900000, "operatingExpenses": 2386200000, "costAndExpenses": 8212800000, "interestIncome": 0, "interestExpense": 296700000, "depreciationAndAmortization": 696500000, "ebitda": 2555600000, "ebitdaratio": 0.2537356407, "operatingIncome": -1983300000, "operatingIncomeRatio": -0.196914187, "totalOtherIncomeExpensesNet": -377300000, "incomeBeforeTax": 1185100000, "incomeBeforeTaxRatio": 0.1176639959, "incomeTaxExpense": 219100000, "netIncome": 969500000, "netIncomeRatio": 0.0962579057, "eps": 4.51, "epsdiluted": 4.42, "weightedAverageShsOut": 214900000, "weightedAverageShsOutDil": 219300000, "link": "https://www.sec.gov/Archives/edgar/data/354190/000095017024013370/0000950170-24-013370-index.htm", "finalLink": "https://www.sec.gov/Archives/edgar/data/354190/000095017024013370/ajg-20231231.htm", "calculatedOtherExpenses": 6093300000, "calculatedOperatingExpenses": 6228600000, "calculatedNetInterest": -296700000, "calculatedOtherIncome": 3465100000, "calculatedIncomeNonControlling": -3500000, "calculatedEbitda": -1286800000}, {"date": "2022-12-31", "symbol": "AJG", "reportedCurrency": "USD", "cik": "0000354190", "fillingDate": "2023-02-10", "acceptedDate": "2023-02-10 15:16:33", "calendarYear": "2022", "period": "FY", "revenue": 8550600000, "costOfRevenue": 4953200000, "grossProfit": 3597400000, "grossProfitRatio": 0.4207190139, "researchAndDevelopmentExpenses": 0, "generalAndAdministrativeExpenses": 4799800000, "sellingAndMarketingExpenses": 0, "sellingGeneralAndAdministrativeExpenses": 4799800000, "otherExpenses": -2869300000, "operatingExpenses": 1930500000, "costAndExpenses": 6883700000, "interestIncome": 120600000, "interestExpense": -256900000, "depreciationAndAmortization": 599600000, "ebitda": 2349500000, "ebitdaratio": 0.2747760391, "operatingIncome": 1749900000, "operatingIncomeRatio": 0.2046523051, "totalOtherIncomeExpensesNet": -422900000, "incomeBeforeTax": 1327000000, "incomeBeforeTaxRatio": 0.1551937876, "incomeTaxExpense": 211000000, "netIncome": 1114200000, "netIncomeRatio": 0.1303066451, "eps": 5.3, "epsdiluted": 5.19, "weightedAverageShsOut": 210300000, "weightedAverageShsOutDil": 214700000, "link": "https://www.sec.gov/Archives/edgar/data/354190/000095017023002456/0000950170-23-002456-index.htm", "finalLink": "https://www.sec.gov/Archives/edgar/data/354190/000095017023002456/ajg-20221231.htm", "calculatedOtherExpenses": -2952300000, "calculatedOperatingExpenses": 1847500000, "calculatedNetInterest": 377500000, "calculatedOtherIncome": -800400000, "calculatedIncomeNonControlling": 1800000, "calculatedEbitda": 2349500000}, {"date": "2021-12-31", "symbol": "AJG", "reportedCurrency": "USD", "cik": "0000354190", "fillingDate": "2022-02-18", "acceptedDate": "2022-02-18 16:59:42", "calendarYear": "2021", "period": "FY", "revenue": 8209400000, "costOfRevenue": 5233700000, "grossProfit": 2975700000, "grossProfitRatio": 0.3624747241, "researchAndDevelopmentExpenses": 0, "generalAndAdministrativeExpenses": 3927500000, "sellingAndMarketingExpenses": 0, "sellingGeneralAndAdministrativeExpenses": 3927500000, "otherExpenses": 1638700000, "operatingExpenses": 1638700000, "costAndExpenses": 6872400000, "interestIncome": 143000000, "interestExpense": 226100000, "depreciationAndAmortization": 566300000, "ebitda": 2039100000, "ebitdaratio": 0.2483859965, "operatingIncome": 1472800000, "operatingIncomeRatio": 0.1794040977, "totalOtherIncomeExpensesNet": -497700000, "incomeBeforeTax": 975100000, "incomeBeforeTaxRatio": 0.1187784735, "incomeTaxExpense": 20100000, "netIncome": 906800000, "netIncomeRatio": 0.1104587424, "eps": 4.47, "epsdiluted": 4.37, "weightedAverageShsOut": 202700000, "weightedAverageShsOutDil": 207300000, "link": "https://www.sec.gov/Archives/edgar/data/354190/000156459022005714/0001564590-22-005714-index.htm", "finalLink": "https://www.sec.gov/Archives/edgar/data/354190/000156459022005714/ajg-10k_20211231.htm", "calculatedOtherExpenses": -2424600000, "calculatedOperatingExpenses": 1502900000, "calculatedNetInterest": -83100000, "calculatedOtherIncome": -414600000, "calculatedIncomeNonControlling": 48200000, "calculatedEbitda": 2039100000}, {"date": "2020-12-31", "symbol": "AJG", "reportedCurrency": "USD", "cik": "0000354190", "fillingDate": "2021-02-08", "acceptedDate": "2021-02-05 17:42:30", "calendarYear": "2020", "period": "FY", "revenue": 7003600000, "costOfRevenue": 4500300000, "grossProfit": 2503300000, "grossProfitRatio": 0.3574304643, "researchAndDevelopmentExpenses": 0, "generalAndAdministrativeExpenses": 3466500000, "sellingAndMarketingExpenses": 0, "sellingGeneralAndAdministrativeExpenses": 3466500000, "otherExpenses": 1468900000, "operatingExpenses": 1468900000, "costAndExpenses": 5969200000, "interestIncome": 120500000, "interestExpense": 196400000, "depreciationAndAmortization": 562400000, "ebitda": 1563900000, "ebitdaratio": 0.223299446, "operatingIncome": 1001500000, "operatingIncomeRatio": 0.1429978868, "totalOtherIncomeExpensesNet": -130600000, "incomeBeforeTax": 870900000, "incomeBeforeTaxRatio": 0.1243503341, "incomeTaxExpense": 12800000, "netIncome": 818800000, "netIncomeRatio": 0.1169113028, "eps": 4.29, "epsdiluted": 4.2, "weightedAverageShsOut": 191000000, "weightedAverageShsOutDil": 195000000, "link": "https://www.sec.gov/Archives/edgar/data/354190/000156459021004555/0001564590-21-004555-index.htm", "finalLink": "https://www.sec.gov/Archives/edgar/data/354190/000156459021004555/ajg-10k_20201231.htm", "calculatedOtherExpenses": -1964700000, "calculatedOperatingExpenses": 1501800000, "calculatedNetInterest": -75900000, "calculatedOtherIncome": -54700000, "calculatedIncomeNonControlling": 39300000, "calculatedEbitda": 1563900000}, {"date": "2019-12-31", "symbol": "AJG", "reportedCurrency": "USD", "cik": "0000354190", "fillingDate": "2020-02-07", "acceptedDate": "2020-02-07 16:20:36", "calendarYear": "2019", "period": "FY", "revenue": 7195000000, "costOfRevenue": 4830900000, "grossProfit": 2364100000, "grossProfitRatio": 0.3285753996, "researchAndDevelopmentExpenses": 0, "generalAndAdministrativeExpenses": 3339500000, "sellingAndMarketingExpenses": 0, "sellingGeneralAndAdministrativeExpenses": 3339500000, "otherExpenses": 1542900000, "operatingExpenses": 1542900000, "costAndExpenses": 6373800000, "interestIncome": 92900000, "interestExpense": 179800000, "depreciationAndAmortization": 474400000, "ebitda": 1310900000, "ebitdaratio": 0.1821959694, "operatingIncome": 836500000, "operatingIncomeRatio": 0.1162612926, "totalOtherIncomeExpensesNet": -210400000, "incomeBeforeTax": 626100000, "incomeBeforeTaxRatio": 0.087018763, "incomeTaxExpense": -89700000, "netIncome": 668800000, "netIncomeRatio": 0.0929534399, "eps": 3.6, "epsdiluted": 3.52, "weightedAverageShsOut": 186000000, "weightedAverageShsOutDil": 190100000, "link": "https://www.sec.gov/Archives/edgar/data/354190/000119312520028191/0001193125-20-028191-index.htm", "finalLink": "https://www.sec.gov/Archives/edgar/data/354190/000119312520028191/d879025d10k.htm", "calculatedOtherExpenses": -1811900000, "calculatedOperatingExpenses": 1527600000, "calculatedNetInterest": -86900000, "calculatedOtherIncome": -123500000, "calculatedIncomeNonControlling": 47000000, "calculatedEbitda": 1310900000}, {"date": "2018-12-31", "symbol": "AJG", "reportedCurrency": "USD", "cik": "0000354190", "fillingDate": "2019-02-08", "acceptedDate": "2019-02-08 16:36:10", "calendarYear": "2018", "period": "FY", "revenue": 6934000000, "costOfRevenue": 4983900000, "grossProfit": 1950100000, "grossProfitRatio": 0.281237381, "researchAndDevelopmentExpenses": 0, "generalAndAdministrativeExpenses": 3026300000, "sellingAndMarketingExpenses": 0, "sellingGeneralAndAdministrativeExpenses": 3026300000, "otherExpenses": 1322700000, "operatingExpenses": 1322700000, "costAndExpenses": 6306600000, "interestIncome": 0, "interestExpense": 138400000, "depreciationAndAmortization": 419000000, "ebitda": 1056000000, "ebitdaratio": 0.1522930487, "operatingIncome": 627400000, "operatingIncomeRatio": 0.0904816845, "totalOtherIncomeExpensesNet": -9600000, "incomeBeforeTax": 479400000, "incomeBeforeTaxRatio": 0.0691375829, "incomeTaxExpense": -196500000, "netIncome": 633500000, "netIncomeRatio": 0.0913614076, "eps": 3.47, "epsdiluted": 3.4, "weightedAverageShsOut": 182740000, "weightedAverageShsOutDil": 186164000, "link": "https://www.sec.gov/Archives/edgar/data/354190/000119312519032304/0001193125-19-032304-index.htm", "finalLink": "https://www.sec.gov/Archives/edgar/data/354190/000119312519032304/d618065d10k.htm", "calculatedOtherExpenses": -1703600000, "calculatedOperatingExpenses": 1322700000, "calculatedNetInterest": -138400000, "calculatedOtherIncome": -9600000, "calculatedIncomeNonControlling": 42400000, "calculatedEbitda": 1046400000}, {"date": "2017-12-31", "symbol": "AJG", "reportedCurrency": "USD", "cik": "0000354190", "fillingDate": "2018-02-12", "acceptedDate": "2018-02-09 17:42:22", "calendarYear": "2017", "period": "FY", "revenue": 6159600000, "costOfRevenue": 4388200000, "grossProfit": 1771400000, "grossProfitRatio": 0.2875836093, "researchAndDevelopmentExpenses": 0, "generalAndAdministrativeExpenses": 2752300000, "sellingAndMarketingExpenses": 0, "sellingGeneralAndAdministrativeExpenses": 2752300000, "otherExpenses": 1238300000, "operatingExpenses": 1238300000, "costAndExpenses": 5626500000, "interestIncome": 0, "interestExpense": 124100000, "depreciationAndAmortization": 385800000, "ebitda": 949800000, "ebitdaratio": 0.1541983246, "operatingIncome": 533100000, "operatingIncomeRatio": 0.0865478278, "totalOtherIncomeExpensesNet": -30900000, "incomeBeforeTax": 378100000, "incomeBeforeTaxRatio": 0.0613838561, "incomeTaxExpense": -121100000, "netIncome": 463100000, "netIncomeRatio": 0.0751834535, "eps": 2.57, "epsdiluted": 2.54, "weightedAverageShsOut": 180074000, "weightedAverageShsOutDil": 182115000, "link": "https://www.sec.gov/Archives/edgar/data/354190/000119312518038261/0001193125-18-038261-index.htm", "finalLink": "https://www.sec.gov/Archives/edgar/data/354190/000119312518038261/d486069d10k.htm", "calculatedOtherExpenses": -1514000000, "calculatedOperatingExpenses": 1238300000, "calculatedNetInterest": -124100000, "calculatedOtherIncome": -30900000, "calculatedIncomeNonControlling": 36100000, "calculatedEbitda": 918900000}, {"date": "2016-12-31", "symbol": "AJG", "reportedCurrency": "USD", "cik": "0000354190", "fillingDate": "2017-02-13", "acceptedDate": "2017-02-10 17:54:38", "calendarYear": "2016", "period": "FY", "revenue": 5594800000, "costOfRevenue": 3947500000, "grossProfit": 1647300000, "grossProfitRatio": 0.2944341174, "researchAndDevelopmentExpenses": 0, "generalAndAdministrativeExpenses": 2538900000, "sellingAndMarketingExpenses": 0, "sellingGeneralAndAdministrativeExpenses": 2538900000, "otherExpenses": 1148500000, "operatingExpenses": 1148500000, "costAndExpenses": 5096000000, "interestIncome": 0, "interestExpense": 109800000, "depreciationAndAmortization": 350800000, "ebitda": 881700000, "ebitdaratio": 0.1575927647, "operatingIncome": 498800000, "operatingIncomeRatio": 0.0891542146, "totalOtherIncomeExpensesNet": -32100000, "incomeBeforeTax": 356900000, "incomeBeforeTaxRatio": 0.0637913777, "incomeTaxExpense": -88100000, "netIncome": 414400000, "netIncomeRatio": 0.0740687782, "eps": 2.33, "epsdiluted": 2.32, "weightedAverageShsOut": 177560000, "weightedAverageShsOutDil": 178387000, "link": "https://www.sec.gov/Archives/edgar/data/354190/000119312517038619/0001193125-17-038619-index.htm", "finalLink": "https://www.sec.gov/Archives/edgar/data/354190/000119312517038619/d314580d10k.htm", "calculatedOtherExpenses": -1390400000, "calculatedOperatingExpenses": 1148500000, "calculatedNetInterest": -109800000, "calculatedOtherIncome": -32100000, "calculatedIncomeNonControlling": 30600000, "calculatedEbitda": 849600000}, {"date": "2015-12-31", "symbol": "AJG", "reportedCurrency": "USD", "cik": "0000354190", "fillingDate": "2016-02-10", "acceptedDate": "2016-02-10 17:02:26", "calendarYear": "2015", "period": "FY", "revenue": 5392400000, "costOfRevenue": 3780400000, "grossProfit": 1612000000, "grossProfitRatio": 0.2989392478, "researchAndDevelopmentExpenses": 0, "generalAndAdministrativeExpenses": 2428900000, "sellingAndMarketingExpenses": 0, "sellingGeneralAndAdministrativeExpenses": 2428900000, "otherExpenses": 1174900000, "operatingExpenses": 1174900000, "costAndExpenses": 4955300000, "interestIncome": 0, "interestExpense": 103000000, "depreciationAndAmortization": 334200000, "ebitda": 811900000, "ebitdaratio": 0.1505637564, "operatingIncome": 437100000, "operatingIncomeRatio": 0.0810585268, "totalOtherIncomeExpensesNet": -40600000, "incomeBeforeTax": 293500000, "incomeBeforeTaxRatio": 0.0544284549, "incomeTaxExpense": -95600000, "netIncome": 356800000, "netIncomeRatio": 0.0661671983, "eps": 2.07, "epsdiluted": 2.06, "weightedAverageShsOut": 172239000, "weightedAverageShsOutDil": 173215000, "link": "https://www.sec.gov/Archives/edgar/data/354190/000119312516457703/0001193125-16-457703-index.htm", "finalLink": "https://www.sec.gov/Archives/edgar/data/354190/000119312516457703/d118346d10k.htm", "calculatedOtherExpenses": -1254000000, "calculatedOperatingExpenses": 1174900000, "calculatedNetInterest": -103000000, "calculatedOtherIncome": -40600000, "calculatedIncomeNonControlling": 32300000, "calculatedEbitda": 771300000}, {"date": "2014-12-31", "symbol": "AJG", "reportedCurrency": "USD", "cik": "0000354190", "fillingDate": "2015-02-13", "acceptedDate": "2015-02-12 18:52:49", "calendarYear": "2014", "period": "FY", "revenue": 4626500000, "costOfRevenue": 3226500000, "grossProfit": 1400000000, "grossProfitRatio": 0.3026045607, "researchAndDevelopmentExpenses": 0, "generalAndAdministrativeExpenses": 2167600000, "sellingAndMarketingExpenses": 0, "sellingGeneralAndAdministrativeExpenses": 2167600000, "otherExpenses": 1026100000, "operatingExpenses": 1026100000, "costAndExpenses": 4252600000, "interestIncome": 0, "interestExpense": 89000000, "depreciationAndAmortization": 258900000, "ebitda": 650300000, "ebitdaratio": 0.1405598184, "operatingIncome": 373900000, "operatingIncomeRatio": 0.0808170323, "totalOtherIncomeExpensesNet": -17500000, "incomeBeforeTax": 267400000, "incomeBeforeTaxRatio": 0.0577974711, "incomeTaxExpense": -36000000, "netIncome": 303400000, "netIncomeRatio": 0.0655787312, "eps": 1.97, "epsdiluted": 1.97, "weightedAverageShsOut": 152854000, "weightedAverageShsOutDil": 154259000, "link": "https://www.sec.gov/Archives/edgar/data/354190/000119312515047308/0001193125-15-047308-index.htm", "finalLink": "https://www.sec.gov/Archives/edgar/data/354190/000119312515047308/d853008d10k.htm", "calculatedOtherExpenses": -1141500000, "calculatedOperatingExpenses": 1026100000, "calculatedNetInterest": -89000000, "calculatedOtherIncome": -17500000, "calculatedIncomeNonControlling": 0, "calculatedEbitda": 632800000}, {"date": "2013-12-31", "symbol": "AJG", "reportedCurrency": "USD", "cik": "0000354190", "fillingDate": "2014-02-07", "acceptedDate": "2014-02-07 16:39:18", "calendarYear": "2013", "period": "FY", "revenue": 3179600000, "costOfRevenue": 2122300000, "grossProfit": 1057300000, "grossProfitRatio": 0.3325261039, "researchAndDevelopmentExpenses": 0, "generalAndAdministrativeExpenses": 1685000000, "sellingAndMarketingExpenses": 0, "sellingGeneralAndAdministrativeExpenses": 1685000000, "otherExpenses": 731000000, "operatingExpenses": 731000000, "costAndExpenses": 2853300000, "interestIncome": 0, "interestExpense": 50100000, "depreciationAndAmortization": 178600000, "ebitda": 506600000, "ebitdaratio": 0.1593282174, "operatingIncome": 326300000, "operatingIncomeRatio": 0.1026229714, "totalOtherIncomeExpensesNet": -1700000, "incomeBeforeTax": 274500000, "incomeBeforeTaxRatio": 0.086331614, "incomeTaxExpense": 5900000, "netIncome": 268600000, "netIncomeRatio": 0.0844760347, "eps": 2.08, "epsdiluted": 2.06, "weightedAverageShsOut": 128894000, "weightedAverageShsOutDil": 130467000, "link": "https://www.sec.gov/Archives/edgar/data/354190/000119312514040834/0001193125-14-040834-index.htm", "finalLink": "https://www.sec.gov/Archives/edgar/data/354190/000119312514040834/d661245d10k.htm", "calculatedOtherExpenses": -954000000, "calculatedOperatingExpenses": 731000000, "calculatedNetInterest": -50100000, "calculatedOtherIncome": -1700000, "calculatedIncomeNonControlling": 0, "calculatedEbitda": 504900000}, {"date": "2012-12-31", "symbol": "AJG", "reportedCurrency": "USD", "cik": "0000354190", "fillingDate": "2013-02-08", "acceptedDate": "2013-02-08 16:09:24", "calendarYear": "2012", "period": "FY", "revenue": 2520300000, "costOfRevenue": 1605000000, "grossProfit": 915300000, "grossProfitRatio": 0.3631710511, "researchAndDevelopmentExpenses": 0, "generalAndAdministrativeExpenses": 1493400000, "sellingAndMarketingExpenses": 0, "sellingGeneralAndAdministrativeExpenses": 1493400000, "otherExpenses": 623600000, "operatingExpenses": 623600000, "costAndExpenses": 2228600000, "interestIncome": 0, "interestExpense": 43000000, "depreciationAndAmortization": 140400000, "ebitda": 435500000, "ebitdaratio": 0.1727968893, "operatingIncome": 291700000, "operatingIncomeRatio": 0.1157401897, "totalOtherIncomeExpensesNet": -3400000, "incomeBeforeTax": 245300000, "incomeBeforeTaxRatio": 0.097329683, "incomeTaxExpense": 50300000, "netIncome": 195000000, "netIncomeRatio": 0.0773717415, "eps": 1.61, "epsdiluted": 1.59, "weightedAverageShsOut": 121018000, "weightedAverageShsOutDil": 122478000, "link": "https://www.sec.gov/Archives/edgar/data/354190/000119312513046126/0001193125-13-046126-index.htm", "finalLink": "https://www.sec.gov/Archives/edgar/data/354190/000119312513046126/d460219d10k.htm", "calculatedOtherExpenses": -869800000, "calculatedOperatingExpenses": 623600000, "calculatedNetInterest": -43000000, "calculatedOtherIncome": -3400000, "calculatedIncomeNonControlling": 0, "calculatedEbitda": 432100000}, {"date": "2011-12-31", "symbol": "AJG", "reportedCurrency": "USD", "cik": "0000354190", "fillingDate": "2012-02-14", "acceptedDate": "2012-02-14 17:08:58", "calendarYear": "2011", "period": "FY", "revenue": 2134700000, "costOfRevenue": 451000000, "grossProfit": 1683700000, "grossProfitRatio": 0.7887290954, "researchAndDevelopmentExpenses": 0, "generalAndAdministrativeExpenses": 1326100000, "sellingAndMarketingExpenses": 0, "sellingGeneralAndAdministrativeExpenses": 1326100000, "otherExpenses": 115200000, "operatingExpenses": 1441300000, "costAndExpenses": 1892300000, "interestIncome": 0, "interestExpense": 40800000, "depreciationAndAmortization": 115200000, "ebitda": 357600000, "ebitdaratio": 0.167517684, "operatingIncome": 242400000, "operatingIncomeRatio": 0.1135522556, "totalOtherIncomeExpensesNet": 6200000, "incomeBeforeTax": 207800000, "incomeBeforeTaxRatio": 0.0973438891, "incomeTaxExpense": 63700000, "netIncome": 144100000, "netIncomeRatio": 0.0675036305, "eps": 1.28, "epsdiluted": 1.28, "weightedAverageShsOut": 111667000, "weightedAverageShsOutDil": 112465000, "link": "https://www.sec.gov/Archives/edgar/data/354190/000119312512061292/0001193125-12-061292-index.htm", "finalLink": "https://www.sec.gov/Archives/edgar/data/354190/000119312512061292/d287012d10k.htm", "calculatedOtherExpenses": 115200000, "calculatedOperatingExpenses": 1441300000, "calculatedNetInterest": -40800000, "calculatedOtherIncome": 6200000, "calculatedIncomeNonControlling": 0, "calculatedEbitda": 357600000}, {"date": "2010-12-31", "symbol": "AJG", "reportedCurrency": "USD", "cik": "0000354190", "fillingDate": "2011-02-07", "acceptedDate": "2011-02-07 13:16:12", "calendarYear": "2010", "period": "FY", "revenue": 1864200000, "costOfRevenue": 418600000, "grossProfit": 1445600000, "grossProfitRatio": 0.7754532775, "researchAndDevelopmentExpenses": 0, "generalAndAdministrativeExpenses": 1117500000, "sellingAndMarketingExpenses": 0, "sellingGeneralAndAdministrativeExpenses": 1117500000, "otherExpenses": 93100000, "operatingExpenses": 1210600000, "costAndExpenses": 1629200000, "interestIncome": 0, "interestExpense": 34600000, "depreciationAndAmortization": 93100000, "ebitda": 328100000, "ebitdaratio": 0.1760004291, "operatingIncome": 200400000, "operatingIncomeRatio": 0.1074991954, "totalOtherIncomeExpensesNet": 2600000, "incomeBeforeTax": 203000000, "incomeBeforeTaxRatio": 0.1088938955, "incomeTaxExpense": 39700000, "netIncome": 174100000, "netIncomeRatio": 0.093391267, "eps": 1.61, "epsdiluted": 1.61, "weightedAverageShsOut": 108400000, "weightedAverageShsOutDil": 108400000, "link": "https://www.sec.gov/Archives/edgar/data/354190/000119312511025625/0001193125-11-025625-index.htm", "finalLink": "https://www.sec.gov/Archives/edgar/data/354190/000119312511025625/d10k.htm", "calculatedOtherExpenses": 127700000, "calculatedOperatingExpenses": 1245200000, "calculatedNetInterest": -34600000, "calculatedOtherIncome": 37200000, "calculatedIncomeNonControlling": -10800000, "calculatedEbitda": 293500000}, {"date": "2009-12-31", "symbol": "AJG", "reportedCurrency": "USD", "cik": "0000354190", "fillingDate": "2010-02-05", "acceptedDate": "2010-02-05 16:18:49", "calendarYear": "2009", "period": "FY", "revenue": 1729300000, "costOfRevenue": 324300000, "grossProfit": 1405000000, "grossProfitRatio": 0.8124674724, "researchAndDevelopmentExpenses": 0, "generalAndAdministrativeExpenses": 1075700000, "sellingAndMarketingExpenses": 0, "sellingGeneralAndAdministrativeExpenses": 1075700000, "otherExpenses": 85600000, "operatingExpenses": 1161300000, "costAndExpenses": 1485600000, "interestIncome": 0, "interestExpense": 28500000, "depreciationAndAmortization": 85600000, "ebitda": 329300000, "ebitdaratio": 0.1904238709, "operatingIncome": 243700000, "operatingIncomeRatio": 0.1409240733, "totalOtherIncomeExpensesNet": -4100000, "incomeBeforeTax": 211100000, "incomeBeforeTaxRatio": 0.1220725149, "incomeTaxExpense": 78000000, "netIncome": 128600000, "netIncomeRatio": 0.0743653501, "eps": 1.28, "epsdiluted": 1.28, "weightedAverageShsOut": 100500000, "weightedAverageShsOutDil": 100625000, "link": "https://www.sec.gov/Archives/edgar/data/354190/000119312510023360/0001193125-10-023360-index.htm", "finalLink": "https://www.sec.gov/Archives/edgar/data/354190/000119312510023360/d10k.htm", "calculatedOtherExpenses": 85600000, "calculatedOperatingExpenses": 1161300000, "calculatedNetInterest": -28500000, "calculatedOtherIncome": -4100000, "calculatedIncomeNonControlling": 4500000, "calculatedEbitda": 329300000}, {"date": "2008-12-31", "symbol": "AJG", "reportedCurrency": "USD", "cik": "0000354190", "fillingDate": "2009-02-06", "acceptedDate": "2009-02-06 16:51:59", "calendarYear": "2008", "period": "FY", "revenue": 1611200000, "costOfRevenue": 391100000, "grossProfit": 1220100000, "grossProfitRatio": 0.7572616683, "researchAndDevelopmentExpenses": 0, "generalAndAdministrativeExpenses": 988000000, "sellingAndMarketingExpenses": 0, "sellingGeneralAndAdministrativeExpenses": 988000000, "otherExpenses": 73700000, "operatingExpenses": 1061700000, "costAndExpenses": 1452800000, "interestIncome": 0, "interestExpense": 0, "depreciationAndAmortization": 80600000, "ebitda": 205200000, "ebitdaratio": 0.1273584906, "operatingIncome": 158400000, "operatingIncomeRatio": 0.0983118173, "totalOtherIncomeExpensesNet": 33800000, "incomeBeforeTax": 163600000, "incomeBeforeTaxRatio": 0.1015392254, "incomeTaxExpense": 52200000, "netIncome": 77300000, "netIncomeRatio": 0.0479766634, "eps": 0.83, "epsdiluted": 0.82, "weightedAverageShsOut": 93800000, "weightedAverageShsOutDil": 94268293, "link": "https://www.sec.gov/Archives/edgar/data/354190/000119312509021344/0001193125-09-021344-index.htm", "finalLink": "https://www.sec.gov/Archives/edgar/data/354190/000119312509021344/d10k.htm", "calculatedOtherExpenses": 73700000, "calculatedOperatingExpenses": 1061700000, "calculatedNetInterest": 0, "calculatedOtherIncome": 5200000, "calculatedIncomeNonControlling": 34100000, "calculatedEbitda": 239000000}, {"date": "2007-12-31", "symbol": "AJG", "reportedCurrency": "USD", "cik": "0000354190", "fillingDate": "2008-02-04", "acceptedDate": "2008-02-01 20:39:30", "calendarYear": "2007", "period": "FY", "revenue": 1623300000, "costOfRevenue": 437000000, "grossProfit": 1186300000, "grossProfitRatio": 0.7307952935, "researchAndDevelopmentExpenses": 0, "generalAndAdministrativeExpenses": 0, "sellingAndMarketingExpenses": 0, "sellingGeneralAndAdministrativeExpenses": 911600000, "otherExpenses": 58600000, "operatingExpenses": 970200000, "costAndExpenses": 1407200000, "interestIncome": 0, "interestExpense": 0, "depreciationAndAmortization": 65300000, "ebitda": 281400000, "ebitdaratio": 0.1733505821, "operatingIncome": 216100000, "operatingIncomeRatio": 0.1331238834, "totalOtherIncomeExpensesNet": -16000000, "incomeBeforeTax": 200100000, "incomeBeforeTaxRatio": 0.1232674182, "incomeTaxExpense": 45500000, "netIncome": 138800000, "netIncomeRatio": 0.0855048358, "eps": 1.45, "epsdiluted": 1.43, "weightedAverageShsOut": 95724138, "weightedAverageShsOutDil": 97062937, "link": "https://www.sec.gov/Archives/edgar/data/354190/000119312508018228/0001193125-08-018228-index.htm", "finalLink": "https://www.sec.gov/Archives/edgar/data/354190/000119312508018228/d10k.htm", "calculatedOtherExpenses": 58600000, "calculatedOperatingExpenses": 970200000, "calculatedNetInterest": 0, "calculatedOtherIncome": -16000000, "calculatedIncomeNonControlling": 15800000, "calculatedEbitda": 281400000}, {"date": "2006-12-31", "symbol": "AJG", "reportedCurrency": "USD", "cik": "0000354190", "fillingDate": "2007-02-05", "acceptedDate": "2007-02-02 19:03:27", "calendarYear": "2006", "period": "FY", "revenue": 1534000000, "costOfRevenue": 322400000, "grossProfit": 1211600000, "grossProfitRatio": 0.7898305085, "researchAndDevelopmentExpenses": 0, "generalAndAdministrativeExpenses": 0, "sellingAndMarketingExpenses": 0, "sellingGeneralAndAdministrativeExpenses": 889900000, "otherExpenses": 56400000, "operatingExpenses": 946300000, "costAndExpenses": 1268700000, "interestIncome": 0, "interestExpense": 0, "depreciationAndAmortization": 65000000, "ebitda": 337800000, "ebitdaratio": 0.220208605, "operatingIncome": 265300000, "operatingIncomeRatio": 0.172946545, "totalOtherIncomeExpensesNet": -7500000, "incomeBeforeTax": 153100000, "incomeBeforeTaxRatio": 0.0998044329, "incomeTaxExpense": 24600000, "netIncome": 128500000, "netIncomeRatio": 0.083767927, "eps": 1.32, "epsdiluted": 1.31, "weightedAverageShsOut": 97348485, "weightedAverageShsOutDil": 98091603, "link": "https://www.sec.gov/Archives/edgar/data/354190/000119312507019450/0001193125-07-019450-index.htm", "finalLink": "https://www.sec.gov/Archives/edgar/data/354190/000119312507019450/d10k.htm", "calculatedOtherExpenses": 56400000, "calculatedOperatingExpenses": 946300000, "calculatedNetInterest": 0, "calculatedOtherIncome": -112200000, "calculatedIncomeNonControlling": 0, "calculatedEbitda": 330300000}, {"date": "2005-12-31", "symbol": "AJG", "reportedCurrency": "USD", "cik": "0000354190", "fillingDate": "2006-02-08", "acceptedDate": "2006-02-08 08:56:15", "calendarYear": "2005", "period": "FY", "revenue": 1483900000, "costOfRevenue": 322300000, "grossProfit": 1161600000, "grossProfitRatio": 0.7828020756, "researchAndDevelopmentExpenses": 0, "generalAndAdministrativeExpenses": 0, "sellingAndMarketingExpenses": 0, "sellingGeneralAndAdministrativeExpenses": 894800000, "otherExpenses": 53400000, "operatingExpenses": 948200000, "costAndExpenses": 1270500000, "interestIncome": 0, "interestExpense": 0, "depreciationAndAmortization": 60500000, "ebitda": 345200000, "ebitdaratio": 0.2326302311, "operatingIncome": 213400000, "operatingIncomeRatio": 0.1438102298, "totalOtherIncomeExpensesNet": -71300000, "incomeBeforeTax": -2800000, "incomeBeforeTaxRatio": -0.0018869196, "incomeTaxExpense": -31400000, "netIncome": 30800000, "netIncomeRatio": 0.0207561156, "eps": 0.32, "epsdiluted": 0.32, "weightedAverageShsOut": 94333333, "weightedAverageShsOutDil": 96100000, "link": "https://www.sec.gov/Archives/edgar/data/354190/000119312506023110/0001193125-06-023110-index.htm", "finalLink": "https://www.sec.gov/Archives/edgar/data/354190/000119312506023110/d10k.htm", "calculatedOtherExpenses": 53400000, "calculatedOperatingExpenses": 948200000, "calculatedNetInterest": 0, "calculatedOtherIncome": -216200000, "calculatedIncomeNonControlling": -2200000, "calculatedEbitda": 273900000}, {"date": "2004-12-31", "symbol": "AJG", "reportedCurrency": "USD", "cik": "0000354190", "fillingDate": "2005-01-28", "acceptedDate": "2005-01-27 19:56:08", "calendarYear": "2004", "period": "FY", "revenue": 1480300000, "costOfRevenue": 277500000, "grossProfit": 1202800000, "grossProfitRatio": 0.8125379991, "researchAndDevelopmentExpenses": 0, "generalAndAdministrativeExpenses": 0, "sellingAndMarketingExpenses": 0, "sellingGeneralAndAdministrativeExpenses": 735400000, "otherExpenses": 53300000, "operatingExpenses": 788700000, "costAndExpenses": 1066200000, "interestIncome": 0, "interestExpense": 0, "depreciationAndAmortization": 63300000, "ebitda": 646500000, "ebitdaratio": 0.4367357968, "operatingIncome": 414100000, "operatingIncomeRatio": 0.2797405931, "totalOtherIncomeExpensesNet": -169100000, "incomeBeforeTax": 235500000, "incomeBeforeTaxRatio": 0.1590893738, "incomeTaxExpense": 47000000, "netIncome": 188500000, "netIncomeRatio": 0.1273390529, "eps": 2.05, "epsdiluted": 1.99, "weightedAverageShsOut": 91111111, "weightedAverageShsOutDil": 94500000, "link": "https://www.sec.gov/Archives/edgar/data/354190/000119312505013417/0001193125-05-013417-index.htm", "finalLink": "https://www.sec.gov/Archives/edgar/data/354190/000119312505013417/d10k.htm", "calculatedOtherExpenses": 53300000, "calculatedOperatingExpenses": 788700000, "calculatedNetInterest": 0, "calculatedOtherIncome": -178600000, "calculatedIncomeNonControlling": 0, "calculatedEbitda": 477400000}, {"date": "2003-12-31", "symbol": "AJG", "reportedCurrency": "USD", "cik": "0000354190", "fillingDate": "2004-02-09", "acceptedDate": "2004-02-09 10:55:55", "calendarYear": "2003", "period": "FY", "revenue": 1263800000, "costOfRevenue": 262800000, "grossProfit": 1001000000, "grossProfitRatio": 0.792055705, "researchAndDevelopmentExpenses": 0, "generalAndAdministrativeExpenses": 0, "sellingAndMarketingExpenses": 0, "sellingGeneralAndAdministrativeExpenses": 758600000, "otherExpenses": 41100000, "operatingExpenses": 799700000, "costAndExpenses": 1062500000, "interestIncome": 0, "interestExpense": 0, "depreciationAndAmortization": 48600000, "ebitda": 249900000, "ebitdaratio": 0.1977369837, "operatingIncome": 201300000, "operatingIncomeRatio": 0.1592815319, "totalOtherIncomeExpensesNet": -8000000, "incomeBeforeTax": 193300000, "incomeBeforeTaxRatio": 0.1529514164, "incomeTaxExpense": 47100000, "netIncome": 146200000, "netIncomeRatio": 0.1156828612, "eps": 1.62, "epsdiluted": 1.57, "weightedAverageShsOut": 89814815, "weightedAverageShsOutDil": 93121019, "link": "https://www.sec.gov/Archives/edgar/data/354190/000119312504016970/0001193125-04-016970-index.htm", "finalLink": "https://www.sec.gov/Archives/edgar/data/354190/000119312504016970/d10k.htm", "calculatedOtherExpenses": 41100000, "calculatedOperatingExpenses": 799700000, "calculatedNetInterest": 0, "calculatedOtherIncome": -8000000, "calculatedIncomeNonControlling": 0, "calculatedEbitda": 249900000}, {"date": "2002-12-31", "symbol": "AJG", "reportedCurrency": "USD", "cik": "0000354190", "fillingDate": "2003-03-25", "acceptedDate": "2003-03-25 12:19:28", "calendarYear": "2002", "period": "FY", "revenue": 1101222000, "costOfRevenue": 306953000, "grossProfit": 794269000, "grossProfitRatio": 0.7212614713, "researchAndDevelopmentExpenses": 0, "generalAndAdministrativeExpenses": 0, "sellingAndMarketingExpenses": 0, "sellingGeneralAndAdministrativeExpenses": 576497000, "otherExpenses": 32430000, "operatingExpenses": 608927000, "costAndExpenses": 915880000, "interestIncome": 0, "interestExpense": 0, "depreciationAndAmortization": 32430000, "ebitda": 162642000, "ebitdaratio": 0.1476922909, "operatingIncome": 185342000, "operatingIncomeRatio": 0.1683057549, "totalOtherIncomeExpensesNet": 39596000, "incomeBeforeTax": 185342000, "incomeBeforeTaxRatio": 0.1683057549, "incomeTaxExpense": 55603000, "netIncome": 129739000, "netIncomeRatio": 0.1178136652, "eps": 1.47, "epsdiluted": 1.41, "weightedAverageShsOut": 87091429, "weightedAverageShsOutDil": 92127660, "link": "https://www.sec.gov/Archives/edgar/data/354190/000095013103001589/0000950131-03-001589-index.htm", "finalLink": "https://www.sec.gov/Archives/edgar/data/354190/000095013103001589/d10k.txt", "calculatedOtherExpenses": 32430000, "calculatedOperatingExpenses": 608927000, "calculatedNetInterest": 0, "calculatedOtherIncome": 0, "calculatedIncomeNonControlling": 0, "calculatedEbitda": 217772000}, {"date": "2001-12-31", "symbol": "AJG", "reportedCurrency": "USD", "cik": "0000354190", "fillingDate": "2002-03-22", "acceptedDate": "2002-03-22 00:00:00", "calendarYear": "2001", "period": "FY", "revenue": 910043000, "costOfRevenue": 269832000, "grossProfit": 640211000, "grossProfitRatio": 0.7034953293, "researchAndDevelopmentExpenses": 0, "generalAndAdministrativeExpenses": 0, "sellingAndMarketingExpenses": 0, "sellingGeneralAndAdministrativeExpenses": 477279000, "otherExpenses": 0, "operatingExpenses": 477279000, "costAndExpenses": 747111000, "interestIncome": 0, "interestExpense": 0, "depreciationAndAmortization": 20042000, "ebitda": 153324000, "ebitdaratio": 0.1684799509, "operatingIncome": 162932000, "operatingIncomeRatio": 0.1790376938, "totalOtherIncomeExpensesNet": 29650000, "incomeBeforeTax": 141853000, "incomeBeforeTaxRatio": 0.1558750521, "incomeTaxExpense": 16597000, "netIncome": 125256000, "netIncomeRatio": 0.1376374523, "eps": 1.47, "epsdiluted": 1.39, "weightedAverageShsOut": 84571560, "weightedAverageShsOutDil": 90143885, "link": "https://www.sec.gov/Archives/edgar/data/354190/000095013102001033/0000950131-02-001033-index.htm", "finalLink": "https://www.sec.gov/Archives/edgar/data/354190/000095013102001033/d10k405.txt", "calculatedOtherExpenses": 0, "calculatedOperatingExpenses": 477279000, "calculatedNetInterest": 0, "calculatedOtherIncome": -21079000, "calculatedIncomeNonControlling": 0, "calculatedEbitda": 182974000}, {"date": "2000-12-31", "symbol": "AJG", "reportedCurrency": "USD", "cik": "0000354190", "fillingDate": "2001-03-27", "acceptedDate": "2001-03-27 00:00:00", "calendarYear": "2000", "period": "FY", "revenue": 699176000, "costOfRevenue": 214722000, "grossProfit": 484454000, "grossProfitRatio": 0.6928927766, "researchAndDevelopmentExpenses": 0, "generalAndAdministrativeExpenses": 0, "sellingAndMarketingExpenses": 0, "sellingGeneralAndAdministrativeExpenses": 384164000, "otherExpenses": 16316000, "operatingExpenses": 400480000, "costAndExpenses": 615202000, "interestIncome": 0, "interestExpense": 0, "depreciationAndAmortization": 16316000, "ebitda": 58870000, "ebitdaratio": 0.0841991144, "operatingIncome": 83974000, "operatingIncomeRatio": 0.120104237, "totalOtherIncomeExpensesNet": 41420000, "incomeBeforeTax": 125394000, "incomeBeforeTaxRatio": 0.1793454009, "incomeTaxExpense": 37618000, "netIncome": 87776000, "netIncomeRatio": 0.1255420667, "eps": 1.11, "epsdiluted": 1.04, "weightedAverageShsOut": 83743243, "weightedAverageShsOutDil": 89379808, "link": "https://www.sec.gov/Archives/edgar/data/354190/000095013101500324/0000950131-01-500324-index.htm", "finalLink": "https://www.sec.gov/Archives/edgar/data/354190/000095013101500324/d10k.txt", "calculatedOtherExpenses": 16316000, "calculatedOperatingExpenses": 400480000, "calculatedNetInterest": 0, "calculatedOtherIncome": 41420000, "calculatedIncomeNonControlling": 0, "calculatedEbitda": 100290000}, {"date": "1999-12-31", "symbol": "AJG", "reportedCurrency": "USD", "cik": "0000354190", "fillingDate": "2000-03-23", "acceptedDate": "2000-03-23 00:00:00", "calendarYear": "1999", "period": "FY", "revenue": 605800000, "costOfRevenue": 297400000, "grossProfit": 308400000, "grossProfitRatio": 0.5090789039, "researchAndDevelopmentExpenses": 0, "generalAndAdministrativeExpenses": 0, "sellingAndMarketingExpenses": 0, "sellingGeneralAndAdministrativeExpenses": 188900000, "otherExpenses": 15300000, "operatingExpenses": 204200000, "costAndExpenses": 501600000, "interestIncome": 0, "interestExpense": 0, "depreciationAndAmortization": 15300000, "ebitda": 119500000, "ebitdaratio": 0.1972598217, "operatingIncome": 104200000, "operatingIncomeRatio": 0.1720039617, "totalOtherIncomeExpensesNet": 100000, "incomeBeforeTax": 104300000, "incomeBeforeTaxRatio": 0.1721690327, "incomeTaxExpense": 36500000, "netIncome": 67800000, "netIncomeRatio": 0.1119181248, "eps": 0.92, "epsdiluted": 0.87, "weightedAverageShsOut": 90478261, "weightedAverageShsOutDil": 95678161, "link": "https://www.sec.gov/Archives/edgar/data/354190/000095013100001929/0000950131-00-001929-index.htm", "finalLink": "https://www.sec.gov/Archives/edgar/data/354190/000095013100001929/0000950131-00-001929.txt", "calculatedOtherExpenses": 15300000, "calculatedOperatingExpenses": 204200000, "calculatedNetInterest": 0, "calculatedOtherIncome": 100000, "calculatedIncomeNonControlling": 0, "calculatedEbitda": 119500000}, {"date": "1998-12-31", "symbol": "AJG", "reportedCurrency": "USD", "cik": "0000354190", "fillingDate": "1999-03-26", "acceptedDate": "1999-03-26 00:00:00", "calendarYear": "1998", "period": "FY", "revenue": 522100000, "costOfRevenue": 162900000, "grossProfit": 359200000, "grossProfitRatio": 0.6879908064, "researchAndDevelopmentExpenses": 0, "generalAndAdministrativeExpenses": 0, "sellingAndMarketingExpenses": 0, "sellingGeneralAndAdministrativeExpenses": 281500000, "otherExpenses": 11700000, "operatingExpenses": 293200000, "costAndExpenses": 456100000, "interestIncome": 0, "interestExpense": 0, "depreciationAndAmortization": 11700000, "ebitda": 59200000, "ebitdaratio": 0.1133882398, "operatingIncome": 66000000, "operatingIncomeRatio": 0.1264125646, "totalOtherIncomeExpensesNet": 18500000, "incomeBeforeTax": 84500000, "incomeBeforeTaxRatio": 0.1618463896, "incomeTaxExpense": 28000000, "netIncome": 56500000, "netIncomeRatio": 0.1082168167, "eps": 0.81, "epsdiluted": 0.77, "weightedAverageShsOut": 72898137, "weightedAverageShsOutDil": 76211688, "link": "https://www.sec.gov/Archives/edgar/data/354190/000095013199001752/0000950131-99-001752-index.html", "finalLink": "https://www.sec.gov/Archives/edgar/data/354190/", "calculatedOtherExpenses": 11700000, "calculatedOperatingExpenses": 293200000, "calculatedNetInterest": 0, "calculatedOtherIncome": 18500000, "calculatedIncomeNonControlling": 0, "calculatedEbitda": 77700000}, {"date": "1997-12-31", "symbol": "AJG", "reportedCurrency": "USD", "cik": "0000354190", "fillingDate": "1998-02-27", "acceptedDate": "1998-02-27 00:00:00", "calendarYear": "1997", "period": "FY", "revenue": 455000000, "costOfRevenue": 146300000, "grossProfit": 308700000, "grossProfitRatio": 0.6784615385, "researchAndDevelopmentExpenses": 0, "generalAndAdministrativeExpenses": 0, "sellingAndMarketingExpenses": 0, "sellingGeneralAndAdministrativeExpenses": 249900000, "otherExpenses": 11100000, "operatingExpenses": 261000000, "costAndExpenses": 407300000, "interestIncome": 0, "interestExpense": 0, "depreciationAndAmortization": 11100000, "ebitda": 25800000, "ebitdaratio": 0.0567032967, "operatingIncome": 47700000, "operatingIncomeRatio": 0.1048351648, "totalOtherIncomeExpensesNet": 33000000, "incomeBeforeTax": 80800000, "incomeBeforeTaxRatio": 0.1775824176, "incomeTaxExpense": 27500000, "netIncome": 53300000, "netIncomeRatio": 0.1171428571, "eps": 0.8, "epsdiluted": 0.8, "weightedAverageShsOut": 72000000, "weightedAverageShsOutDil": 72000000, "link": "https://www.sec.gov/Archives/edgar/data/354190/000095013198001419/0000950131-98-001419-index.html", "finalLink": "https://www.sec.gov/Archives/edgar/data/354190/", "calculatedOtherExpenses": 11100000, "calculatedOperatingExpenses": 261000000, "calculatedNetInterest": 0, "calculatedOtherIncome": 33100000, "calculatedIncomeNonControlling": 0, "calculatedEbitda": 58800000}, {"date": "1996-12-31", "symbol": "AJG", "reportedCurrency": "USD", "cik": "0000354190", "fillingDate": "1997-03-21", "acceptedDate": "1997-03-21 00:00:00", "calendarYear": "1996", "period": "FY", "revenue": 456700000, "costOfRevenue": 138100000, "grossProfit": 318600000, "grossProfitRatio": 0.6976133129, "researchAndDevelopmentExpenses": 0, "generalAndAdministrativeExpenses": 0, "sellingAndMarketingExpenses": 0, "sellingGeneralAndAdministrativeExpenses": 239500000, "otherExpenses": 9800000, "operatingExpenses": 249300000, "costAndExpenses": 387400000, "interestIncome": 0, "interestExpense": 0, "depreciationAndAmortization": 9800000, "ebitda": 79100000, "ebitdaratio": 0.1731990366, "operatingIncome": 69300000, "operatingIncomeRatio": 0.1517407489, "totalOtherIncomeExpensesNet": 100000, "incomeBeforeTax": 69400000, "incomeBeforeTaxRatio": 0.151959711, "incomeTaxExpense": 23600000, "netIncome": 45800000, "netIncomeRatio": 0.1002846508, "eps": 0.64, "epsdiluted": 0.64, "weightedAverageShsOut": 69062500, "weightedAverageShsOutDil": 69062500, "link": "https://www.sec.gov/Archives/edgar/data/354190/000095013197001973/0000950131-97-001973-index.html", "finalLink": "https://www.sec.gov/Archives/edgar/data/354190/", "calculatedOtherExpenses": 9800000, "calculatedOperatingExpenses": 249300000, "calculatedNetInterest": 0, "calculatedOtherIncome": 100000, "calculatedIncomeNonControlling": 0, "calculatedEbitda": 79100000}, {"date": "1995-12-31", "symbol": "AJG", "reportedCurrency": "USD", "cik": "0000354190", "fillingDate": "1996-03-04", "acceptedDate": "1996-03-04 00:00:00", "calendarYear": "1995", "period": "FY", "revenue": 412000000, "costOfRevenue": 122400000, "grossProfit": 289600000, "grossProfitRatio": 0.7029126214, "researchAndDevelopmentExpenses": 0, "generalAndAdministrativeExpenses": 0, "sellingAndMarketingExpenses": 0, "sellingGeneralAndAdministrativeExpenses": 218700000, "otherExpenses": 8000000, "operatingExpenses": 226700000, "costAndExpenses": 349100000, "interestIncome": 0, "interestExpense": 0, "depreciationAndAmortization": 8000000, "ebitda": 70900000, "ebitdaratio": 0.1720873786, "operatingIncome": 62900000, "operatingIncomeRatio": 0.1526699029, "totalOtherIncomeExpensesNet": 0, "incomeBeforeTax": 62900000, "incomeBeforeTaxRatio": 0.1526699029, "incomeTaxExpense": 21400000, "netIncome": 41500000, "netIncomeRatio": 0.1007281553, "eps": 0.65, "epsdiluted": 0.61, "weightedAverageShsOut": 65230769, "weightedAverageShsOutDil": 69508197, "link": "https://www.sec.gov/Archives/edgar/data/354190/000095013196000860/0000950131-96-000860-index.htm", "finalLink": "https://www.sec.gov/Archives/edgar/data/354190/0000950131-96-000860.txt", "calculatedOtherExpenses": 8000000, "calculatedOperatingExpenses": 226700000, "calculatedNetInterest": 0, "calculatedOtherIncome": 0, "calculatedIncomeNonControlling": 0, "calculatedEbitda": 70900000}, {"date": "1994-12-31", "symbol": "AJG", "reportedCurrency": "USD", "cik": "0000354190", "fillingDate": "1995-03-14", "acceptedDate": "1995-03-14 00:00:00", "calendarYear": "1994", "period": "FY", "revenue": 346900000, "costOfRevenue": 105100000, "grossProfit": 241800000, "grossProfitRatio": 0.6970308446, "researchAndDevelopmentExpenses": 0, "generalAndAdministrativeExpenses": 0, "sellingAndMarketingExpenses": 0, "sellingGeneralAndAdministrativeExpenses": 188900000, "otherExpenses": 7400000, "operatingExpenses": 196300000, "costAndExpenses": 301400000, "interestIncome": 0, "interestExpense": 0, "depreciationAndAmortization": 7400000, "ebitda": 43400000, "ebitdaratio": 0.1251081003, "operatingIncome": 45500000, "operatingIncomeRatio": 0.1311617181, "totalOtherIncomeExpensesNet": 9500000, "incomeBeforeTax": 53200000, "incomeBeforeTaxRatio": 0.1533583165, "incomeTaxExpense": 18700000, "netIncome": 34500000, "netIncomeRatio": 0.0994522917, "eps": 0.54, "epsdiluted": 0.54, "weightedAverageShsOut": 63608000, "weightedAverageShsOutDil": 63608000, "link": "https://www.sec.gov/Archives/edgar/data/354190/000095013195000583/0000950131-95-000583-index.htm", "finalLink": "https://www.sec.gov/Archives/edgar/data/354190/000095013195000583/", "calculatedOtherExpenses": 7400000, "calculatedOperatingExpenses": 196300000, "calculatedNetInterest": 0, "calculatedOtherIncome": 7700000, "calculatedIncomeNonControlling": 0, "calculatedEbitda": 52900000}, {"date": "1993-12-31", "symbol": "AJG", "reportedCurrency": "USD", "cik": "0000354190", "fillingDate": "1993-12-31", "acceptedDate": "1993-12-30 19:00:00", "calendarYear": "1993", "period": "FY", "revenue": 302100000, "costOfRevenue": 97300000, "grossProfit": 204800000, "grossProfitRatio": 0.6779212181, "researchAndDevelopmentExpenses": 0, "generalAndAdministrativeExpenses": 0, "sellingAndMarketingExpenses": 0, "sellingGeneralAndAdministrativeExpenses": 160900000, "otherExpenses": 6400000, "operatingExpenses": 167300000, "costAndExpenses": 264600000, "interestIncome": 0, "interestExpense": 0, "depreciationAndAmortization": 6400000, "ebitda": 28300000, "ebitdaratio": 0.0936775902, "operatingIncome": 37500000, "operatingIncomeRatio": 0.1241310824, "totalOtherIncomeExpensesNet": 15600000, "incomeBeforeTax": 51300000, "incomeBeforeTaxRatio": 0.1698113208, "incomeTaxExpense": 19000000, "netIncome": 32300000, "netIncomeRatio": 0.106918239, "eps": 0.44, "epsdiluted": 0.44, "weightedAverageShsOut": 73409091, "weightedAverageShsOutDil": 73409091, "link": "", "finalLink": "", "calculatedOtherExpenses": 6400000, "calculatedOperatingExpenses": 167300000, "calculatedNetInterest": 0, "calculatedOtherIncome": 13800000, "calculatedIncomeNonControlling": 0, "calculatedEbitda": 43900000}, {"date": "1992-12-31", "symbol": "AJG", "reportedCurrency": "USD", "cik": "0000354190", "fillingDate": "1992-12-31", "acceptedDate": "1992-12-30 19:00:00", "calendarYear": "1992", "period": "FY", "revenue": 272700000, "costOfRevenue": 86900000, "grossProfit": 185800000, "grossProfitRatio": 0.6813348001, "researchAndDevelopmentExpenses": 0, "generalAndAdministrativeExpenses": 0, "sellingAndMarketingExpenses": 0, "sellingGeneralAndAdministrativeExpenses": 141100000, "otherExpenses": 6200000, "operatingExpenses": 147300000, "costAndExpenses": 234200000, "interestIncome": 0, "interestExpense": 0, "depreciationAndAmortization": 6200000, "ebitda": 44700000, "ebitdaratio": 0.1639163916, "operatingIncome": 38500000, "operatingIncomeRatio": 0.1411807847, "totalOtherIncomeExpensesNet": -2400000, "incomeBeforeTax": 36100000, "incomeBeforeTaxRatio": 0.1323799047, "incomeTaxExpense": 12600000, "netIncome": 23500000, "netIncomeRatio": 0.0861752842, "eps": 0.36, "epsdiluted": 0.36, "weightedAverageShsOut": 65277778, "weightedAverageShsOutDil": 65277778, "link": "", "finalLink": "", "calculatedOtherExpenses": 6200000, "calculatedOperatingExpenses": 147300000, "calculatedNetInterest": 0, "calculatedOtherIncome": -2400000, "calculatedIncomeNonControlling": 0, "calculatedEbitda": 44700000}, {"date": "1991-12-31", "symbol": "AJG", "reportedCurrency": "USD", "cik": "0000354190", "fillingDate": "1991-12-31", "acceptedDate": "1991-12-30 19:00:00", "calendarYear": "1991", "period": "FY", "revenue": 231700000, "costOfRevenue": 0, "grossProfit": 231700000, "grossProfitRatio": 1, "researchAndDevelopmentExpenses": 0, "generalAndAdministrativeExpenses": 0, "sellingAndMarketingExpenses": 0, "sellingGeneralAndAdministrativeExpenses": 0, "otherExpenses": 203000000, "operatingExpenses": 203000000, "costAndExpenses": 203000000, "interestIncome": 0, "interestExpense": 0, "depreciationAndAmortization": 0, "ebitda": 28700000, "ebitdaratio": 0.1238670695, "operatingIncome": 28700000, "operatingIncomeRatio": 0.1238670695, "totalOtherIncomeExpensesNet": -2200000, "incomeBeforeTax": 26500000, "incomeBeforeTaxRatio": 0.1143720328, "incomeTaxExpense": 7700000, "netIncome": 18800000, "netIncomeRatio": 0.0811394044, "eps": 0.32, "epsdiluted": 0.32, "weightedAverageShsOut": 58750000, "weightedAverageShsOutDil": 58750000, "link": "", "finalLink": "", "calculatedOtherExpenses": 203000000, "calculatedOperatingExpenses": 203000000, "calculatedNetInterest": 0, "calculatedOtherIncome": -2200000, "calculatedIncomeNonControlling": 0, "calculatedEbitda": 28700000}, {"date": "1990-12-31", "symbol": "AJG", "reportedCurrency": "USD", "cik": "0000354190", "fillingDate": "1990-12-31", "acceptedDate": "1990-12-30 19:00:00", "calendarYear": "1990", "period": "FY", "revenue": 198200000, "costOfRevenue": 0, "grossProfit": 198200000, "grossProfitRatio": 1, "researchAndDevelopmentExpenses": 0, "generalAndAdministrativeExpenses": 0, "sellingAndMarketingExpenses": 0, "sellingGeneralAndAdministrativeExpenses": 0, "otherExpenses": 168900000, "operatingExpenses": 168900000, "costAndExpenses": 168900000, "interestIncome": 0, "interestExpense": 0, "depreciationAndAmortization": 0, "ebitda": 29300000, "ebitdaratio": 0.1478304743, "operatingIncome": 29300000, "operatingIncomeRatio": 0.1478304743, "totalOtherIncomeExpensesNet": -2100000, "incomeBeforeTax": 27200000, "incomeBeforeTaxRatio": 0.137235116, "incomeTaxExpense": 9500000, "netIncome": 17700000, "netIncomeRatio": 0.0893037336, "eps": 0.35, "epsdiluted": 0.35, "weightedAverageShsOut": 50571429, "weightedAverageShsOutDil": 50571429, "link": "", "finalLink": "", "calculatedOtherExpenses": 168900000, "calculatedOperatingExpenses": 168900000, "calculatedNetInterest": 0, "calculatedOtherIncome": -2100000, "calculatedIncomeNonControlling": 0, "calculatedEbitda": 29300000}, {"date": "1989-12-31", "symbol": "AJG", "reportedCurrency": "USD", "cik": "0000354190", "fillingDate": "1989-12-31", "acceptedDate": "1989-12-30 19:00:00", "calendarYear": "1989", "period": "FY", "revenue": 173200000, "costOfRevenue": 0, "grossProfit": 173200000, "grossProfitRatio": 1, "researchAndDevelopmentExpenses": 0, "generalAndAdministrativeExpenses": 0, "sellingAndMarketingExpenses": 0, "sellingGeneralAndAdministrativeExpenses": 0, "otherExpenses": 144600000, "operatingExpenses": 144600000, "costAndExpenses": 144600000, "interestIncome": 0, "interestExpense": 0, "depreciationAndAmortization": 0, "ebitda": 28600000, "ebitdaratio": 0.1651270208, "operatingIncome": 28600000, "operatingIncomeRatio": 0.1651270208, "totalOtherIncomeExpensesNet": -2000000, "incomeBeforeTax": 26600000, "incomeBeforeTaxRatio": 0.1535796767, "incomeTaxExpense": 9300000, "netIncome": 17300000, "netIncomeRatio": 0.0998845266, "eps": 0.34, "epsdiluted": 0.34, "weightedAverageShsOut": 50882353, "weightedAverageShsOutDil": 50882353, "link": "", "finalLink": "", "calculatedOtherExpenses": 144600000, "calculatedOperatingExpenses": 144600000, "calculatedNetInterest": 0, "calculatedOtherIncome": -2000000, "calculatedIncomeNonControlling": 0, "calculatedEbitda": 28600000}, {"date": "1988-12-31", "symbol": "AJG", "reportedCurrency": "USD", "cik": "0000354190", "fillingDate": "1988-12-31", "acceptedDate": "1988-12-30 19:00:00", "calendarYear": "1988", "period": "FY", "revenue": 156000000, "costOfRevenue": 73500000, "grossProfit": 82500000, "grossProfitRatio": 0.5288461538, "researchAndDevelopmentExpenses": 0, "generalAndAdministrativeExpenses": 0, "sellingAndMarketingExpenses": 0, "sellingGeneralAndAdministrativeExpenses": 53700000, "otherExpenses": 2700000, "operatingExpenses": 56400000, "costAndExpenses": 129900000, "interestIncome": 0, "interestExpense": 0, "depreciationAndAmortization": 2700000, "ebitda": 28800000, "ebitdaratio": 0.1846153846, "operatingIncome": 26100000, "operatingIncomeRatio": 0.1673076923, "totalOtherIncomeExpensesNet": -2100000, "incomeBeforeTax": 24000000, "incomeBeforeTaxRatio": 0.1538461538, "incomeTaxExpense": 7100000, "netIncome": 16900000, "netIncomeRatio": 0.1083333333, "eps": 0.3, "epsdiluted": 0.3, "weightedAverageShsOut": 56333333, "weightedAverageShsOutDil": 56333333, "link": "", "finalLink": "", "calculatedOtherExpenses": 2700000, "calculatedOperatingExpenses": 56400000, "calculatedNetInterest": 0, "calculatedOtherIncome": -2100000, "calculatedIncomeNonControlling": 0, "calculatedEbitda": 28800000}, {"date": "1987-12-31", "symbol": "AJG", "reportedCurrency": "USD", "cik": "0000354190", "fillingDate": "1987-12-31", "acceptedDate": "1987-12-30 19:00:00", "calendarYear": "1987", "period": "FY", "revenue": 122900000, "costOfRevenue": 42200000, "grossProfit": 80700000, "grossProfitRatio": 0.6566314076, "researchAndDevelopmentExpenses": 0, "generalAndAdministrativeExpenses": 0, "sellingAndMarketingExpenses": 0, "sellingGeneralAndAdministrativeExpenses": 61700000, "otherExpenses": 2100000, "operatingExpenses": 63800000, "costAndExpenses": 106000000, "interestIncome": 0, "interestExpense": 0, "depreciationAndAmortization": 2100000, "ebitda": 7200000, "ebitdaratio": 0.0585842148, "operatingIncome": 16900000, "operatingIncomeRatio": 0.1375101709, "totalOtherIncomeExpensesNet": 11800000, "incomeBeforeTax": 26600000, "incomeBeforeTaxRatio": 0.2164361269, "incomeTaxExpense": 10400000, "netIncome": 16200000, "netIncomeRatio": 0.1318144833, "eps": 0.37, "epsdiluted": 0.37, "weightedAverageShsOut": 43783784, "weightedAverageShsOutDil": 43783784, "link": "", "finalLink": "", "calculatedOtherExpenses": 2100000, "calculatedOperatingExpenses": 63800000, "calculatedNetInterest": 0, "calculatedOtherIncome": 9700000, "calculatedIncomeNonControlling": 0, "calculatedEbitda": 19000000}, {"date": "1986-12-31", "symbol": "AJG", "reportedCurrency": "USD", "cik": "0000354190", "fillingDate": "1986-12-31", "acceptedDate": "1986-12-30 19:00:00", "calendarYear": "1986", "period": "FY", "revenue": 107800000, "costOfRevenue": 35300000, "grossProfit": 72500000, "grossProfitRatio": 0.672541744, "researchAndDevelopmentExpenses": 0, "generalAndAdministrativeExpenses": 0, "sellingAndMarketingExpenses": 0, "sellingGeneralAndAdministrativeExpenses": 53800000, "otherExpenses": 2000000, "operatingExpenses": 55800000, "costAndExpenses": 91100000, "interestIncome": 0, "interestExpense": 0, "depreciationAndAmortization": 2000000, "ebitda": 7700000, "ebitdaratio": 0.0714285714, "operatingIncome": 16700000, "operatingIncomeRatio": 0.1549165121, "totalOtherIncomeExpensesNet": 11000000, "incomeBeforeTax": 25700000, "incomeBeforeTaxRatio": 0.2384044527, "incomeTaxExpense": 10300000, "netIncome": 15400000, "netIncomeRatio": 0.1428571429, "eps": 0.35, "epsdiluted": 0.35, "weightedAverageShsOut": 44000000, "weightedAverageShsOutDil": 44000000, "link": "", "finalLink": "", "calculatedOtherExpenses": 2000000, "calculatedOperatingExpenses": 55800000, "calculatedNetInterest": 0, "calculatedOtherIncome": 9000000, "calculatedIncomeNonControlling": 0, "calculatedEbitda": 18700000}, {"date": "1985-12-31", "symbol": "AJG", "reportedCurrency": "USD", "cik": "0000354190", "fillingDate": "1985-12-31", "acceptedDate": "1985-12-30 19:00:00", "calendarYear": "1985", "period": "FY", "revenue": 81600000, "costOfRevenue": 23400000, "grossProfit": 58200000, "grossProfitRatio": 0.7132352941, "researchAndDevelopmentExpenses": 0, "generalAndAdministrativeExpenses": 0, "sellingAndMarketingExpenses": 0, "sellingGeneralAndAdministrativeExpenses": 39100000, "otherExpenses": 1500000, "operatingExpenses": 40600000, "costAndExpenses": 64000000, "interestIncome": 0, "interestExpense": 0, "depreciationAndAmortization": 1500000, "ebitda": 19100000, "ebitdaratio": 0.2340686275, "operatingIncome": 17600000, "operatingIncomeRatio": 0.2156862745, "totalOtherIncomeExpensesNet": -2100000, "incomeBeforeTax": 15500000, "incomeBeforeTaxRatio": 0.1899509804, "incomeTaxExpense": 5600000, "netIncome": 9900000, "netIncomeRatio": 0.1213235294, "eps": 0.28, "epsdiluted": 0.28, "weightedAverageShsOut": 35357143, "weightedAverageShsOutDil": 35357143, "link": "", "finalLink": "", "calculatedOtherExpenses": 1500000, "calculatedOperatingExpenses": 40600000, "calculatedNetInterest": 0, "calculatedOtherIncome": -2100000, "calculatedIncomeNonControlling": 0, "calculatedEbitda": 19100000}]}