{"originalCurrency": "USD", "convertedCurrency": "USD", "report": [{"date": "2023-12-31", "symbol": "AKAM", "reportedCurrency": "USD", "cik": "0001086222", "fillingDate": "2023-12-31", "acceptedDate": "2023-12-29 19:00:00", "calendarYear": "2023", "period": "FY", "revenue": 3811920000, "costOfRevenue": 1643631000, "grossProfit": 2168289000, "grossProfitRatio": 0.5688180759, "researchAndDevelopmentExpenses": 406048000, "generalAndAdministrativeExpenses": 968093000, "sellingAndMarketingExpenses": 89081000, "sellingGeneralAndAdministrativeExpenses": 1060210000, "otherExpenses": -12296000, "operatingExpenses": 1466258000, "costAndExpenses": 3109889000, "interestIncome": 45194000, "interestExpense": 17709000, "depreciationAndAmortization": 570776000, "ebitda": 1272807000, "ebitdaratio": 0.3339018133, "operatingIncome": 702031000, "operatingIncomeRatio": 0.1841672963, "totalOtherIncomeExpensesNet": -49504000, "incomeBeforeTax": 652527000, "incomeBeforeTaxRatio": 0.1711806649, "incomeTaxExpense": 106373000, "netIncome": 547629000, "netIncomeRatio": 0.1436622489, "eps": 3.59, "epsdiluted": 3.52, "weightedAverageShsOut": 152510000, "weightedAverageShsOutDil": 155397000, "link": null, "finalLink": null, "calculatedOtherExpenses": 0, "calculatedOperatingExpenses": 1466258000, "calculatedNetInterest": 27485000, "calculatedOtherIncome": -76989000, "calculatedIncomeNonControlling": -1475000, "calculatedEbitda": 1272807000}, {"date": "2022-12-31", "symbol": "AKAM", "reportedCurrency": "USD", "cik": "0001086222", "fillingDate": "2023-02-28", "acceptedDate": "2023-02-28 16:10:11", "calendarYear": "2022", "period": "FY", "revenue": 3616654000, "costOfRevenue": 1383819000, "grossProfit": 2232835000, "grossProfitRatio": 0.617375895, "researchAndDevelopmentExpenses": 391434000, "generalAndAdministrativeExpenses": 483868000, "sellingAndMarketingExpenses": 502409000, "sellingGeneralAndAdministrativeExpenses": 986277000, "otherExpenses": 146250000, "operatingExpenses": 1523961000, "costAndExpenses": 2907780000, "interestIncome": 3258000, "interestExpense": 11096000, "depreciationAndAmortization": 618179000, "ebitda": 1294453000, "ebitdaratio": 0.3579145254, "operatingIncome": 676274000, "operatingIncomeRatio": 0.1869888577, "totalOtherIncomeExpensesNet": -18271000, "incomeBeforeTax": 658003000, "incomeBeforeTaxRatio": 0.1819369506, "incomeTaxExpense": 126696000, "netIncome": 523672000, "netIncomeRatio": 0.1447946085, "eps": 3.29, "epsdiluted": 3.26, "weightedAverageShsOut": 159089000, "weightedAverageShsOutDil": 160467000, "link": "https://www.sec.gov/Archives/edgar/data/1086222/000108622223000078/0001086222-23-000078-index.htm", "finalLink": "https://www.sec.gov/Archives/edgar/data/1086222/000108622223000078/akam-20221231.htm", "calculatedOtherExpenses": 178850000, "calculatedOperatingExpenses": 1556561000, "calculatedNetInterest": -7838000, "calculatedOtherIncome": -10433000, "calculatedIncomeNonControlling": 7635000, "calculatedEbitda": 1294453000}, {"date": "2021-12-31", "symbol": "AKAM", "reportedCurrency": "USD", "cik": "0001086222", "fillingDate": "2022-02-28", "acceptedDate": "2022-02-28 16:10:31", "calendarYear": "2021", "period": "FY", "revenue": 3461223000, "costOfRevenue": 1268956000, "grossProfit": 2192267000, "grossProfitRatio": 0.6333792997, "researchAndDevelopmentExpenses": 335372000, "generalAndAdministrativeExpenses": 457010000, "sellingAndMarketingExpenses": 461967000, "sellingGeneralAndAdministrativeExpenses": 918977000, "otherExpenses": 130716000, "operatingExpenses": 1385065000, "costAndExpenses": 2654021000, "interestIncome": 15620000, "interestExpense": 72332000, "depreciationAndAmortization": 592091000, "ebitda": 1375239000, "ebitdaratio": 0.3973274764, "operatingIncome": 783148000, "operatingIncomeRatio": 0.2262633757, "totalOtherIncomeExpensesNet": -54927000, "incomeBeforeTax": 728221000, "incomeBeforeTaxRatio": 0.2103941295, "incomeTaxExpense": 62571000, "netIncome": 651642000, "netIncomeRatio": 0.1882692909, "eps": 4.01, "epsdiluted": 3.93, "weightedAverageShsOut": 162665000, "weightedAverageShsOutDil": 165804000, "link": "https://www.sec.gov/Archives/edgar/data/1086222/000108622222000058/0001086222-22-000058-index.htm", "finalLink": "https://www.sec.gov/Archives/edgar/data/1086222/000108622222000058/akam-20211231.htm", "calculatedOtherExpenses": 154770000, "calculatedOperatingExpenses": 1409119000, "calculatedNetInterest": -56712000, "calculatedOtherIncome": 1785000, "calculatedIncomeNonControlling": 14008000, "calculatedEbitda": 1375239000}, {"date": "2020-12-31", "symbol": "AKAM", "reportedCurrency": "USD", "cik": "0001086222", "fillingDate": "2021-02-26", "acceptedDate": "2021-02-26 16:17:08", "calendarYear": "2020", "period": "FY", "revenue": 3198149000, "costOfRevenue": 1132672000, "grossProfit": 2065477000, "grossProfitRatio": 0.6458351378, "researchAndDevelopmentExpenses": 269315000, "generalAndAdministrativeExpenses": 456291000, "sellingAndMarketingExpenses": 510405000, "sellingGeneralAndAdministrativeExpenses": 966696000, "otherExpenses": 127792000, "operatingExpenses": 1363803000, "costAndExpenses": 2496475000, "interestIncome": 29122000, "interestExpense": 69120000, "depreciationAndAmortization": 548197000, "ebitda": 1206731000, "ebitdaratio": 0.3773216945, "operatingIncome": 658534000, "operatingIncomeRatio": 0.2059109816, "totalOtherIncomeExpensesNet": -42452000, "incomeBeforeTax": 616082000, "incomeBeforeTaxRatio": 0.1926370535, "incomeTaxExpense": 45922000, "netIncome": 557054000, "netIncomeRatio": 0.1741801273, "eps": 3.43, "epsdiluted": 3.37, "weightedAverageShsOut": 162490000, "weightedAverageShsOutDil": 165213000, "link": "https://www.sec.gov/Archives/edgar/data/1086222/000108622221000075/0001086222-21-000075-index.htm", "finalLink": "https://www.sec.gov/Archives/edgar/data/1086222/000108622221000075/akam-20201231.htm", "calculatedOtherExpenses": 170932000, "calculatedOperatingExpenses": 1406943000, "calculatedNetInterest": -39998000, "calculatedOtherIncome": -2454000, "calculatedIncomeNonControlling": 13106000, "calculatedEbitda": 1206731000}, {"date": "2019-12-31", "symbol": "AKAM", "reportedCurrency": "USD", "cik": "0001086222", "fillingDate": "2020-02-28", "acceptedDate": "2020-02-28 16:14:59", "calendarYear": "2019", "period": "FY", "revenue": 2893617000, "costOfRevenue": 987624000, "grossProfit": 1905993000, "grossProfitRatio": 0.6586887622, "researchAndDevelopmentExpenses": 261365000, "generalAndAdministrativeExpenses": 423662000, "sellingAndMarketingExpenses": 523883000, "sellingGeneralAndAdministrativeExpenses": 947545000, "otherExpenses": 119092000, "operatingExpenses": 1328002000, "costAndExpenses": 2315626000, "interestIncome": 34355000, "interestExpense": 49364000, "depreciationAndAmortization": 502674000, "ebitda": 1051592000, "ebitdaratio": 0.3634178262, "operatingIncome": 548918000, "operatingIncomeRatio": 0.1896996043, "totalOtherIncomeExpensesNet": -16437000, "incomeBeforeTax": 532481000, "incomeBeforeTaxRatio": 0.1840191705, "incomeTaxExpense": 53350000, "netIncome": 478035000, "netIncomeRatio": 0.1652032733, "eps": 2.94, "epsdiluted": 2.9, "weightedAverageShsOut": 162706000, "weightedAverageShsOutDil": 164573000, "link": "https://www.sec.gov/Archives/edgar/data/1086222/000108622220000045/0001086222-20-000045-index.htm", "finalLink": "https://www.sec.gov/Archives/edgar/data/1086222/000108622220000045/akam10k123119.htm", "calculatedOtherExpenses": 148165000, "calculatedOperatingExpenses": 1357075000, "calculatedNetInterest": -15009000, "calculatedOtherIncome": -1428000, "calculatedIncomeNonControlling": 1096000, "calculatedEbitda": 1051592000}, {"date": "2018-12-31", "symbol": "AKAM", "reportedCurrency": "USD", "cik": "0001086222", "fillingDate": "2019-02-28", "acceptedDate": "2019-02-28 16:50:47", "calendarYear": "2018", "period": "FY", "revenue": 2714474000, "costOfRevenue": 953485000, "grossProfit": 1760989000, "grossProfitRatio": 0.648740419, "researchAndDevelopmentExpenses": 246165000, "generalAndAdministrativeExpenses": 465422000, "sellingAndMarketingExpenses": 517353000, "sellingGeneralAndAdministrativeExpenses": 982775000, "otherExpenses": -3148000, "operatingExpenses": 1344937000, "costAndExpenses": 2298422000, "interestIncome": 26940000, "interestExpense": 43202000, "depreciationAndAmortization": 434520000, "ebitda": 874364000, "ebitdaratio": 0.3221117609, "operatingIncome": 362499000, "operatingIncomeRatio": 0.1335429995, "totalOtherIncomeExpensesNet": -56701000, "incomeBeforeTax": 343089000, "incomeBeforeTaxRatio": 0.1263924429, "incomeTaxExpense": 44716000, "netIncome": 298373000, "netIncomeRatio": 0.1099192698, "eps": 1.78, "epsdiluted": 1.76, "weightedAverageShsOut": 167312000, "weightedAverageShsOutDil": 169188000, "link": "https://www.sec.gov/Archives/edgar/data/1086222/000108622219000066/0001086222-19-000066-index.htm", "finalLink": "https://www.sec.gov/Archives/edgar/data/1086222/000108622219000066/akam10k123118.htm", "calculatedOtherExpenses": 169550000, "calculatedOperatingExpenses": 1398490000, "calculatedNetInterest": -16262000, "calculatedOtherIncome": -3148000, "calculatedIncomeNonControlling": 0, "calculatedEbitda": 797019000}, {"date": "2017-12-31", "symbol": "AKAM", "reportedCurrency": "USD", "cik": "0001086222", "fillingDate": "2018-03-01", "acceptedDate": "2018-03-01 09:07:51", "calendarYear": "2017", "period": "FY", "revenue": 2502996000, "costOfRevenue": 875758000, "grossProfit": 1627238000, "grossProfitRatio": 0.6501161009, "researchAndDevelopmentExpenses": 222434000, "generalAndAdministrativeExpenses": 406455000, "sellingAndMarketingExpenses": 493632000, "sellingGeneralAndAdministrativeExpenses": 900087000, "otherExpenses": 887000, "operatingExpenses": 1232762000, "costAndExpenses": 2108520000, "interestIncome": 17855000, "interestExpense": 18839000, "depreciationAndAmortization": 372313000, "ebitda": 785531000, "ebitdaratio": 0.3138362986, "operatingIncome": 316219000, "operatingIncomeRatio": 0.1263361987, "totalOtherIncomeExpensesNet": -77370000, "incomeBeforeTax": 316122000, "incomeBeforeTaxRatio": 0.1262974451, "incomeTaxExpense": 97801000, "netIncome": 218321000, "netIncomeRatio": 0.0872238709, "eps": 1.3, "epsdiluted": 1.29, "weightedAverageShsOut": 171558999, "weightedAverageShsOutDil": 172710999, "link": "https://www.sec.gov/Archives/edgar/data/1086222/000108622218000052/0001086222-18-000052-index.htm", "finalLink": "https://www.sec.gov/Archives/edgar/data/1086222/000108622218000052/akam10k123117.htm", "calculatedOtherExpenses": 188498000, "calculatedOperatingExpenses": 1311019000, "calculatedNetInterest": -984000, "calculatedOtherIncome": 887000, "calculatedIncomeNonControlling": 0, "calculatedEbitda": 688532000}, {"date": "2016-12-31", "symbol": "AKAM", "reportedCurrency": "USD", "cik": "0001086222", "fillingDate": "2017-02-28", "acceptedDate": "2017-02-28 16:08:12", "calendarYear": "2016", "period": "FY", "revenue": 2340049000, "costOfRevenue": 809001000, "grossProfit": 1531048000, "grossProfitRatio": 0.6542803164, "researchAndDevelopmentExpenses": 167628000, "generalAndAdministrativeExpenses": 439916000, "sellingAndMarketingExpenses": 426967000, "sellingGeneralAndAdministrativeExpenses": 866883000, "otherExpenses": 3788000, "operatingExpenses": 1061153000, "costAndExpenses": 1870154000, "interestIncome": 14702000, "interestExpense": 18638000, "depreciationAndAmortization": 334302000, "ebitda": 822687000, "ebitdaratio": 0.3515682791, "operatingIncome": 459594000, "operatingIncomeRatio": 0.1964035796, "totalOtherIncomeExpensesNet": -6513000, "incomeBeforeTax": 459446000, "incomeBeforeTaxRatio": 0.196340333, "incomeTaxExpense": 143314000, "netIncome": 316132000, "netIncomeRatio": 0.1350963164, "eps": 1.83, "epsdiluted": 1.82, "weightedAverageShsOut": 174916999, "weightedAverageShsOutDil": 176214999, "link": "https://www.sec.gov/Archives/edgar/data/1086222/000108622217000080/0001086222-17-000080-index.htm", "finalLink": "https://www.sec.gov/Archives/edgar/data/1086222/000108622217000080/akam10k123116.htm", "calculatedOtherExpenses": 36943000, "calculatedOperatingExpenses": 1071454000, "calculatedNetInterest": -3936000, "calculatedOtherIncome": 3788000, "calculatedIncomeNonControlling": 0, "calculatedEbitda": 793896000}, {"date": "2015-12-31", "symbol": "AKAM", "reportedCurrency": "USD", "cik": "0001086222", "fillingDate": "2016-02-29", "acceptedDate": "2016-02-29 14:26:42", "calendarYear": "2015", "period": "FY", "revenue": 2197448000, "costOfRevenue": 725620000, "grossProfit": 1471828000, "grossProfitRatio": 0.6697896833, "researchAndDevelopmentExpenses": 148591000, "generalAndAdministrativeExpenses": 388265000, "sellingAndMarketingExpenses": 440988000, "sellingGeneralAndAdministrativeExpenses": 829253000, "otherExpenses": -2201000, "operatingExpenses": 1004911000, "costAndExpenses": 1730531000, "interestIncome": 11200000, "interestExpense": 18525000, "depreciationAndAmortization": 299563000, "ebitda": 775479000, "ebitdaratio": 0.3528998183, "operatingIncome": 466150000, "operatingIncomeRatio": 0.2121324373, "totalOtherIncomeExpensesNet": -2968000, "incomeBeforeTax": 456624000, "incomeBeforeTaxRatio": 0.2077974086, "incomeTaxExpense": 135218000, "netIncome": 321406000, "netIncomeRatio": 0.1462633018, "eps": 1.8, "epsdiluted": 1.78, "weightedAverageShsOut": 178390999, "weightedAverageShsOutDil": 180414999, "link": "https://www.sec.gov/Archives/edgar/data/1086222/000108622216000245/0001086222-16-000245-index.htm", "finalLink": "https://www.sec.gov/Archives/edgar/data/1086222/000108622216000245/akam10k123115.htm", "calculatedOtherExpenses": 27834000, "calculatedOperatingExpenses": 1005678000, "calculatedNetInterest": -7325000, "calculatedOtherIncome": -2201000, "calculatedIncomeNonControlling": 0, "calculatedEbitda": 765713000}, {"date": "2014-12-31", "symbol": "AKAM", "reportedCurrency": "USD", "cik": "0001086222", "fillingDate": "2015-03-02", "acceptedDate": "2015-03-02 17:08:18", "calendarYear": "2014", "period": "FY", "revenue": 1963874000, "costOfRevenue": 610943000, "grossProfit": 1352931000, "grossProfitRatio": 0.6889092681, "researchAndDevelopmentExpenses": 125286000, "generalAndAdministrativeExpenses": 325845000, "sellingAndMarketingExpenses": 379035000, "sellingGeneralAndAdministrativeExpenses": 704880000, "otherExpenses": -1960000, "operatingExpenses": 862223000, "costAndExpenses": 1473166000, "interestIncome": 7680000, "interestExpense": 15463000, "depreciationAndAmortization": 247406000, "ebitda": 743834000, "ebitdaratio": 0.3787585151, "operatingIncome": 489519000, "operatingIncomeRatio": 0.249261918, "totalOtherIncomeExpensesNet": -3149000, "incomeBeforeTax": 479776000, "incomeBeforeTaxRatio": 0.2443008054, "incomeTaxExpense": 145828000, "netIncome": 333948000, "netIncomeRatio": 0.1700455325, "eps": 1.87, "epsdiluted": 1.84, "weightedAverageShsOut": 178278999, "weightedAverageShsOutDil": 181185999, "link": "https://www.sec.gov/Archives/edgar/data/1086222/000108622215000066/0001086222-15-000066-index.htm", "finalLink": "https://www.sec.gov/Archives/edgar/data/1086222/000108622215000066/akam10k123114.htm", "calculatedOtherExpenses": 33246000, "calculatedOperatingExpenses": 863412000, "calculatedNetInterest": -7783000, "calculatedOtherIncome": -1960000, "calculatedIncomeNonControlling": 0, "calculatedEbitda": 736925000}, {"date": "2013-12-31", "symbol": "AKAM", "reportedCurrency": "USD", "cik": "0001086222", "fillingDate": "2014-03-03", "acceptedDate": "2014-03-03 16:16:52", "calendarYear": "2013", "period": "FY", "revenue": 1577922000, "costOfRevenue": 511087000, "grossProfit": 1066835000, "grossProfitRatio": 0.6761012268, "researchAndDevelopmentExpenses": 93879000, "generalAndAdministrativeExpenses": 255218000, "sellingAndMarketingExpenses": 280380000, "sellingGeneralAndAdministrativeExpenses": 535598000, "otherExpenses": -491000, "operatingExpenses": 651024000, "costAndExpenses": 1162111000, "interestIncome": 6077000, "interestExpense": 0, "depreciationAndAmortization": 184431000, "ebitda": 602085000, "ebitdaratio": 0.3815682904, "operatingIncome": 413968000, "operatingIncomeRatio": 0.2623501035, "totalOtherIncomeExpensesNet": -2334000, "incomeBeforeTax": 419554000, "incomeBeforeTaxRatio": 0.2658902024, "incomeTaxExpense": 126067000, "netIncome": 293487000, "netIncomeRatio": 0.1859958857, "eps": 1.65, "epsdiluted": 1.61, "weightedAverageShsOut": 178195999, "weightedAverageShsOutDil": 181782999, "link": "https://www.sec.gov/Archives/edgar/data/1086222/000154256714000009/0001542567-14-000009-index.htm", "finalLink": "https://www.sec.gov/Archives/edgar/data/1086222/000154256714000009/akam10k123113.htm", "calculatedOtherExpenses": 23390000, "calculatedOperatingExpenses": 652867000, "calculatedNetInterest": 6077000, "calculatedOtherIncome": -491000, "calculatedIncomeNonControlling": 0, "calculatedEbitda": 598399000}, {"date": "2012-12-31", "symbol": "AKAM", "reportedCurrency": "USD", "cik": "0001086222", "fillingDate": "2013-03-01", "acceptedDate": "2013-03-01 16:20:00", "calendarYear": "2012", "period": "FY", "revenue": 1373947000, "costOfRevenue": 431911000, "grossProfit": 942036000, "grossProfitRatio": 0.6856421681, "researchAndDevelopmentExpenses": 74744000, "generalAndAdministrativeExpenses": 227033000, "sellingAndMarketingExpenses": 304404000, "sellingGeneralAndAdministrativeExpenses": 531437000, "otherExpenses": 649000, "operatingExpenses": 627143000, "costAndExpenses": 1059054000, "interestIncome": 6455000, "interestExpense": 0, "depreciationAndAmortization": 204163000, "ebitda": 519462000, "ebitdaratio": 0.3780800861, "operatingIncome": 314487000, "operatingIncomeRatio": 0.2288931087, "totalOtherIncomeExpensesNet": 243000, "incomeBeforeTax": 321591000, "incomeBeforeTaxRatio": 0.2340636138, "incomeTaxExpense": 117602000, "netIncome": 203989000, "netIncomeRatio": 0.1484693369, "eps": 1.15, "epsdiluted": 1.12, "weightedAverageShsOut": 177899999, "weightedAverageShsOutDil": 181748999, "link": "https://www.sec.gov/Archives/edgar/data/1086222/000126643213000021/0001266432-13-000021-index.htm", "finalLink": "https://www.sec.gov/Archives/edgar/data/1086222/000126643213000021/akam10k123112.htm", "calculatedOtherExpenses": 21368000, "calculatedOperatingExpenses": 627549000, "calculatedNetInterest": 6455000, "calculatedOtherIncome": 649000, "calculatedIncomeNonControlling": 0, "calculatedEbitda": 518650000}, {"date": "2011-12-31", "symbol": "AKAM", "reportedCurrency": "USD", "cik": "0001086222", "fillingDate": "2012-02-29", "acceptedDate": "2012-02-29 11:20:49", "calendarYear": "2011", "period": "FY", "revenue": 1158538000, "costOfRevenue": 374543000, "grossProfit": 783995000, "grossProfitRatio": 0.6767106474, "researchAndDevelopmentExpenses": 52333000, "generalAndAdministrativeExpenses": 191726000, "sellingAndMarketingExpenses": 227331000, "sellingGeneralAndAdministrativeExpenses": 419057000, "otherExpenses": 17070000, "operatingExpenses": 488460000, "costAndExpenses": 863003000, "interestIncome": 10921000, "interestExpense": 0, "depreciationAndAmortization": 167878000, "ebitda": 462674000, "ebitdaratio": 0.3993602281, "operatingIncome": 290649000, "operatingIncomeRatio": 0.2508756726, "totalOtherIncomeExpensesNet": 739000, "incomeBeforeTax": 307195000, "incomeBeforeTaxRatio": 0.2651574657, "incomeTaxExpense": 106291000, "netIncome": 200904000, "netIncomeRatio": 0.1734116619, "eps": 1.09, "epsdiluted": 1.07, "weightedAverageShsOut": 183865999, "weightedAverageShsOutDil": 187555999, "link": "https://www.sec.gov/Archives/edgar/data/1086222/000126643212000010/0001266432-12-000010-index.htm", "finalLink": "https://www.sec.gov/Archives/edgar/data/1086222/000126643212000010/akam10k123111.htm", "calculatedOtherExpenses": 21956000, "calculatedOperatingExpenses": 493346000, "calculatedNetInterest": 10921000, "calculatedOtherIncome": 5625000, "calculatedIncomeNonControlling": 0, "calculatedEbitda": 458527000}, {"date": "2010-12-31", "symbol": "AKAM", "reportedCurrency": "USD", "cik": "0001086222", "fillingDate": "2011-03-01", "acceptedDate": "2011-03-01 12:47:11", "calendarYear": "2010", "period": "FY", "revenue": 1023586000, "costOfRevenue": 303403000, "grossProfit": 720183000, "grossProfitRatio": 0.7035881694, "researchAndDevelopmentExpenses": 54766000, "generalAndAdministrativeExpenses": 167779000, "sellingAndMarketingExpenses": 226704000, "sellingGeneralAndAdministrativeExpenses": 394483000, "otherExpenses": 16657000, "operatingExpenses": 465906000, "costAndExpenses": 769309000, "interestIncome": 10862000, "interestExpense": 1697000, "depreciationAndAmortization": 143749000, "ebitda": 400793000, "ebitdaratio": 0.3915577196, "operatingIncome": 254277000, "operatingIncomeRatio": 0.2484178174, "totalOtherIncomeExpensesNet": -2767000, "incomeBeforeTax": 262372000, "incomeBeforeTaxRatio": 0.2563262882, "incomeTaxExpense": 91152000, "netIncome": 171220000, "netIncomeRatio": 0.1672746599, "eps": 0.97, "epsdiluted": 0.9, "weightedAverageShsOut": 177308999, "weightedAverageShsOutDil": 190649999, "link": "https://www.sec.gov/Archives/edgar/data/1086222/000119312511051569/0001193125-11-051569-index.htm", "finalLink": "https://www.sec.gov/Archives/edgar/data/1086222/000119312511051569/d10k.htm", "calculatedOtherExpenses": 16657000, "calculatedOperatingExpenses": 465906000, "calculatedNetInterest": 9165000, "calculatedOtherIncome": -1070000, "calculatedIncomeNonControlling": 0, "calculatedEbitda": 398026000}, {"date": "2009-12-31", "symbol": "AKAM", "reportedCurrency": "USD", "cik": "0001086222", "fillingDate": "2010-03-01", "acceptedDate": "2010-03-01 15:17:40", "calendarYear": "2009", "period": "FY", "revenue": 859773000, "costOfRevenue": 249938000, "grossProfit": 609835000, "grossProfitRatio": 0.7092976867, "researchAndDevelopmentExpenses": 43658000, "generalAndAdministrativeExpenses": 146100000, "sellingAndMarketingExpenses": 179421000, "sellingGeneralAndAdministrativeExpenses": 325521000, "otherExpenses": 16722000, "operatingExpenses": 385901000, "costAndExpenses": 635839000, "interestIncome": 15643000, "interestExpense": 2839000, "depreciationAndAmortization": 123334000, "ebitda": 348342000, "ebitdaratio": 0.4051557795, "operatingIncome": 223480000, "operatingIncomeRatio": 0.2599290743, "totalOtherIncomeExpensesNet": -1074000, "incomeBeforeTax": 237232000, "incomeBeforeTaxRatio": 0.2759239939, "incomeTaxExpense": 91319000, "netIncome": 145913000, "netIncomeRatio": 0.1697110749, "eps": 0.85, "epsdiluted": 0.78, "weightedAverageShsOut": 171424999, "weightedAverageShsOutDil": 188657999, "link": "https://www.sec.gov/Archives/edgar/data/1086222/000119312510044561/0001193125-10-044561-index.htm", "finalLink": "https://www.sec.gov/Archives/edgar/data/1086222/000119312510044561/d10k.htm", "calculatedOtherExpenses": 17176000, "calculatedOperatingExpenses": 386355000, "calculatedNetInterest": 12804000, "calculatedOtherIncome": 948000, "calculatedIncomeNonControlling": 0, "calculatedEbitda": 346814000}, {"date": "2008-12-31", "symbol": "AKAM", "reportedCurrency": "USD", "cik": "0001086222", "fillingDate": "2009-03-02", "acceptedDate": "2009-03-02 15:23:19", "calendarYear": "2008", "period": "FY", "revenue": 790924000, "costOfRevenue": 222610000, "grossProfit": 568314000, "grossProfitRatio": 0.7185443861, "researchAndDevelopmentExpenses": 39243000, "generalAndAdministrativeExpenses": 300393000, "sellingAndMarketingExpenses": 147556000, "sellingGeneralAndAdministrativeExpenses": 300393000, "otherExpenses": 13905000, "operatingExpenses": 353541000, "costAndExpenses": 576151000, "interestIncome": 25815000, "interestExpense": -3086000, "depreciationAndAmortization": 98080000, "ebitda": 315058000, "ebitdaratio": 0.3983416864, "operatingIncome": 212264000, "operatingIncomeRatio": 0.2683747111, "totalOtherIncomeExpensesNet": -2205000, "incomeBeforeTax": 234535000, "incomeBeforeTaxRatio": 0.2965329159, "incomeTaxExpense": 89397000, "netIncome": 145138000, "netIncomeRatio": 0.1835043569, "eps": 0.87, "epsdiluted": 0.79, "weightedAverageShsOut": 167672999, "weightedAverageShsOutDil": 186684999, "link": "https://www.sec.gov/Archives/edgar/data/1086222/000119312509042423/0001193125-09-042423-index.htm", "finalLink": "https://www.sec.gov/Archives/edgar/data/1086222/000119312509042423/d10k.htm", "calculatedOtherExpenses": 16414000, "calculatedOperatingExpenses": 356050000, "calculatedNetInterest": 28901000, "calculatedOtherIncome": -6630000, "calculatedIncomeNonControlling": 0, "calculatedEbitda": 310344000}, {"date": "2007-12-31", "symbol": "AKAM", "reportedCurrency": "USD", "cik": "0001086222", "fillingDate": "2008-02-29", "acceptedDate": "2008-02-29 16:14:04", "calendarYear": "2007", "period": "FY", "revenue": 636406000, "costOfRevenue": 167444000, "grossProfit": 468962000, "grossProfitRatio": 0.7368912298, "researchAndDevelopmentExpenses": 44141000, "generalAndAdministrativeExpenses": 268657000, "sellingAndMarketingExpenses": 147556000, "sellingGeneralAndAdministrativeExpenses": 268657000, "otherExpenses": 11414000, "operatingExpenses": 324212000, "costAndExpenses": 491656000, "interestIncome": 25815000, "interestExpense": -3086000, "depreciationAndAmortization": 72735000, "ebitda": 216759000, "ebitdaratio": 0.3405986116, "operatingIncome": 144928000, "operatingIncomeRatio": 0.2277288398, "totalOtherIncomeExpensesNet": 726000, "incomeBeforeTax": 168205000, "incomeBeforeTaxRatio": 0.2643045477, "incomeTaxExpense": 67238000, "netIncome": 100967000, "netIncomeRatio": 0.1586518669, "eps": 0.62, "epsdiluted": 0.56, "weightedAverageShsOut": 162958999, "weightedAverageShsOutDil": 185093999, "link": "https://www.sec.gov/Archives/edgar/data/1086222/000119312508043671/0001193125-08-043671-index.htm", "finalLink": "https://www.sec.gov/Archives/edgar/data/1086222/000119312508043671/d10k.htm", "calculatedOtherExpenses": 11236000, "calculatedOperatingExpenses": 324034000, "calculatedNetInterest": 28901000, "calculatedOtherIncome": -5624000, "calculatedIncomeNonControlling": 0, "calculatedEbitda": 217663000}, {"date": "2006-12-31", "symbol": "AKAM", "reportedCurrency": "USD", "cik": "0001086222", "fillingDate": "2007-03-01", "acceptedDate": "2007-03-01 16:01:53", "calendarYear": "2006", "period": "FY", "revenue": 428672000, "costOfRevenue": 94100000, "grossProfit": 334572000, "grossProfitRatio": 0.7804848462, "researchAndDevelopmentExpenses": 33102000, "generalAndAdministrativeExpenses": 209880000, "sellingAndMarketingExpenses": 119689000, "sellingGeneralAndAdministrativeExpenses": 209880000, "otherExpenses": 8484000, "operatingExpenses": 251466000, "costAndExpenses": 345566000, "interestIncome": 17703000, "interestExpense": -3171000, "depreciationAndAmortization": 41426000, "ebitda": 123701000, "ebitdaratio": 0.2885679494, "operatingIncome": 83106000, "operatingIncomeRatio": 0.1938685055, "totalOtherIncomeExpensesNet": 831000, "incomeBeforeTax": 98469000, "incomeBeforeTaxRatio": 0.2297070954, "incomeTaxExpense": 41068000, "netIncome": 57401000, "netIncomeRatio": 0.1339042438, "eps": 0.37, "epsdiluted": 0.34, "weightedAverageShsOut": 155365999, "weightedAverageShsOutDil": 176766999, "link": "https://www.sec.gov/Archives/edgar/data/1086222/000095013507001307/0000950135-07-001307-index.htm", "finalLink": "https://www.sec.gov/Archives/edgar/data/1086222/000095013507001307/b63630ate10vk.htm", "calculatedOtherExpenses": 8484000, "calculatedOperatingExpenses": 251466000, "calculatedNetInterest": 20874000, "calculatedOtherIncome": -5511000, "calculatedIncomeNonControlling": 0, "calculatedEbitda": 124532000}, {"date": "2005-12-31", "symbol": "AKAM", "reportedCurrency": "USD", "cik": "0001086222", "fillingDate": "2006-03-16", "acceptedDate": "2006-03-16 14:34:07", "calendarYear": "2005", "period": "FY", "revenue": 283115000, "costOfRevenue": 55655000, "grossProfit": 227460000, "grossProfitRatio": 0.8034191053, "researchAndDevelopmentExpenses": 18071000, "generalAndAdministrativeExpenses": 130890000, "sellingAndMarketingExpenses": 77876000, "sellingGeneralAndAdministrativeExpenses": 130890000, "otherExpenses": 5124000, "operatingExpenses": 154085000, "costAndExpenses": 209740000, "interestIncome": 4263000, "interestExpense": -5330000, "depreciationAndAmortization": 25170000, "ebitda": 100449000, "ebitdaratio": 0.3547992865, "operatingIncome": 73375000, "operatingIncomeRatio": 0.2591703018, "totalOtherIncomeExpensesNet": -1904000, "incomeBeforeTax": 70404000, "incomeBeforeTaxRatio": 0.2486763329, "incomeTaxExpense": -257594000, "netIncome": 327998000, "netIncomeRatio": 1.1585327517, "eps": 2.41, "epsdiluted": 2.11, "weightedAverageShsOut": 136166999, "weightedAverageShsOutDil": 156943999, "link": "https://www.sec.gov/Archives/edgar/data/1086222/000095013506001650/0000950135-06-001650-index.htm", "finalLink": "https://www.sec.gov/Archives/edgar/data/1086222/000095013506001650/b58056ate10vk.htm", "calculatedOtherExpenses": 5124000, "calculatedOperatingExpenses": 154085000, "calculatedNetInterest": 9593000, "calculatedOtherIncome": -12564000, "calculatedIncomeNonControlling": 0, "calculatedEbitda": 98545000}, {"date": "2004-12-31", "symbol": "AKAM", "reportedCurrency": "USD", "cik": "0001086222", "fillingDate": "2005-03-16", "acceptedDate": "2005-03-16 14:24:47", "calendarYear": "2004", "period": "FY", "revenue": 210015000, "costOfRevenue": 46150000, "grossProfit": 163865000, "grossProfitRatio": 0.7802537914, "researchAndDevelopmentExpenses": 12132000, "generalAndAdministrativeExpenses": 102718000, "sellingAndMarketingExpenses": 55663000, "sellingGeneralAndAdministrativeExpenses": 102718000, "otherExpenses": 48000, "operatingExpenses": 114898000, "costAndExpenses": 161048000, "interestIncome": 2158000, "interestExpense": -10213000, "depreciationAndAmortization": 20206000, "ebitda": 74949000, "ebitdaratio": 0.356874509, "operatingIncome": 48967000, "operatingIncomeRatio": 0.2331595362, "totalOtherIncomeExpensesNet": -5776000, "incomeBeforeTax": 35136000, "incomeBeforeTaxRatio": 0.1673023355, "incomeTaxExpense": 772000, "netIncome": 34364000, "netIncomeRatio": 0.1636264076, "eps": 0.28, "epsdiluted": 0.25, "weightedAverageShsOut": 124406999, "weightedAverageShsOutDil": 146594999, "link": "https://www.sec.gov/Archives/edgar/data/1086222/000095013505001475/0000950135-05-001475-index.htm", "finalLink": "https://www.sec.gov/Archives/edgar/data/1086222/000095013505001475/b53269ate10vk.htm", "calculatedOtherExpenses": 48000, "calculatedOperatingExpenses": 114898000, "calculatedNetInterest": 12371000, "calculatedOtherIncome": -26202000, "calculatedIncomeNonControlling": 0, "calculatedEbitda": 69173000}, {"date": "2003-12-31", "symbol": "AKAM", "reportedCurrency": "USD", "cik": "0001086222", "fillingDate": "2004-03-10", "acceptedDate": "2004-03-10 09:03:00", "calendarYear": "2003", "period": "FY", "revenue": 161259000, "costOfRevenue": 61115000, "grossProfit": 100144000, "grossProfitRatio": 0.6210134008, "researchAndDevelopmentExpenses": 12971000, "generalAndAdministrativeExpenses": 104615000, "sellingAndMarketingExpenses": 47583000, "sellingGeneralAndAdministrativeExpenses": 104615000, "otherExpenses": 2234000, "operatingExpenses": 119820000, "costAndExpenses": 180935000, "interestIncome": 1302000, "interestExpense": -18324000, "depreciationAndAmortization": 51166000, "ebitda": 23444000, "ebitdaratio": 0.145381033, "operatingIncome": -11155000, "operatingIncomeRatio": -0.0691744337, "totalOtherIncomeExpensesNet": 8046000, "incomeBeforeTax": -28652000, "incomeBeforeTaxRatio": -0.1776769049, "incomeTaxExpense": 629000, "netIncome": -29281000, "netIncomeRatio": -0.1815774623, "eps": -0.25, "epsdiluted": -0.25, "weightedAverageShsOut": 118074999, "weightedAverageShsOutDil": 118074999, "link": "https://www.sec.gov/Archives/edgar/data/1086222/000095013504001174/0000950135-04-001174-index.htm", "finalLink": "https://www.sec.gov/Archives/edgar/data/1086222/000095013504001174/b48973ate10vk.htm", "calculatedOtherExpenses": -6287000, "calculatedOperatingExpenses": 111299000, "calculatedNetInterest": 19626000, "calculatedOtherIncome": -37123000, "calculatedIncomeNonControlling": 0, "calculatedEbitda": 40011000}, {"date": "2002-12-31", "symbol": "AKAM", "reportedCurrency": "USD", "cik": "0001086222", "fillingDate": "2003-03-28", "acceptedDate": "2003-03-28 15:40:00", "calendarYear": "2002", "period": "FY", "revenue": 144976000, "costOfRevenue": 85304000, "grossProfit": 59672000, "grossProfitRatio": 0.4115991612, "researchAndDevelopmentExpenses": 21766000, "generalAndAdministrativeExpenses": 162688000, "sellingAndMarketingExpenses": 64765000, "sellingGeneralAndAdministrativeExpenses": 162688000, "otherExpenses": 11930000, "operatingExpenses": 196384000, "costAndExpenses": 281688000, "interestIncome": 3047000, "interestExpense": -18357000, "depreciationAndAmortization": 97441000, "ebitda": 12652000, "ebitdaratio": 0.087269617, "operatingIncome": -182536000, "operatingIncomeRatio": -1.2590773645, "totalOtherIncomeExpensesNet": -51923000, "incomeBeforeTax": -202145000, "incomeBeforeTaxRatio": -1.3943342346, "incomeTaxExpense": 492000, "netIncome": -204437000, "netIncomeRatio": -1.4101437479, "eps": -1.81, "epsdiluted": -1.81, "weightedAverageShsOut": 112765999, "weightedAverageShsOutDil": 112765999, "link": "https://www.sec.gov/Archives/edgar/data/1086222/000095013503002051/0000950135-03-002051-index.htm", "finalLink": "https://www.sec.gov/Archives/edgar/data/1086222/000095013503002051/b45644ake10vk.htm", "calculatedOtherExpenses": 57754000, "calculatedOperatingExpenses": 242208000, "calculatedNetInterest": 21404000, "calculatedOtherIncome": -41013000, "calculatedIncomeNonControlling": 1800000, "calculatedEbitda": -85095000}, {"date": "2001-12-31", "symbol": "AKAM", "reportedCurrency": "USD", "cik": "0001086222", "fillingDate": "2002-02-27", "acceptedDate": "2002-02-27 00:00:00", "calendarYear": "2001", "period": "FY", "revenue": 163214000, "costOfRevenue": 55132000, "grossProfit": 108082000, "grossProfitRatio": 0.6622103496, "researchAndDevelopmentExpenses": 61451000, "generalAndAdministrativeExpenses": 146112000, "sellingAndMarketingExpenses": 0, "sellingGeneralAndAdministrativeExpenses": 146112000, "otherExpenses": 2273921000, "operatingExpenses": 2481484000, "costAndExpenses": 2536616000, "interestIncome": 12257000, "interestExpense": -18859000, "depreciationAndAmortization": 336645000, "ebitda": -71471000, "ebitdaratio": -0.4378974843, "operatingIncome": -2413898000, "operatingIncomeRatio": -14.7897729361, "totalOtherIncomeExpensesNet": -1998743000, "incomeBeforeTax": -2434450000, "incomeBeforeTaxRatio": -14.9156935067, "incomeTaxExpense": 1062000, "netIncome": -2435512000, "netIncomeRatio": -14.9222003014, "eps": -23.59, "epsdiluted": -23.59, "weightedAverageShsOut": 103232999, "weightedAverageShsOutDil": 103232999, "link": "https://www.sec.gov/Archives/edgar/data/1086222/000095013502001140/0000950135-02-001140-index.htm", "finalLink": "https://www.sec.gov/Archives/edgar/data/1086222/000095013502001140/b42039ate10-k405.htm", "calculatedOtherExpenses": 2314417000, "calculatedOperatingExpenses": 2521980000, "calculatedNetInterest": 31116000, "calculatedOtherIncome": -51668000, "calculatedIncomeNonControlling": 0, "calculatedEbitda": -2077253000}, {"date": "2000-12-31", "symbol": "AKAM", "reportedCurrency": "USD", "cik": "0001086222", "fillingDate": "2001-02-12", "acceptedDate": "2001-02-12 00:00:00", "calendarYear": "2000", "period": "FY", "revenue": 89766000, "costOfRevenue": 61502000, "grossProfit": 28264000, "grossProfitRatio": 0.3148630885, "researchAndDevelopmentExpenses": 55606000, "generalAndAdministrativeExpenses": 194759000, "sellingAndMarketingExpenses": 0, "sellingGeneralAndAdministrativeExpenses": 194759000, "otherExpenses": 676109000, "operatingExpenses": 926474000, "costAndExpenses": 987976000, "interestIncome": 0, "interestExpense": 0, "depreciationAndAmortization": 719591000, "ebitda": -177247000, "ebitdaratio": -1.9745449279, "operatingIncome": -899582000, "operatingIncomeRatio": -10.0214112247, "totalOtherIncomeExpensesNet": -1372000, "incomeBeforeTax": -885598000, "incomeBeforeTaxRatio": -9.8656284116, "incomeTaxExpense": 187000, "netIncome": -885785000, "netIncomeRatio": -9.8677116057, "eps": -10.07, "epsdiluted": -10.07, "weightedAverageShsOut": 87958999, "weightedAverageShsOutDil": 87958999, "link": "https://www.sec.gov/Archives/edgar/data/1086222/000095013501000445/0000950135-01-000445-index.htm", "finalLink": "https://www.sec.gov/Archives/edgar/data/1086222/000095013501000445/b37716ate10-k.htm", "calculatedOtherExpenses": 677481000, "calculatedOperatingExpenses": 927846000, "calculatedNetInterest": 0, "calculatedOtherIncome": 13984000, "calculatedIncomeNonControlling": 0, "calculatedEbitda": -179991000}, {"date": "1999-12-31", "symbol": "AKAM", "reportedCurrency": "USD", "cik": "0001086222", "fillingDate": "2000-03-03", "acceptedDate": "2000-03-03 00:00:00", "calendarYear": "1999", "period": "FY", "revenue": 4000000, "costOfRevenue": -4900000, "grossProfit": 8900000, "grossProfitRatio": 2.225, "researchAndDevelopmentExpenses": 11700000, "generalAndAdministrativeExpenses": 29700000, "sellingAndMarketingExpenses": 0, "sellingGeneralAndAdministrativeExpenses": 29700000, "otherExpenses": 13900000, "operatingExpenses": 55300000, "costAndExpenses": 50400000, "interestIncome": 0, "interestExpense": 0, "depreciationAndAmortization": 13900000, "ebitda": -19100000, "ebitdaratio": -4.775, "operatingIncome": -46400000, "operatingIncomeRatio": -11.6, "totalOtherIncomeExpensesNet": -13400000, "incomeBeforeTax": -59800000, "incomeBeforeTaxRatio": -14.95, "incomeTaxExpense": 11200000, "netIncome": -57600000, "netIncomeRatio": -14.4, "eps": -1.91, "epsdiluted": -1.91, "weightedAverageShsOut": 30176999, "weightedAverageShsOutDil": 30176999, "link": "https://www.sec.gov/Archives/edgar/data/1086222/000095013500001233/0000950135-00-001233-index.html", "finalLink": "https://www.sec.gov/Archives/edgar/data/1086222/000095013500001233/", "calculatedOtherExpenses": 13900000, "calculatedOperatingExpenses": 55300000, "calculatedNetInterest": 0, "calculatedOtherIncome": -13400000, "calculatedIncomeNonControlling": -13400000, "calculatedEbitda": -32500000}, {"date": "1998-12-31", "symbol": "AKAM", "reportedCurrency": "USD", "cik": "0001086222", "fillingDate": "1998-12-31", "acceptedDate": "1998-12-30 19:00:00", "calendarYear": "1998", "period": "FY", "revenue": 100000, "costOfRevenue": -200000, "grossProfit": 300000, "grossProfitRatio": 3, "researchAndDevelopmentExpenses": 200000, "generalAndAdministrativeExpenses": 600000, "sellingAndMarketingExpenses": 0, "sellingGeneralAndAdministrativeExpenses": 600000, "otherExpenses": 300000, "operatingExpenses": 1100000, "costAndExpenses": 900000, "interestIncome": 0, "interestExpense": 0, "depreciationAndAmortization": 300000, "ebitda": -500000, "ebitdaratio": -5, "operatingIncome": -800000, "operatingIncomeRatio": -8, "totalOtherIncomeExpensesNet": 0, "incomeBeforeTax": 0, "incomeBeforeTaxRatio": 0, "incomeTaxExpense": 100000, "netIncome": -900000, "netIncomeRatio": -9, "eps": -0.05, "epsdiluted": -0.05, "weightedAverageShsOut": 18000000, "weightedAverageShsOutDil": 18000000, "link": "", "finalLink": "", "calculatedOtherExpenses": 300000, "calculatedOperatingExpenses": 1100000, "calculatedNetInterest": 0, "calculatedOtherIncome": 800000, "calculatedIncomeNonControlling": 800000, "calculatedEbitda": -500000}]}