{"originalCurrency": "USD", "convertedCurrency": "USD", "report": [{"date": "2023-12-31", "symbol": "AL", "reportedCurrency": "USD", "cik": "0001487712", "fillingDate": "2024-02-15", "acceptedDate": "2024-02-15 16:05:01", "calendarYear": "2023", "period": "FY", "revenue": 2684977000, "costOfRevenue": 1723682000, "grossProfit": 961295000, "grossProfitRatio": 0.3580272755, "researchAndDevelopmentExpenses": 0, "generalAndAdministrativeExpenses": 34615000, "sellingAndMarketingExpenses": 186015000, "sellingGeneralAndAdministrativeExpenses": 220630000, "otherExpenses": 0, "operatingExpenses": 220630000, "costAndExpenses": 1944312000, "interestIncome": 708963000, "interestExpense": 54053000, "depreciationAndAmortization": 1068772000, "ebitda": 1809437000, "ebitdaratio": 0.6739115456, "operatingIncome": 1430190000, "operatingIncomeRatio": 0.5326637807, "totalOtherIncomeExpensesNet": 67022000, "incomeBeforeTax": 753634000, "incomeBeforeTaxRatio": 0.2806854584, "incomeTaxExpense": 139012000, "netIncome": 614622000, "netIncomeRatio": 0.2289114581, "eps": 5.16, "epsdiluted": 5.16, "weightedAverageShsOut": 111005088, "weightedAverageShsOutDil": 111438589, "link": "https://www.sec.gov/Archives/edgar/data/1487712/000162828024005037/0001628280-24-005037-index.htm", "finalLink": "https://www.sec.gov/Archives/edgar/data/1487712/000162828024005037/al-20231231.htm", "calculatedOtherExpenses": -689525000, "calculatedOperatingExpenses": -468895000, "calculatedNetInterest": 654910000, "calculatedOtherIncome": -1331466000, "calculatedIncomeNonControlling": 0, "calculatedEbitda": 2498962000}, {"date": "2022-12-31", "symbol": "AL", "reportedCurrency": "USD", "cik": "0001487712", "fillingDate": "2023-02-16", "acceptedDate": "2023-02-16 16:03:52", "calendarYear": "2022", "period": "FY", "revenue": 2317302000, "costOfRevenue": 1458879000, "grossProfit": 858423000, "grossProfitRatio": 0.3704407108, "researchAndDevelopmentExpenses": 0, "generalAndAdministrativeExpenses": 15603000, "sellingAndMarketingExpenses": 156855000, "sellingGeneralAndAdministrativeExpenses": 172458000, "otherExpenses": 0, "operatingExpenses": 172458000, "costAndExpenses": 1631337000, "interestIncome": 546178000, "interestExpense": 53254000, "depreciationAndAmortization": 965955000, "ebitda": 1651920000, "ebitdaratio": 0.7128634938, "operatingIncome": 685965000, "operatingIncomeRatio": 0.2960188184, "totalOtherIncomeExpensesNet": -824730000, "incomeBeforeTax": -138765000, "incomeBeforeTaxRatio": -0.0598821388, "incomeTaxExpense": -41741000, "netIncome": -97024000, "netIncomeRatio": -0.0418693809, "eps": -0.87, "epsdiluted": -0.87, "weightedAverageShsOut": 111626508, "weightedAverageShsOutDil": 111626508, "link": "https://www.sec.gov/Archives/edgar/data/1487712/000162828023003886/0001628280-23-003886-index.htm", "finalLink": "https://www.sec.gov/Archives/edgar/data/1487712/000162828023003886/al-20221231.htm", "calculatedOtherExpenses": 0, "calculatedOperatingExpenses": 172458000, "calculatedNetInterest": 492924000, "calculatedOtherIncome": -1317654000, "calculatedIncomeNonControlling": 0, "calculatedEbitda": 1651920000}, {"date": "2021-12-31", "symbol": "AL", "reportedCurrency": "USD", "cik": "0001487712", "fillingDate": "2022-02-17", "acceptedDate": "2022-02-17 16:03:37", "calendarYear": "2021", "period": "FY", "revenue": 2088389000, "costOfRevenue": 1344958000, "grossProfit": 743431000, "grossProfitRatio": 0.3559830089, "researchAndDevelopmentExpenses": 0, "generalAndAdministrativeExpenses": 26516000, "sellingAndMarketingExpenses": 125279000, "sellingGeneralAndAdministrativeExpenses": 151795000, "otherExpenses": 0, "operatingExpenses": 151795000, "costAndExpenses": 1496753000, "interestIncome": 513015999, "interestExpense": 50620000, "depreciationAndAmortization": 882562000, "ebitda": 1474198000, "ebitdaratio": 0.7059020135, "operatingIncome": 591636000, "operatingIncomeRatio": 0.2832977956, "totalOtherIncomeExpensesNet": -50620000, "incomeBeforeTax": 541016000, "incomeBeforeTaxRatio": 0.2590590163, "incomeTaxExpense": 104384000, "netIncome": 436632000, "netIncomeRatio": 0.2090759911, "eps": 3.58, "epsdiluted": 3.57, "weightedAverageShsOut": 114050578, "weightedAverageShsOutDil": 114446093, "link": "https://www.sec.gov/Archives/edgar/data/1487712/000162828022003016/0001628280-22-003016-index.htm", "finalLink": "https://www.sec.gov/Archives/edgar/data/1487712/000162828022003016/al-20211231.htm", "calculatedOtherExpenses": 0, "calculatedOperatingExpenses": 151795000, "calculatedNetInterest": 462395999, "calculatedOtherIncome": -513015999, "calculatedIncomeNonControlling": 0, "calculatedEbitda": 1474198000}, {"date": "2020-12-31", "symbol": "AL", "reportedCurrency": "USD", "cik": "0001487712", "fillingDate": "2021-02-22", "acceptedDate": "2021-02-22 16:14:33", "calendarYear": "2020", "period": "FY", "revenue": 2015439000, "costOfRevenue": 1212424000, "grossProfit": 803015000, "grossProfitRatio": 0.3984318057, "researchAndDevelopmentExpenses": 0, "generalAndAdministrativeExpenses": 17628000, "sellingAndMarketingExpenses": 95684000, "sellingGeneralAndAdministrativeExpenses": 113312000, "otherExpenses": 0, "operatingExpenses": 113312000, "costAndExpenses": 1325736000, "interestIncome": 474758000, "interestExpense": 43025000, "depreciationAndAmortization": 780691000, "ebitda": 1470394000, "ebitdaratio": 0.729565122, "operatingIncome": 689703000, "operatingIncomeRatio": 0.3422098114, "totalOtherIncomeExpensesNet": -43025000, "incomeBeforeTax": 646678000, "incomeBeforeTaxRatio": 0.320862105, "incomeTaxExpense": 130414000, "netIncome": 516264000, "netIncomeRatio": 0.2561546145, "eps": 4.41, "epsdiluted": 4.39, "weightedAverageShsOut": 113684782, "weightedAverageShsOutDil": 114014021, "link": "https://www.sec.gov/Archives/edgar/data/1487712/000155837021001372/0001558370-21-001372-index.htm", "finalLink": "https://www.sec.gov/Archives/edgar/data/1487712/000155837021001372/al-20201231x10k.htm", "calculatedOtherExpenses": 0, "calculatedOperatingExpenses": 113312000, "calculatedNetInterest": 431733000, "calculatedOtherIncome": -474758000, "calculatedIncomeNonControlling": 0, "calculatedEbitda": 1470394000}, {"date": "2019-12-31", "symbol": "AL", "reportedCurrency": "USD", "cik": "0001487712", "fillingDate": "2020-02-14", "acceptedDate": "2020-02-14 16:22:12", "calendarYear": "2019", "period": "FY", "revenue": 2016904000, "costOfRevenue": 1100130000, "grossProfit": 916774000, "grossProfitRatio": 0.4545451841, "researchAndDevelopmentExpenses": 0, "generalAndAdministrativeExpenses": 20745000, "sellingAndMarketingExpenses": 123653000, "sellingGeneralAndAdministrativeExpenses": 144398000, "otherExpenses": 0, "operatingExpenses": 144398000, "costAndExpenses": 1244528000, "interestIncome": 434011000, "interestExpense": 36691000, "depreciationAndAmortization": 702810000, "ebitda": 1475186000, "ebitdaratio": 0.7314111133, "operatingIncome": 772376000, "operatingIncomeRatio": 0.3829512956, "totalOtherIncomeExpensesNet": -36691000, "incomeBeforeTax": 735685000, "incomeBeforeTaxRatio": 0.3647595523, "incomeTaxExpense": 148564000, "netIncome": 587121000, "netIncomeRatio": 0.2911001218, "eps": 5.14, "epsdiluted": 5.09, "weightedAverageShsOut": 111895433, "weightedAverageShsOutDil": 113086323, "link": "https://www.sec.gov/Archives/edgar/data/1487712/000155837020000836/0001558370-20-000836-index.htm", "finalLink": "https://www.sec.gov/Archives/edgar/data/1487712/000155837020000836/al-20191231x10k1d2204.htm", "calculatedOtherExpenses": 0, "calculatedOperatingExpenses": 144398000, "calculatedNetInterest": 397320000, "calculatedOtherIncome": -434011000, "calculatedIncomeNonControlling": 0, "calculatedEbitda": 1475186000}, {"date": "2018-12-31", "symbol": "AL", "reportedCurrency": "USD", "cik": "0001487712", "fillingDate": "2019-02-21", "acceptedDate": "2019-02-21 16:06:03", "calendarYear": "2018", "period": "FY", "revenue": 1679702000, "costOfRevenue": 892011000, "grossProfit": 787691000, "grossProfitRatio": 0.4689468727, "researchAndDevelopmentExpenses": 0, "generalAndAdministrativeExpenses": 17478000, "sellingAndMarketingExpenses": 97369000, "sellingGeneralAndAdministrativeExpenses": 114847000, "otherExpenses": 0, "operatingExpenses": 114847000, "costAndExpenses": 1006858000, "interestIncome": 0, "interestExpense": 32706000, "depreciationAndAmortization": 581985000, "ebitda": 1254829000, "ebitdaratio": 0.7470545371, "operatingIncome": 672844000, "operatingIncomeRatio": 0.400573435, "totalOtherIncomeExpensesNet": 640138000, "incomeBeforeTax": 640138000, "incomeBeforeTaxRatio": 0.3811021241, "incomeTaxExpense": 129303000, "netIncome": 510835000, "netIncomeRatio": 0.3041223979, "eps": 4.6, "epsdiluted": 4.55, "weightedAverageShsOut": 111011870, "weightedAverageShsOutDil": 112363331, "link": "https://www.sec.gov/Archives/edgar/data/1487712/000155837019000845/0001558370-19-000845-index.htm", "finalLink": "https://www.sec.gov/Archives/edgar/data/1487712/000155837019000845/al-20181231x10k.htm", "calculatedOtherExpenses": 0, "calculatedOperatingExpenses": 114847000, "calculatedNetInterest": -32706000, "calculatedOtherIncome": 0, "calculatedIncomeNonControlling": 0, "calculatedEbitda": 1254829000}, {"date": "2017-12-31", "symbol": "AL", "reportedCurrency": "USD", "cik": "0001487712", "fillingDate": "2018-02-22", "acceptedDate": "2018-02-22 16:20:00", "calendarYear": "2017", "period": "FY", "revenue": 1516380000, "costOfRevenue": 766269000, "grossProfit": 750111000, "grossProfitRatio": 0.4946721798, "researchAndDevelopmentExpenses": 0, "generalAndAdministrativeExpenses": 19804000, "sellingAndMarketingExpenses": 91323000, "sellingGeneralAndAdministrativeExpenses": 111127000, "otherExpenses": 0, "operatingExpenses": 111127000, "costAndExpenses": 877396000, "interestIncome": 0, "interestExpense": 29454000, "depreciationAndAmortization": 508352000, "ebitda": 1147336000, "ebitdaratio": 0.7566282858, "operatingIncome": 638984000, "operatingIncomeRatio": 0.4213877788, "totalOtherIncomeExpensesNet": 609530000, "incomeBeforeTax": 609530000, "incomeBeforeTaxRatio": 0.4019638877, "incomeTaxExpense": -146622000, "netIncome": 756152000, "netIncomeRatio": 0.4986560097, "eps": 7.33, "epsdiluted": 6.82, "weightedAverageShsOut": 103189175, "weightedAverageShsOutDil": 111657564, "link": "https://www.sec.gov/Archives/edgar/data/1487712/000155837018000933/0001558370-18-000933-index.htm", "finalLink": "https://www.sec.gov/Archives/edgar/data/1487712/000155837018000933/al-20171231x10k.htm", "calculatedOtherExpenses": 0, "calculatedOperatingExpenses": 111127000, "calculatedNetInterest": -29454000, "calculatedOtherIncome": 0, "calculatedIncomeNonControlling": 0, "calculatedEbitda": 1147336000}, {"date": "2016-12-31", "symbol": "AL", "reportedCurrency": "USD", "cik": "0001487712", "fillingDate": "2017-02-23", "acceptedDate": "2017-02-23 16:09:13", "calendarYear": "2016", "period": "FY", "revenue": 1419055000, "costOfRevenue": 707941000, "grossProfit": 711114000, "grossProfitRatio": 0.5011179975, "researchAndDevelopmentExpenses": 0, "generalAndAdministrativeExpenses": 16941000, "sellingAndMarketingExpenses": 82993000, "sellingGeneralAndAdministrativeExpenses": 99934000, "otherExpenses": 0, "operatingExpenses": 99934000, "costAndExpenses": 807875000, "interestIncome": 0, "interestExpense": 30942000, "depreciationAndAmortization": 452682000, "ebitda": 1063862000, "ebitdaratio": 0.74969751, "operatingIncome": 611180000, "operatingIncomeRatio": 0.4306950752, "totalOtherIncomeExpensesNet": 580238000, "incomeBeforeTax": 580238000, "incomeBeforeTaxRatio": 0.4088904236, "incomeTaxExpense": 205313000, "netIncome": 374925000, "netIncomeRatio": 0.2642075184, "eps": 3.65, "epsdiluted": 3.44, "weightedAverageShsOut": 102801161, "weightedAverageShsOutDil": 110798727, "link": "https://www.sec.gov/Archives/edgar/data/1487712/000155837017000879/0001558370-17-000879-index.htm", "finalLink": "https://www.sec.gov/Archives/edgar/data/1487712/000155837017000879/al-20161231x10k.htm", "calculatedOtherExpenses": 0, "calculatedOperatingExpenses": 99934000, "calculatedNetInterest": -30942000, "calculatedOtherIncome": 0, "calculatedIncomeNonControlling": 0, "calculatedEbitda": 1063862000}, {"date": "2015-12-31", "symbol": "AL", "reportedCurrency": "USD", "cik": "0001487712", "fillingDate": "2016-02-25", "acceptedDate": "2016-02-25 16:37:55", "calendarYear": "2015", "period": "FY", "revenue": 1222840000, "costOfRevenue": 633397000, "grossProfit": 589443000, "grossProfitRatio": 0.4820279023, "researchAndDevelopmentExpenses": 0, "generalAndAdministrativeExpenses": 17022000, "sellingAndMarketingExpenses": 76961000, "sellingGeneralAndAdministrativeExpenses": 93983000, "otherExpenses": 0, "operatingExpenses": 93983000, "costAndExpenses": 727380000, "interestIncome": 0, "interestExpense": 30507000, "depreciationAndAmortization": 397760000, "ebitda": 893220000, "ebitdaratio": 0.7304471558, "operatingIncome": 495460000, "operatingIncomeRatio": 0.4051715678, "totalOtherIncomeExpensesNet": -72000000, "incomeBeforeTax": 392953000, "incomeBeforeTaxRatio": 0.3213445749, "incomeTaxExpense": 139562000, "netIncome": 253391000, "netIncomeRatio": 0.2072151712, "eps": 2.47, "epsdiluted": 2.34, "weightedAverageShsOut": 102587449, "weightedAverageShsOutDil": 110628865, "link": "https://www.sec.gov/Archives/edgar/data/1487712/000155837016003544/0001558370-16-003544-index.htm", "finalLink": "https://www.sec.gov/Archives/edgar/data/1487712/000155837016003544/al-20151231x10k.htm", "calculatedOtherExpenses": 0, "calculatedOperatingExpenses": 93983000, "calculatedNetInterest": -30507000, "calculatedOtherIncome": -72000000, "calculatedIncomeNonControlling": 0, "calculatedEbitda": 893220000}, {"date": "2014-12-31", "symbol": "AL", "reportedCurrency": "USD", "cik": "0001487712", "fillingDate": "2015-02-26", "acceptedDate": "2015-02-26 16:10:50", "calendarYear": "2014", "period": "FY", "revenue": 1050493000, "costOfRevenue": 529475000, "grossProfit": 521018000, "grossProfitRatio": 0.4959747471, "researchAndDevelopmentExpenses": 0, "generalAndAdministrativeExpenses": 16048000, "sellingAndMarketingExpenses": 82422000, "sellingGeneralAndAdministrativeExpenses": 98470000, "otherExpenses": 0, "operatingExpenses": 98470000, "costAndExpenses": 627945000, "interestIncome": 0, "interestExpense": 27772000, "depreciationAndAmortization": 336657000, "ebitda": 759205000, "ebitdaratio": 0.72271305, "operatingIncome": 422548000, "operatingIncomeRatio": 0.4022378064, "totalOtherIncomeExpensesNet": 394776000, "incomeBeforeTax": 394776000, "incomeBeforeTaxRatio": 0.3758006955, "incomeTaxExpense": 138778000, "netIncome": 255998000, "netIncomeRatio": 0.2436931993, "eps": 2.51, "epsdiluted": 2.38, "weightedAverageShsOut": 102142828, "weightedAverageShsOutDil": 110192771, "link": "https://www.sec.gov/Archives/edgar/data/1487712/000104746915001288/0001047469-15-001288-index.htm", "finalLink": "https://www.sec.gov/Archives/edgar/data/1487712/000104746915001288/a2223178z10-k.htm", "calculatedOtherExpenses": 0, "calculatedOperatingExpenses": 98470000, "calculatedNetInterest": -27772000, "calculatedOtherIncome": 0, "calculatedIncomeNonControlling": 0, "calculatedEbitda": 759205000}, {"date": "2013-12-31", "symbol": "AL", "reportedCurrency": "USD", "cik": "0001487712", "fillingDate": "2014-02-27", "acceptedDate": "2014-02-27 16:02:49", "calendarYear": "2013", "period": "FY", "revenue": 858675000, "costOfRevenue": 448780000, "grossProfit": 409895000, "grossProfitRatio": 0.4773575567, "researchAndDevelopmentExpenses": 0, "generalAndAdministrativeExpenses": 21614000, "sellingAndMarketingExpenses": 71212000, "sellingGeneralAndAdministrativeExpenses": 92826000, "otherExpenses": 0, "operatingExpenses": 92826000, "costAndExpenses": 541606000, "interestIncome": 0, "interestExpense": 23627000, "depreciationAndAmortization": 280037000, "ebitda": 597106000, "ebitdaratio": 0.6953806737, "operatingIncome": 317069000, "operatingIncomeRatio": 0.3692537922, "totalOtherIncomeExpensesNet": 293442000, "incomeBeforeTax": 293442000, "incomeBeforeTaxRatio": 0.3417381431, "incomeTaxExpense": 103031000, "netIncome": 190411000, "netIncomeRatio": 0.2217497889, "eps": 1.88, "epsdiluted": 1.8, "weightedAverageShsOut": 101529137, "weightedAverageShsOutDil": 108963550, "link": "https://www.sec.gov/Archives/edgar/data/1487712/000104746914001481/0001047469-14-001481-index.htm", "finalLink": "https://www.sec.gov/Archives/edgar/data/1487712/000104746914001481/a2218512z10-k.htm", "calculatedOtherExpenses": 0, "calculatedOperatingExpenses": 92826000, "calculatedNetInterest": -23627000, "calculatedOtherIncome": 0, "calculatedIncomeNonControlling": 0, "calculatedEbitda": 597106000}, {"date": "2012-12-31", "symbol": "AL", "reportedCurrency": "USD", "cik": "0001487712", "fillingDate": "2013-02-28", "acceptedDate": "2013-02-28 16:04:11", "calendarYear": "2012", "period": "FY", "revenue": 645853000, "costOfRevenue": 346638000, "grossProfit": 299215000, "grossProfitRatio": 0.4632865373, "researchAndDevelopmentExpenses": 0, "generalAndAdministrativeExpenses": 31688000, "sellingAndMarketingExpenses": 56453000, "sellingGeneralAndAdministrativeExpenses": 88141000, "otherExpenses": 0, "operatingExpenses": 88141000, "costAndExpenses": 434779000, "interestIncome": 9893000, "interestExpense": 16994000, "depreciationAndAmortization": 216219000, "ebitda": 437186000, "ebitdaratio": 0.6769125482, "operatingIncome": 211074000, "operatingIncomeRatio": 0.326814306, "totalOtherIncomeExpensesNet": 203973000, "incomeBeforeTax": 203973000, "incomeBeforeTaxRatio": 0.3158195441, "incomeTaxExpense": 72054000, "netIncome": 131919000, "netIncomeRatio": 0.2042554575, "eps": 1.31, "epsdiluted": 1.28, "weightedAverageShsOut": 100991871, "weightedAverageShsOutDil": 107656463, "link": "https://www.sec.gov/Archives/edgar/data/1487712/000104746913001939/0001047469-13-001939-index.htm", "finalLink": "https://www.sec.gov/Archives/edgar/data/1487712/000104746913001939/a2213212z10-k.htm", "calculatedOtherExpenses": 0, "calculatedOperatingExpenses": 88141000, "calculatedNetInterest": -7101000, "calculatedOtherIncome": 0, "calculatedIncomeNonControlling": 0, "calculatedEbitda": 427293000}, {"date": "2011-12-31", "symbol": "AL", "reportedCurrency": "USD", "cik": "0001487712", "fillingDate": "2012-03-09", "acceptedDate": "2012-03-09 09:28:18", "calendarYear": "2011", "period": "FY", "revenue": 332719000, "costOfRevenue": 157169000, "grossProfit": 175550000, "grossProfitRatio": 0.5276224081, "researchAndDevelopmentExpenses": 0, "generalAndAdministrativeExpenses": 39342000, "sellingAndMarketingExpenses": 44559000, "sellingGeneralAndAdministrativeExpenses": 83901000, "otherExpenses": 0, "operatingExpenses": 83901000, "costAndExpenses": 241070000, "interestIncome": 4022000, "interestExpense": 9481000, "depreciationAndAmortization": 112307000, "ebitda": 207978000, "ebitdaratio": 0.6250860336, "operatingIncome": 91649000, "operatingIncomeRatio": 0.2754546629, "totalOtherIncomeExpensesNet": -3349000, "incomeBeforeTax": 82841000, "incomeBeforeTaxRatio": 0.2489818736, "incomeTaxExpense": 29609000, "netIncome": 53232000, "netIncomeRatio": 0.1599908632, "eps": 0.59, "epsdiluted": 0.59, "weightedAverageShsOut": 89592945, "weightedAverageShsOutDil": 90416346, "link": "https://www.sec.gov/Archives/edgar/data/1487712/000104746912002342/0001047469-12-002342-index.htm", "finalLink": "https://www.sec.gov/Archives/edgar/data/1487712/000104746912002342/a2207949z10-k.htm", "calculatedOtherExpenses": 0, "calculatedOperatingExpenses": 83901000, "calculatedNetInterest": -5459000, "calculatedOtherIncome": -3349000, "calculatedIncomeNonControlling": 0, "calculatedEbitda": 203956000}]}