{"originalCurrency": "USD", "convertedCurrency": "USD", "report": [{"date": "2023-12-31", "symbol": "ALB", "reportedCurrency": "USD", "cik": "0000915913", "fillingDate": "2024-03-28", "acceptedDate": "2024-03-28 16:18:54", "calendarYear": "2023", "period": "FY", "revenue": 9617203000, "costOfRevenue": 8416193999, "grossProfit": 1201009001, "grossProfitRatio": 0.1248813195, "researchAndDevelopmentExpenses": 85725000, "generalAndAdministrativeExpenses": 0, "sellingAndMarketingExpenses": 0, "sellingGeneralAndAdministrativeExpenses": 874161000, "otherExpenses": 110929000, "operatingExpenses": 959886000, "costAndExpenses": 9376080000, "interestIncome": 0, "interestExpense": 188772000, "depreciationAndAmortization": 429944000, "ebitda": 671067000, "ebitdaratio": 0.0697777722, "operatingIncome": 241123000, "operatingIncomeRatio": 0.0250720506, "totalOtherIncomeExpensesNet": 5615000, "incomeBeforeTax": 246738000, "incomeBeforeTaxRatio": 0.0256559002, "incomeTaxExpense": 430277000, "netIncome": 1573476000, "netIncomeRatio": 0.1636105633, "eps": 13.41, "epsdiluted": 13.36, "weightedAverageShsOut": 117317000, "weightedAverageShsOutDil": 117766000, "link": "https://www.sec.gov/Archives/edgar/data/915913/000091591324000094/0000915913-24-000094-index.htm", "finalLink": "https://www.sec.gov/Archives/edgar/data/915913/000091591324000094/alb-20231231.htm", "calculatedOtherExpenses": 1, "calculatedOperatingExpenses": 959886001, "calculatedNetInterest": -188772000, "calculatedOtherIncome": 194387000, "calculatedIncomeNonControlling": -1757015000, "calculatedEbitda": 671067000}, {"date": "2022-12-31", "symbol": "ALB", "reportedCurrency": "USD", "cik": "0000915913", "fillingDate": "2023-02-15", "acceptedDate": "2023-02-15 17:30:03", "calendarYear": "2022", "period": "FY", "revenue": 7320104000, "costOfRevenue": 4245517000, "grossProfit": 3074587000, "grossProfitRatio": 0.420019579, "researchAndDevelopmentExpenses": 71981000, "generalAndAdministrativeExpenses": 0, "sellingAndMarketingExpenses": 0, "sellingGeneralAndAdministrativeExpenses": 524145000, "otherExpenses": 86356000, "operatingExpenses": 596126000, "costAndExpenses": 4841643000, "interestIncome": 103754000, "interestExpense": 122973000, "depreciationAndAmortization": 395597000, "ebitda": 2865658000, "ebitdaratio": 0.3914777714, "operatingIncome": 2470061000, "operatingIncomeRatio": 0.3374352332, "totalOtherIncomeExpensesNet": -36617000, "incomeBeforeTax": 2433444000, "incomeBeforeTaxRatio": 0.3324329818, "incomeTaxExpense": 390588000, "netIncome": 2042856000, "netIncomeRatio": 0.2790747235, "eps": 17.44, "epsdiluted": 17.34, "weightedAverageShsOut": 117120000, "weightedAverageShsOutDil": 117793000, "link": "https://www.sec.gov/Archives/edgar/data/915913/000091591323000039/0000915913-23-000039-index.htm", "finalLink": "https://www.sec.gov/Archives/edgar/data/915913/000091591323000039/alb-20221231.htm", "calculatedOtherExpenses": 8400000, "calculatedOperatingExpenses": 604526000, "calculatedNetInterest": -19219000, "calculatedOtherIncome": -17398000, "calculatedIncomeNonControlling": 0, "calculatedEbitda": 2865658000}, {"date": "2021-12-31", "symbol": "ALB", "reportedCurrency": "USD", "cik": "0000915913", "fillingDate": "2022-02-22", "acceptedDate": "2022-02-18 17:49:21", "calendarYear": "2021", "period": "FY", "revenue": 3327957000, "costOfRevenue": 2329986000, "grossProfit": 997971000, "grossProfitRatio": 0.2998749683, "researchAndDevelopmentExpenses": 54026000, "generalAndAdministrativeExpenses": 0, "sellingAndMarketingExpenses": 0, "sellingGeneralAndAdministrativeExpenses": 441482000, "otherExpenses": -603340000, "operatingExpenses": 495508000, "costAndExpenses": 2825494000, "interestIncome": 32521000, "interestExpense": 61476000, "depreciationAndAmortization": 254000000, "ebitda": 153123000, "ebitdaratio": 0.0460111113, "operatingIncome": -100877000, "operatingIncomeRatio": -0.0303119902, "totalOtherIncomeExpensesNet": 234495000, "incomeBeforeTax": 133618000, "incomeBeforeTaxRatio": 0.0401501582, "incomeTaxExpense": 29446000, "netIncome": 123672000, "netIncomeRatio": 0.0371615378, "eps": 1.07, "epsdiluted": 1.06, "weightedAverageShsOut": 115841000, "weightedAverageShsOutDil": 116536000, "link": "https://www.sec.gov/Archives/edgar/data/915913/000091591322000027/0000915913-22-000027-index.htm", "finalLink": "https://www.sec.gov/Archives/edgar/data/915913/000091591322000027/alb-20211231.htm", "calculatedOtherExpenses": 603340000, "calculatedOperatingExpenses": 1098848000, "calculatedNetInterest": -28955000, "calculatedOtherIncome": 263450000, "calculatedIncomeNonControlling": -19500000, "calculatedEbitda": 153123000}, {"date": "2020-12-31", "symbol": "ALB", "reportedCurrency": "USD", "cik": "0000915913", "fillingDate": "2021-02-19", "acceptedDate": "2021-02-19 16:37:48", "calendarYear": "2020", "period": "FY", "revenue": 3128909000, "costOfRevenue": 2134056000, "grossProfit": 994853000, "grossProfitRatio": 0.3179552362, "researchAndDevelopmentExpenses": 59214000, "generalAndAdministrativeExpenses": 0, "sellingAndMarketingExpenses": 0, "sellingGeneralAndAdministrativeExpenses": 429827000, "otherExpenses": -59177000, "operatingExpenses": 489041000, "costAndExpenses": 2623097000, "interestIncome": 73116000, "interestExpense": 73116000, "depreciationAndAmortization": 172807000, "ebitda": 678619000, "ebitdaratio": 0.2168867807, "operatingIncome": 505812000, "operatingIncomeRatio": 0.1616576257, "totalOtherIncomeExpensesNet": -132293000, "incomeBeforeTax": 373519000, "incomeBeforeTaxRatio": 0.119376754, "incomeTaxExpense": 54425000, "netIncome": 375764000, "netIncomeRatio": 0.1200942565, "eps": 3.53, "epsdiluted": 3.52, "weightedAverageShsOut": 106402000, "weightedAverageShsOutDil": 106808000, "link": "https://www.sec.gov/Archives/edgar/data/915913/000091591321000018/0000915913-21-000018-index.htm", "finalLink": "https://www.sec.gov/Archives/edgar/data/915913/000091591321000018/alb-20201231.htm", "calculatedOtherExpenses": 0, "calculatedOperatingExpenses": 489041000, "calculatedNetInterest": 0, "calculatedOtherIncome": -132293000, "calculatedIncomeNonControlling": -56670000, "calculatedEbitda": 678619000}, {"date": "2019-12-31", "symbol": "ALB", "reportedCurrency": "USD", "cik": "0000915913", "fillingDate": "2020-02-26", "acceptedDate": "2020-02-26 12:42:26", "calendarYear": "2019", "period": "FY", "revenue": 3589427000, "costOfRevenue": 2331649000, "grossProfit": 1257778000, "grossProfitRatio": 0.3504119181, "researchAndDevelopmentExpenses": 58287000, "generalAndAdministrativeExpenses": 0, "sellingAndMarketingExpenses": 0, "sellingGeneralAndAdministrativeExpenses": 533368000, "otherExpenses": -45478000, "operatingExpenses": 591655000, "costAndExpenses": 2923304000, "interestIncome": 52866000, "interestExpense": 57695000, "depreciationAndAmortization": 168006000, "ebitda": 834129000, "ebitdaratio": 0.2323850018, "operatingIncome": 666123000, "operatingIncomeRatio": 0.1855792025, "totalOtherIncomeExpensesNet": -103173000, "incomeBeforeTax": 562950000, "incomeBeforeTaxRatio": 0.1568356175, "incomeTaxExpense": 88161000, "netIncome": 533228000, "netIncomeRatio": 0.1485551872, "eps": 5.03, "epsdiluted": 5.02, "weightedAverageShsOut": 105949000, "weightedAverageShsOutDil": 106321000, "link": "https://www.sec.gov/Archives/edgar/data/915913/000091591320000040/0000915913-20-000040-index.htm", "finalLink": "https://www.sec.gov/Archives/edgar/data/915913/000091591320000040/a1231201910-kdocument.htm", "calculatedOtherExpenses": 0, "calculatedOperatingExpenses": 591655000, "calculatedNetInterest": -4829000, "calculatedOtherIncome": -98344000, "calculatedIncomeNonControlling": -58439000, "calculatedEbitda": 834129000}, {"date": "2018-12-31", "symbol": "ALB", "reportedCurrency": "USD", "cik": "0000915913", "fillingDate": "2019-02-27", "acceptedDate": "2019-02-27 16:27:52", "calendarYear": "2018", "period": "FY", "revenue": 3374950000, "costOfRevenue": 2157694000, "grossProfit": 1217256000, "grossProfitRatio": 0.3606737878, "researchAndDevelopmentExpenses": 70054000, "generalAndAdministrativeExpenses": 0, "sellingAndMarketingExpenses": 0, "sellingGeneralAndAdministrativeExpenses": 446090000, "otherExpenses": -64434000, "operatingExpenses": 516144000, "costAndExpenses": 2673838000, "interestIncome": 0, "interestExpense": 52405000, "depreciationAndAmortization": 200698000, "ebitda": 636678000, "ebitdaratio": 0.1886481281, "operatingIncome": 911540000, "operatingIncomeRatio": 0.2700899273, "totalOtherIncomeExpensesNet": 145994000, "incomeBeforeTax": 794701000, "incomeBeforeTaxRatio": 0.2354704514, "incomeTaxExpense": 144826000, "netIncome": 693562000, "netIncomeRatio": 0.2055028963, "eps": 6.4, "epsdiluted": 6.34, "weightedAverageShsOut": 108427000, "weightedAverageShsOutDil": 109458000, "link": "https://www.sec.gov/Archives/edgar/data/915913/000091591319000021/0000915913-19-000021-index.htm", "finalLink": "https://www.sec.gov/Archives/edgar/data/915913/000091591319000021/a1231201810-kdocument.htm", "calculatedOtherExpenses": -210428000, "calculatedOperatingExpenses": 305716000, "calculatedNetInterest": -52405000, "calculatedOtherIncome": -64434000, "calculatedIncomeNonControlling": -43687000, "calculatedEbitda": 1112238000}, {"date": "2017-12-31", "symbol": "ALB", "reportedCurrency": "USD", "cik": "0000915913", "fillingDate": "2018-02-28", "acceptedDate": "2018-02-27 17:56:57", "calendarYear": "2017", "period": "FY", "revenue": 3071976000, "costOfRevenue": 1961996000, "grossProfit": 1109980000, "grossProfitRatio": 0.3613244374, "researchAndDevelopmentExpenses": 84330000, "generalAndAdministrativeExpenses": 0, "sellingAndMarketingExpenses": 0, "sellingGeneralAndAdministrativeExpenses": 437901000, "otherExpenses": -25601000, "operatingExpenses": 522231000, "costAndExpenses": 2484227000, "interestIncome": 0, "interestExpense": 115350000, "depreciationAndAmortization": 196928000, "ebitda": 562148000, "ebitdaratio": 0.182992315, "operatingIncome": 587749000, "operatingIncomeRatio": 0.191326039, "totalOtherIncomeExpensesNet": -25601000, "incomeBeforeTax": 446798000, "incomeBeforeTaxRatio": 0.1454431936, "incomeTaxExpense": 431817000, "netIncome": 54850000, "netIncomeRatio": 0.0178549572, "eps": 0.49, "epsdiluted": 0.49, "weightedAverageShsOut": 110914000, "weightedAverageShsOutDil": 112380000, "link": "https://www.sec.gov/Archives/edgar/data/915913/000091591318000005/0000915913-18-000005-index.htm", "finalLink": "https://www.sec.gov/Archives/edgar/data/915913/000091591318000005/a1231201710-kdocument.htm", "calculatedOtherExpenses": 0, "calculatedOperatingExpenses": 522231000, "calculatedNetInterest": -115350000, "calculatedOtherIncome": -25601000, "calculatedIncomeNonControlling": -39869000, "calculatedEbitda": 784677000}, {"date": "2016-12-31", "symbol": "ALB", "reportedCurrency": "USD", "cik": "0000915913", "fillingDate": "2017-02-28", "acceptedDate": "2017-02-27 17:53:25", "calendarYear": "2016", "period": "FY", "revenue": 2677203000, "costOfRevenue": 1706627000, "grossProfit": 970576000, "grossProfitRatio": 0.3625335845, "researchAndDevelopmentExpenses": 80475000, "generalAndAdministrativeExpenses": 0, "sellingAndMarketingExpenses": 0, "sellingGeneralAndAdministrativeExpenses": 380464000, "otherExpenses": 5894000, "operatingExpenses": 460939000, "costAndExpenses": 2167566000, "interestIncome": 0, "interestExpense": 65181000, "depreciationAndAmortization": 226169000, "ebitda": 515531000, "ebitdaratio": 0.1925632834, "operatingIncome": 574551000, "operatingIncomeRatio": 0.2146086793, "totalOtherIncomeExpensesNet": 70808000, "incomeBeforeTax": 515264000, "incomeBeforeTaxRatio": 0.1924635524, "incomeTaxExpense": 96263000, "netIncome": 643675000, "netIncomeRatio": 0.2404281633, "eps": 5.73, "epsdiluted": 5.68, "weightedAverageShsOut": 112379000, "weightedAverageShsOutDil": 113239000, "link": "https://www.sec.gov/Archives/edgar/data/915913/000091591317000010/0000915913-17-000010-index.htm", "finalLink": "https://www.sec.gov/Archives/edgar/data/915913/000091591317000010/a1231201610-kdocument.htm", "calculatedOtherExpenses": -64914000, "calculatedOperatingExpenses": 396025000, "calculatedNetInterest": -65181000, "calculatedOtherIncome": 5894000, "calculatedIncomeNonControlling": -224674000, "calculatedEbitda": 800720000}, {"date": "2015-12-31", "symbol": "ALB", "reportedCurrency": "USD", "cik": "0000915913", "fillingDate": "2016-02-29", "acceptedDate": "2016-02-29 17:50:14", "calendarYear": "2015", "period": "FY", "revenue": 3651335000, "costOfRevenue": 2454463000, "grossProfit": 1196872000, "grossProfitRatio": 0.3277902466, "researchAndDevelopmentExpenses": 102871000, "generalAndAdministrativeExpenses": 0, "sellingAndMarketingExpenses": 0, "sellingGeneralAndAdministrativeExpenses": 512274000, "otherExpenses": 48474000, "operatingExpenses": 615145000, "costAndExpenses": 3069608000, "interestIncome": 0, "interestExpense": 132722000, "depreciationAndAmortization": 260076000, "ebitda": 630201000, "ebitdaratio": 0.1725946811, "operatingIncome": 442435000, "operatingIncomeRatio": 0.1211707499, "totalOtherIncomeExpensesNet": -90818000, "incomeBeforeTax": 358187000, "incomeBeforeTaxRatio": 0.0980975451, "incomeTaxExpense": 29122000, "netIncome": 334906000, "netIncomeRatio": 0.091721521, "eps": 3.01, "epsdiluted": 3, "weightedAverageShsOut": 111182000, "weightedAverageShsOutDil": 111556000, "link": "https://www.sec.gov/Archives/edgar/data/915913/000091591316000041/0000915913-16-000041-index.htm", "finalLink": "https://www.sec.gov/Archives/edgar/data/915913/000091591316000041/a1231201510-kdocument.htm", "calculatedOtherExpenses": 139292000, "calculatedOperatingExpenses": 754437000, "calculatedNetInterest": -132722000, "calculatedOtherIncome": 48474000, "calculatedIncomeNonControlling": -5841000, "calculatedEbitda": 702511000}, {"date": "2014-12-31", "symbol": "ALB", "reportedCurrency": "USD", "cik": "0000915913", "fillingDate": "2015-03-02", "acceptedDate": "2015-02-27 18:56:38", "calendarYear": "2014", "period": "FY", "revenue": 2445548000, "costOfRevenue": 1674700000, "grossProfit": 770848000, "grossProfitRatio": 0.3152046085, "researchAndDevelopmentExpenses": 88310000, "generalAndAdministrativeExpenses": 0, "sellingAndMarketingExpenses": 0, "sellingGeneralAndAdministrativeExpenses": 355135000, "otherExpenses": -16761000, "operatingExpenses": 443445000, "costAndExpenses": 2118145000, "interestIncome": 0, "interestExpense": 41358000, "depreciationAndAmortization": 103572000, "ebitda": 310642000, "ebitdaratio": 0.1270234729, "operatingIncome": 271298000, "operatingIncomeRatio": 0.1109354631, "totalOtherIncomeExpensesNet": -72866000, "incomeBeforeTax": 213179000, "incomeBeforeTaxRatio": 0.0871702375, "incomeTaxExpense": 18484000, "netIncome": 133316000, "netIncomeRatio": 0.0545137532, "eps": 1.69, "epsdiluted": 1.69, "weightedAverageShsOut": 78696000, "weightedAverageShsOutDil": 79102000, "link": "https://www.sec.gov/Archives/edgar/data/915913/000091591315000009/0000915913-15-000009-index.htm", "finalLink": "https://www.sec.gov/Archives/edgar/data/915913/000091591315000009/a1231201410-kdocument.htm", "calculatedOtherExpenses": 56105000, "calculatedOperatingExpenses": 499550000, "calculatedNetInterest": -41358000, "calculatedOtherIncome": -16761000, "calculatedIncomeNonControlling": 61379000, "calculatedEbitda": 374870000}, {"date": "2013-12-31", "symbol": "ALB", "reportedCurrency": "USD", "cik": "0000915913", "fillingDate": "2014-02-25", "acceptedDate": "2014-02-25 17:24:49", "calendarYear": "2013", "period": "FY", "revenue": 2616416000, "costOfRevenue": 1755011000, "grossProfit": 861405000, "grossProfitRatio": 0.3292309021, "researchAndDevelopmentExpenses": 82246000, "generalAndAdministrativeExpenses": 0, "sellingAndMarketingExpenses": 0, "sellingGeneralAndAdministrativeExpenses": 162889000, "otherExpenses": -6923000, "operatingExpenses": 245135000, "costAndExpenses": 2000146000, "interestIncome": 0, "interestExpense": 31559000, "depreciationAndAmortization": 107370000, "ebitda": 609347000, "ebitdaratio": 0.2328937753, "operatingIncome": 582909000, "operatingIncomeRatio": 0.222789113, "totalOtherIncomeExpensesNet": -40284000, "incomeBeforeTax": 544427000, "incomeBeforeTaxRatio": 0.2080812073, "incomeTaxExpense": 136322000, "netIncome": 413171000, "netIncomeRatio": 0.1579148729, "eps": 4.93, "epsdiluted": 4.9, "weightedAverageShsOut": 83839000, "weightedAverageShsOutDil": 84322000, "link": "https://www.sec.gov/Archives/edgar/data/915913/000091591314000008/0000915913-14-000008-index.htm", "finalLink": "https://www.sec.gov/Archives/edgar/data/915913/000091591314000008/a1231201310k.htm", "calculatedOtherExpenses": 33361000, "calculatedOperatingExpenses": 278496000, "calculatedNetInterest": -31559000, "calculatedOtherIncome": -6923000, "calculatedIncomeNonControlling": -5066000, "calculatedEbitda": 690279000}, {"date": "2012-12-31", "symbol": "ALB", "reportedCurrency": "USD", "cik": "0000915913", "fillingDate": "2013-02-15", "acceptedDate": "2013-02-15 16:16:57", "calendarYear": "2012", "period": "FY", "revenue": 2745420000, "costOfRevenue": 1835425000, "grossProfit": 909995000, "grossProfitRatio": 0.3314593031, "researchAndDevelopmentExpenses": 78919000, "generalAndAdministrativeExpenses": 0, "sellingAndMarketingExpenses": 0, "sellingGeneralAndAdministrativeExpenses": 313227000, "otherExpenses": 1229000, "operatingExpenses": 392146000, "costAndExpenses": 2227571000, "interestIncome": 0, "interestExpense": 32800000, "depreciationAndAmortization": 99020000, "ebitda": 519078000, "ebitdaratio": 0.1890705247, "operatingIncome": 406164000, "operatingIncomeRatio": 0.1479423913, "totalOtherIncomeExpensesNet": -110456000, "incomeBeforeTax": 374593000, "incomeBeforeTaxRatio": 0.1364428758, "incomeTaxExpense": 82533000, "netIncome": 311536000, "netIncomeRatio": 0.1134748053, "eps": 3.49, "epsdiluted": 3.47, "weightedAverageShsOut": 89189000, "weightedAverageShsOutDil": 89884000, "link": "https://www.sec.gov/Archives/edgar/data/915913/000119312513062728/0001193125-13-062728-index.htm", "finalLink": "https://www.sec.gov/Archives/edgar/data/915913/000119312513062728/d437520d10k.htm", "calculatedOtherExpenses": 111685000, "calculatedOperatingExpenses": 503831000, "calculatedNetInterest": -32800000, "calculatedOtherIncome": 1229000, "calculatedIncomeNonControlling": -19476000, "calculatedEbitda": 505184000}, {"date": "2011-12-31", "symbol": "ALB", "reportedCurrency": "USD", "cik": "0000915913", "fillingDate": "2012-02-22", "acceptedDate": "2012-02-22 11:36:14", "calendarYear": "2011", "period": "FY", "revenue": 2869005000, "costOfRevenue": 1891946000, "grossProfit": 977059000, "grossProfitRatio": 0.3405567435, "researchAndDevelopmentExpenses": 77083000, "generalAndAdministrativeExpenses": 0, "sellingAndMarketingExpenses": 0, "sellingGeneralAndAdministrativeExpenses": 312136000, "otherExpenses": 0, "operatingExpenses": 389219000, "costAndExpenses": 2281165000, "interestIncome": 0, "interestExpense": 37574000, "depreciationAndAmortization": 96753000, "ebitda": 684593000, "ebitdaratio": 0.2386168724, "operatingIncome": 587840000, "operatingIncomeRatio": 0.2048933341, "totalOtherIncomeExpensesNet": 357000, "incomeBeforeTax": 550623000, "incomeBeforeTaxRatio": 0.191921241, "incomeTaxExpense": -130014000, "netIncome": 436280000, "netIncomeRatio": 0.1520666573, "eps": 4.82, "epsdiluted": 4.77, "weightedAverageShsOut": 90522000, "weightedAverageShsOutDil": 91522000, "link": "https://www.sec.gov/Archives/edgar/data/915913/000119312512071957/0001193125-12-071957-index.htm", "finalLink": "https://www.sec.gov/Archives/edgar/data/915913/000119312512071957/d260152d10k.htm", "calculatedOtherExpenses": 0, "calculatedOperatingExpenses": 389219000, "calculatedNetInterest": -37574000, "calculatedOtherIncome": 357000, "calculatedIncomeNonControlling": 244357000, "calculatedEbitda": 684593000}, {"date": "2010-12-31", "symbol": "ALB", "reportedCurrency": "USD", "cik": "0000915913", "fillingDate": "2011-02-25", "acceptedDate": "2011-02-25 16:10:25", "calendarYear": "2010", "period": "FY", "revenue": 2362764000, "costOfRevenue": 1616842000, "grossProfit": 745922000, "grossProfitRatio": 0.3156989018, "researchAndDevelopmentExpenses": 58394000, "generalAndAdministrativeExpenses": 0, "sellingAndMarketingExpenses": 0, "sellingGeneralAndAdministrativeExpenses": 265722000, "otherExpenses": 0, "operatingExpenses": 324116000, "costAndExpenses": 1940958000, "interestIncome": 0, "interestExpense": 25533000, "depreciationAndAmortization": 95578000, "ebitda": 421806000, "ebitdaratio": 0.1785222731, "operatingIncome": 414848000, "operatingIncomeRatio": 0.175577417, "totalOtherIncomeExpensesNet": -4170000, "incomeBeforeTax": 392103000, "incomeBeforeTaxRatio": 0.1659509794, "incomeTaxExpense": 92719000, "netIncome": 323720000, "netIncomeRatio": 0.1370090284, "eps": 3.54, "epsdiluted": 3.51, "weightedAverageShsOut": 91393000, "weightedAverageShsOutDil": 92184000, "link": "https://www.sec.gov/Archives/edgar/data/915913/000119312511047404/0001193125-11-047404-index.htm", "finalLink": "https://www.sec.gov/Archives/edgar/data/915913/000119312511047404/d10k.htm", "calculatedOtherExpenses": 6958000, "calculatedOperatingExpenses": 331074000, "calculatedNetInterest": -25533000, "calculatedOtherIncome": 2788000, "calculatedIncomeNonControlling": -24336000, "calculatedEbitda": 510426000}, {"date": "2009-12-31", "symbol": "ALB", "reportedCurrency": "USD", "cik": "0000915913", "fillingDate": "2010-02-26", "acceptedDate": "2010-02-26 15:24:41", "calendarYear": "2009", "period": "FY", "revenue": 2005394000, "costOfRevenue": 1521532000, "grossProfit": 483862000, "grossProfitRatio": 0.2412802671, "researchAndDevelopmentExpenses": 60918000, "generalAndAdministrativeExpenses": 0, "sellingAndMarketingExpenses": 0, "sellingGeneralAndAdministrativeExpenses": 225021000, "otherExpenses": 12393000, "operatingExpenses": 285939000, "costAndExpenses": 1807471000, "interestIncome": 0, "interestExpense": 24584000, "depreciationAndAmortization": 100513000, "ebitda": 197923000, "ebitdaratio": 0.0986953187, "operatingIncome": 186280000, "operatingIncomeRatio": 0.0928894771, "totalOtherIncomeExpensesNet": -13066000, "incomeBeforeTax": 160273000, "incomeBeforeTaxRatio": 0.0799209532, "incomeTaxExpense": -7028000, "netIncome": 178368000, "netIncomeRatio": 0.0889441177, "eps": 1.95, "epsdiluted": 1.94, "weightedAverageShsOut": 91512000, "weightedAverageShsOutDil": 92046000, "link": "https://www.sec.gov/Archives/edgar/data/915913/000119312510042722/0001193125-10-042722-index.htm", "finalLink": "https://www.sec.gov/Archives/edgar/data/915913/000119312510042722/d10k.htm", "calculatedOtherExpenses": 11643000, "calculatedOperatingExpenses": 297582000, "calculatedNetInterest": -24584000, "calculatedOtherIncome": -1423000, "calculatedIncomeNonControlling": -11067000, "calculatedEbitda": 286793000}, {"date": "2008-12-31", "symbol": "ALB", "reportedCurrency": "USD", "cik": "0000915913", "fillingDate": "2009-02-27", "acceptedDate": "2009-02-27 14:29:20", "calendarYear": "2008", "period": "FY", "revenue": 2467115000, "costOfRevenue": 1859441000, "grossProfit": 607674000, "grossProfitRatio": 0.2463095559, "researchAndDevelopmentExpenses": 67292000, "generalAndAdministrativeExpenses": 0, "sellingAndMarketingExpenses": 0, "sellingGeneralAndAdministrativeExpenses": 255132000, "otherExpenses": 0, "operatingExpenses": 360968000, "costAndExpenses": 2220409000, "interestIncome": 183400, "interestExpense": 38175000, "depreciationAndAmortization": 111685000, "ebitda": 246706000, "ebitdaratio": 0.0999977707, "operatingIncome": 220917000, "operatingIncomeRatio": 0.0895446706, "totalOtherIncomeExpensesNet": -25188000, "incomeBeforeTax": 183343000, "incomeBeforeTaxRatio": 0.074314736, "incomeTaxExpense": -6539000, "netIncome": 194202000, "netIncomeRatio": 0.0787162333, "eps": 2.13, "epsdiluted": 2.1, "weightedAverageShsOut": 91338000, "weightedAverageShsOutDil": 92530000, "link": "https://www.sec.gov/Archives/edgar/data/915913/000119312509040740/0001193125-09-040740-index.htm", "finalLink": "https://www.sec.gov/Archives/edgar/data/915913/000119312509040740/d10k.htm", "calculatedOtherExpenses": 64333000, "calculatedOperatingExpenses": 386757000, "calculatedNetInterest": -37991600, "calculatedOtherIncome": 417600, "calculatedIncomeNonControlling": -4320000, "calculatedEbitda": 332602000}, {"date": "2007-12-31", "symbol": "ALB", "reportedCurrency": "USD", "cik": "0000915913", "fillingDate": "2008-02-29", "acceptedDate": "2008-02-28 19:07:03", "calendarYear": "2007", "period": "FY", "revenue": 2336187000, "costOfRevenue": 1713696000, "grossProfit": 622491000, "grossProfitRatio": 0.2664559815, "researchAndDevelopmentExpenses": 62691000, "generalAndAdministrativeExpenses": 0, "sellingAndMarketingExpenses": 0, "sellingGeneralAndAdministrativeExpenses": 244969000, "otherExpenses": 0, "operatingExpenses": 307660000, "costAndExpenses": 2021356000, "interestIncome": 277800, "interestExpense": -38300, "depreciationAndAmortization": 106855000, "ebitda": 420366000, "ebitdaratio": 0.1799367944, "operatingIncome": 284768000, "operatingIncomeRatio": 0.1218943518, "totalOtherIncomeExpensesNet": 25901000, "incomeBeforeTax": 277819000, "incomeBeforeTaxRatio": 0.1189198467, "incomeTaxExpense": 55078000, "netIncome": 229690000, "netIncomeRatio": 0.0983183281, "eps": 2.41, "epsdiluted": 2.36, "weightedAverageShsOut": 95254000, "weightedAverageShsOutDil": 97216000, "link": "https://www.sec.gov/Archives/edgar/data/915913/000119312508042183/0001193125-08-042183-index.htm", "finalLink": "https://www.sec.gov/Archives/edgar/data/915913/000119312508042183/d10k.htm", "calculatedOtherExpenses": 30063000, "calculatedOperatingExpenses": 337723000, "calculatedNetInterest": 316100, "calculatedOtherIncome": -7265100, "calculatedIncomeNonControlling": -6949000, "calculatedEbitda": 391623000}, {"date": "2006-12-31", "symbol": "ALB", "reportedCurrency": "USD", "cik": "0000915913", "fillingDate": "2007-03-01", "acceptedDate": "2007-03-01 14:20:37", "calendarYear": "2006", "period": "FY", "revenue": 2368506000, "costOfRevenue": 1817692000, "grossProfit": 550814000, "grossProfitRatio": 0.23255757, "researchAndDevelopmentExpenses": 46299000, "generalAndAdministrativeExpenses": 0, "sellingAndMarketingExpenses": 0, "sellingGeneralAndAdministrativeExpenses": 237856000, "otherExpenses": 0, "operatingExpenses": 284155000, "costAndExpenses": 2101847000, "interestIncome": 133400, "interestExpense": -44000, "depreciationAndAmortization": 112950000, "ebitda": 468918000, "ebitdaratio": 0.1979804991, "operatingIncome": 145161000, "operatingIncomeRatio": 0.0612880018, "totalOtherIncomeExpensesNet": -64276000, "incomeBeforeTax": 133386000, "incomeBeforeTaxRatio": 0.0563165134, "incomeTaxExpense": 2192000, "netIncome": 142969000, "netIncomeRatio": 0.0603625239, "eps": 1.51, "epsdiluted": 1.47, "weightedAverageShsOut": 94624000, "weightedAverageShsOutDil": 97136000, "link": "https://www.sec.gov/Archives/edgar/data/915913/000119312507044118/0001193125-07-044118-index.htm", "finalLink": "https://www.sec.gov/Archives/edgar/data/915913/000119312507044118/d10k.htm", "calculatedOtherExpenses": 121498000, "calculatedOperatingExpenses": 405653000, "calculatedNetInterest": 177400, "calculatedOtherIncome": -11952400, "calculatedIncomeNonControlling": -11775000, "calculatedEbitda": 258111000}, {"date": "2005-12-31", "symbol": "ALB", "reportedCurrency": "USD", "cik": "0000915913", "fillingDate": "2005-12-31", "acceptedDate": "2005-12-31 00:00:00", "calendarYear": "2005", "period": "FY", "revenue": 2107499000, "costOfRevenue": 1684101000, "grossProfit": 423398000, "grossProfitRatio": 0.2009006884, "researchAndDevelopmentExpenses": 41675000, "generalAndAdministrativeExpenses": 0, "sellingAndMarketingExpenses": 0, "sellingGeneralAndAdministrativeExpenses": 219725000, "otherExpenses": -1898000, "operatingExpenses": 259502000, "costAndExpenses": 1943603000, "interestIncome": 0, "interestExpense": 0, "depreciationAndAmortization": 117435000, "ebitda": 277920000, "ebitdaratio": 0.1318719487, "operatingIncome": 142460000, "operatingIncomeRatio": 0.0675967106, "totalOtherIncomeExpensesNet": 29902000, "incomeBeforeTax": 149929000, "incomeBeforeTaxRatio": 0.0711407218, "incomeTaxExpense": 27593000, "netIncome": 114867000, "netIncomeRatio": 0.0545039405, "eps": 1.24, "epsdiluted": 1.2, "weightedAverageShsOut": 92696000, "weightedAverageShsOutDil": 95495000, "link": null, "finalLink": null, "calculatedOtherExpenses": 19538000, "calculatedOperatingExpenses": 280938000, "calculatedNetInterest": 0, "calculatedOtherIncome": 7469000, "calculatedIncomeNonControlling": 7469000, "calculatedEbitda": 259895000}, {"date": "2004-12-31", "symbol": "ALB", "reportedCurrency": "USD", "cik": "0000915913", "fillingDate": "2005-03-14", "acceptedDate": "2005-03-14 16:38:55", "calendarYear": "2004", "period": "FY", "revenue": 1513737000, "costOfRevenue": 1201388000, "grossProfit": 312349000, "grossProfitRatio": 0.2063429777, "researchAndDevelopmentExpenses": 31273000, "generalAndAdministrativeExpenses": 0, "sellingAndMarketingExpenses": 0, "sellingGeneralAndAdministrativeExpenses": 157737000, "otherExpenses": 4858000, "operatingExpenses": 193868000, "costAndExpenses": 1395256000, "interestIncome": 0, "interestExpense": 0, "depreciationAndAmortization": 97268000, "ebitda": 254301000, "ebitdaratio": 0.1679954972, "operatingIncome": 71844000, "operatingIncomeRatio": 0.047461349, "totalOtherIncomeExpensesNet": -34145000, "incomeBeforeTax": 71844000, "incomeBeforeTaxRatio": 0.047461349, "incomeTaxExpense": 17005000, "netIncome": 54839000, "netIncomeRatio": 0.0362275613, "eps": 0.66, "epsdiluted": 0.65, "weightedAverageShsOut": 83134000, "weightedAverageShsOutDil": 85054000, "link": "https://www.sec.gov/Archives/edgar/data/915913/000119312505049532/0001193125-05-049532-index.htm", "finalLink": "https://www.sec.gov/Archives/edgar/data/915913/000119312505049532/d10k.htm", "calculatedOtherExpenses": 51495000, "calculatedOperatingExpenses": 240505000, "calculatedNetInterest": 0, "calculatedOtherIncome": 0, "calculatedIncomeNonControlling": 0, "calculatedEbitda": 169112000}, {"date": "2003-12-31", "symbol": "ALB", "reportedCurrency": "USD", "cik": "0000915913", "fillingDate": "2004-03-01", "acceptedDate": "2004-03-01 16:27:21", "calendarYear": "2003", "period": "FY", "revenue": 1110237000, "costOfRevenue": 871727000, "grossProfit": 238510000, "grossProfitRatio": 0.2148280052, "researchAndDevelopmentExpenses": 18411000, "generalAndAdministrativeExpenses": 0, "sellingAndMarketingExpenses": 0, "sellingGeneralAndAdministrativeExpenses": 117226000, "otherExpenses": 10049000, "operatingExpenses": 145686000, "costAndExpenses": 1017413000, "interestIncome": 0, "interestExpense": 0, "depreciationAndAmortization": 84014000, "ebitda": 186280000, "ebitdaratio": 0.1677839957, "operatingIncome": 85835000, "operatingIncomeRatio": 0.0773123216, "totalOtherIncomeExpensesNet": -9442000, "incomeBeforeTax": 88055000, "incomeBeforeTaxRatio": 0.0793118947, "incomeTaxExpense": 13890000, "netIncome": 71945000, "netIncomeRatio": 0.0648014793, "eps": 0.87, "epsdiluted": 0.86, "weightedAverageShsOut": 82510000, "weightedAverageShsOutDil": 84292000, "link": "https://www.sec.gov/Archives/edgar/data/915913/000119312504032296/0001193125-04-032296-index.htm", "finalLink": "https://www.sec.gov/Archives/edgar/data/915913/000119312504032296/d10k.htm", "calculatedOtherExpenses": 17038000, "calculatedOperatingExpenses": 152675000, "calculatedNetInterest": 0, "calculatedOtherIncome": 2220000, "calculatedIncomeNonControlling": 2220000, "calculatedEbitda": 169849000}, {"date": "2002-12-31", "symbol": "ALB", "reportedCurrency": "USD", "cik": "0000915913", "fillingDate": "2003-02-26", "acceptedDate": "2003-02-26 16:35:47", "calendarYear": "2002", "period": "FY", "revenue": 980215000, "costOfRevenue": 744979000, "grossProfit": 235236000, "grossProfitRatio": 0.2399840851, "researchAndDevelopmentExpenses": 16485000, "generalAndAdministrativeExpenses": 0, "sellingAndMarketingExpenses": 0, "sellingGeneralAndAdministrativeExpenses": 111676000, "otherExpenses": 1550000, "operatingExpenses": 129711000, "costAndExpenses": 874690000, "interestIncome": 0, "interestExpense": 0, "depreciationAndAmortization": 80603000, "ebitda": 184320000, "ebitdaratio": 0.1880403789, "operatingIncome": 103813000, "operatingIncomeRatio": 0.1059083976, "totalOtherIncomeExpensesNet": 1808000, "incomeBeforeTax": 103813000, "incomeBeforeTaxRatio": 0.1059083976, "incomeTaxExpense": 29068000, "netIncome": 74745000, "netIncomeRatio": 0.076253679, "eps": 0.87, "epsdiluted": 0.85, "weightedAverageShsOut": 84208000, "weightedAverageShsOutDil": 86274000, "link": "https://www.sec.gov/Archives/edgar/data/915913/000091664103000375/0000916641-03-000375-index.htm", "finalLink": "https://www.sec.gov/Archives/edgar/data/915913/000091664103000375/d10k.htm", "calculatedOtherExpenses": 3262000, "calculatedOperatingExpenses": 131423000, "calculatedNetInterest": 0, "calculatedOtherIncome": 0, "calculatedIncomeNonControlling": 0, "calculatedEbitda": 184416000}, {"date": "2001-12-31", "symbol": "ALB", "reportedCurrency": "USD", "cik": "0000915913", "fillingDate": "2002-02-27", "acceptedDate": "2002-02-27 00:00:00", "calendarYear": "2001", "period": "FY", "revenue": 916899000, "costOfRevenue": 695564000, "grossProfit": 221335000, "grossProfitRatio": 0.2413951809, "researchAndDevelopmentExpenses": 21919000, "generalAndAdministrativeExpenses": 0, "sellingAndMarketingExpenses": 0, "sellingGeneralAndAdministrativeExpenses": 98915000, "otherExpenses": 2051000, "operatingExpenses": 122885000, "costAndExpenses": 818449000, "interestIncome": 0, "interestExpense": 0, "depreciationAndAmortization": 77610000, "ebitda": 173829000, "ebitdaratio": 0.1895835855, "operatingIncome": 97196000, "operatingIncomeRatio": 0.1060051325, "totalOtherIncomeExpensesNet": 2231000, "incomeBeforeTax": 97196000, "incomeBeforeTaxRatio": 0.1060051325, "incomeTaxExpense": 29029000, "netIncome": 68167000, "netIncomeRatio": 0.0743451569, "eps": 0.75, "epsdiluted": 0.74, "weightedAverageShsOut": 91532000, "weightedAverageShsOutDil": 93048000, "link": "https://www.sec.gov/Archives/edgar/data/915913/000091591302000011/0000915913-02-000011-index.htm", "finalLink": "https://www.sec.gov/Archives/edgar/data/915913/000091591302000011/albemarle10k2001.txt", "calculatedOtherExpenses": 3305000, "calculatedOperatingExpenses": 124139000, "calculatedNetInterest": 0, "calculatedOtherIncome": 0, "calculatedIncomeNonControlling": 0, "calculatedEbitda": 174806000}, {"date": "2000-12-31", "symbol": "ALB", "reportedCurrency": "USD", "cik": "0000915913", "fillingDate": "2001-02-28", "acceptedDate": "2001-02-28 00:00:00", "calendarYear": "2000", "period": "FY", "revenue": 917549000, "costOfRevenue": 646086000, "grossProfit": 271463000, "grossProfitRatio": 0.295856679, "researchAndDevelopmentExpenses": 26201000, "generalAndAdministrativeExpenses": 0, "sellingAndMarketingExpenses": 0, "sellingGeneralAndAdministrativeExpenses": 103234000, "otherExpenses": -8134000, "operatingExpenses": 121301000, "costAndExpenses": 767387000, "interestIncome": 0, "interestExpense": 0, "depreciationAndAmortization": 73750000, "ebitda": 212441000, "ebitdaratio": 0.2315309591, "operatingIncome": 147501000, "operatingIncomeRatio": 0.1607554474, "totalOtherIncomeExpensesNet": 11471000, "incomeBeforeTax": 147501000, "incomeBeforeTaxRatio": 0.1607554474, "incomeTaxExpense": 45725000, "netIncome": 101776000, "netIncomeRatio": 0.1109215966, "eps": 1.11, "epsdiluted": 1.09, "weightedAverageShsOut": 91764000, "weightedAverageShsOutDil": 93212000, "link": "https://www.sec.gov/Archives/edgar/data/915913/000102140801001419/0001021408-01-001419-index.htm", "finalLink": "https://www.sec.gov/Archives/edgar/data/915913/000102140801001419/0001021408-01-001419-0001.txt", "calculatedOtherExpenses": -5473000, "calculatedOperatingExpenses": 123962000, "calculatedNetInterest": 0, "calculatedOtherIncome": 0, "calculatedIncomeNonControlling": 0, "calculatedEbitda": 221251000}, {"date": "1999-12-31", "symbol": "ALB", "reportedCurrency": "USD", "cik": "0000915913", "fillingDate": "2000-03-22", "acceptedDate": "2000-03-22 00:00:00", "calendarYear": "1999", "period": "FY", "revenue": 845925000, "costOfRevenue": 581380000, "grossProfit": 264545000, "grossProfitRatio": 0.3127286698, "researchAndDevelopmentExpenses": 34288000, "generalAndAdministrativeExpenses": 0, "sellingAndMarketingExpenses": 0, "sellingGeneralAndAdministrativeExpenses": 105439000, "otherExpenses": 10692000, "operatingExpenses": 150419000, "costAndExpenses": 731799000, "interestIncome": 0, "interestExpense": 0, "depreciationAndAmortization": 75750000, "ebitda": 177577000, "ebitdaratio": 0.2099205012, "operatingIncome": 128738000, "operatingIncomeRatio": 0.1521860685, "totalOtherIncomeExpensesNet": 12299000, "incomeBeforeTax": 128738000, "incomeBeforeTaxRatio": 0.1521860685, "incomeTaxExpense": 39909000, "netIncome": 88829000, "netIncomeRatio": 0.1050081272, "eps": 0.95, "epsdiluted": 0.94, "weightedAverageShsOut": 93778000, "weightedAverageShsOutDil": 95026000, "link": "https://www.sec.gov/Archives/edgar/data/915913/000091591300000003/0000915913-00-000003-index.html", "finalLink": "https://www.sec.gov/Archives/edgar/data/915913/000091591300000003/", "calculatedOtherExpenses": -3920000, "calculatedOperatingExpenses": 135807000, "calculatedNetInterest": 0, "calculatedOtherIncome": 0, "calculatedIncomeNonControlling": 0, "calculatedEbitda": 204488000}, {"date": "1998-12-31", "symbol": "ALB", "reportedCurrency": "USD", "cik": "0000915913", "fillingDate": "1999-03-11", "acceptedDate": "1999-03-11 00:00:00", "calendarYear": "1998", "period": "FY", "revenue": 820862000, "costOfRevenue": 560057000, "grossProfit": 260805000, "grossProfitRatio": 0.3177208837, "researchAndDevelopmentExpenses": 29655000, "generalAndAdministrativeExpenses": 0, "sellingAndMarketingExpenses": 0, "sellingGeneralAndAdministrativeExpenses": 105435000, "otherExpenses": 0, "operatingExpenses": 135090000, "costAndExpenses": 695147000, "interestIncome": 0, "interestExpense": 0, "depreciationAndAmortization": 75012000, "ebitda": 199157000, "ebitdaratio": 0.2426193441, "operatingIncome": 122798000, "operatingIncomeRatio": 0.1495963999, "totalOtherIncomeExpensesNet": 1570000, "incomeBeforeTax": 122798000, "incomeBeforeTaxRatio": 0.1495963999, "incomeTaxExpense": 38066000, "netIncome": 84732000, "netIncomeRatio": 0.1032231971, "eps": 0.82, "epsdiluted": 0.82, "weightedAverageShsOut": 103116000, "weightedAverageShsOutDil": 104272000, "link": "https://www.sec.gov/Archives/edgar/data/915913/000091591399000005/0000915913-99-000005-index.html", "finalLink": "https://www.sec.gov/Archives/edgar/data/915913/", "calculatedOtherExpenses": 2917000, "calculatedOperatingExpenses": 138007000, "calculatedNetInterest": 0, "calculatedOtherIncome": 0, "calculatedIncomeNonControlling": 0, "calculatedEbitda": 197810000}, {"date": "1997-12-31", "symbol": "ALB", "reportedCurrency": "USD", "cik": "0000915913", "fillingDate": "1998-03-20", "acceptedDate": "1998-03-20 00:00:00", "calendarYear": "1997", "period": "FY", "revenue": 829850000, "costOfRevenue": 568424000, "grossProfit": 261426000, "grossProfitRatio": 0.3150280171, "researchAndDevelopmentExpenses": 31446000, "generalAndAdministrativeExpenses": 0, "sellingAndMarketingExpenses": 0, "sellingGeneralAndAdministrativeExpenses": 109273000, "otherExpenses": 0, "operatingExpenses": 140719000, "costAndExpenses": 709143000, "interestIncome": 0, "interestExpense": 0, "depreciationAndAmortization": 69044000, "ebitda": 188834000, "ebitdaratio": 0.2275519672, "operatingIncome": 120905000, "operatingIncomeRatio": 0.1456950051, "totalOtherIncomeExpensesNet": 917000, "incomeBeforeTax": 120905000, "incomeBeforeTaxRatio": 0.1456950051, "incomeTaxExpense": 40923000, "netIncome": 79982000, "netIncomeRatio": 0.0963812737, "eps": 0.73, "epsdiluted": 0.72, "weightedAverageShsOut": 110344828, "weightedAverageShsOutDil": 111111111, "link": "https://www.sec.gov/Archives/edgar/data/915913/000091591398000004/0000915913-98-000004-index.html", "finalLink": "https://www.sec.gov/Archives/edgar/data/915913/", "calculatedOtherExpenses": -198000, "calculatedOperatingExpenses": 140521000, "calculatedNetInterest": 0, "calculatedOtherIncome": 0, "calculatedIncomeNonControlling": 0, "calculatedEbitda": 189949000}, {"date": "1996-12-31", "symbol": "ALB", "reportedCurrency": "USD", "cik": "0000915913", "fillingDate": "1997-03-27", "acceptedDate": "1997-03-27 00:00:00", "calendarYear": "1996", "period": "FY", "revenue": 854481000, "costOfRevenue": 611353000, "grossProfit": 243128000, "grossProfitRatio": 0.2845329504, "researchAndDevelopmentExpenses": 30442000, "generalAndAdministrativeExpenses": 0, "sellingAndMarketingExpenses": 0, "sellingGeneralAndAdministrativeExpenses": 119260000, "otherExpenses": 0, "operatingExpenses": 149702000, "costAndExpenses": 761055000, "interestIncome": 0, "interestExpense": 0, "depreciationAndAmortization": 71044000, "ebitda": 2288000, "ebitdaratio": 0.0026776488, "operatingIncome": 253079000, "operatingIncomeRatio": 0.296178616, "totalOtherIncomeExpensesNet": 162182000, "incomeBeforeTax": 253079000, "incomeBeforeTaxRatio": 0.296178616, "incomeTaxExpense": 97020000, "netIncome": 156059000, "netIncomeRatio": 0.1826360095, "eps": 1.33, "epsdiluted": 1.33, "weightedAverageShsOut": 117811321, "weightedAverageShsOutDil": 117811321, "link": "https://www.sec.gov/Archives/edgar/data/915913/000091664197000256/0000916641-97-000256-index.html", "finalLink": "https://www.sec.gov/Archives/edgar/data/915913/", "calculatedOtherExpenses": -159653000, "calculatedOperatingExpenses": -9951000, "calculatedNetInterest": 0, "calculatedOtherIncome": 0, "calculatedIncomeNonControlling": 0, "calculatedEbitda": 324123000}, {"date": "1995-12-31", "symbol": "ALB", "reportedCurrency": "USD", "cik": "0000915913", "fillingDate": "1995-12-31", "acceptedDate": "1995-12-31 00:00:00", "calendarYear": "1995", "period": "FY", "revenue": 1244200000, "costOfRevenue": 873100000, "grossProfit": 371100000, "grossProfitRatio": 0.2982639447, "researchAndDevelopmentExpenses": 29500000, "generalAndAdministrativeExpenses": 0, "sellingAndMarketingExpenses": 0, "sellingGeneralAndAdministrativeExpenses": 130500000, "otherExpenses": 94100000, "operatingExpenses": 254100000, "costAndExpenses": 1127200000, "interestIncome": 0, "interestExpense": 0, "depreciationAndAmortization": 94100000, "ebitda": 183200000, "ebitdaratio": 0.1472432085, "operatingIncome": 131600000, "operatingIncomeRatio": 0.1057707764, "totalOtherIncomeExpensesNet": 27900000, "incomeBeforeTax": 131600000, "incomeBeforeTaxRatio": 0.1057707764, "incomeTaxExpense": 53400000, "netIncome": 78200000, "netIncomeRatio": 0.0628516316, "eps": 0.59, "epsdiluted": 0.59, "weightedAverageShsOut": 132542373, "weightedAverageShsOutDil": 132542373, "link": null, "finalLink": null, "calculatedOtherExpenses": 79500000, "calculatedOperatingExpenses": 239500000, "calculatedNetInterest": 0, "calculatedOtherIncome": 0, "calculatedIncomeNonControlling": 0, "calculatedEbitda": 225700000}, {"date": "1994-12-31", "symbol": "ALB", "reportedCurrency": "USD", "cik": "0000915913", "fillingDate": "1994-12-31", "acceptedDate": "1994-12-31 00:00:00", "calendarYear": "1994", "period": "FY", "revenue": 1080900000, "costOfRevenue": 742100000, "grossProfit": 338800000, "grossProfitRatio": 0.3134425016, "researchAndDevelopmentExpenses": 28100000, "generalAndAdministrativeExpenses": 0, "sellingAndMarketingExpenses": 0, "sellingGeneralAndAdministrativeExpenses": 123500000, "otherExpenses": 93300000, "operatingExpenses": 244900000, "costAndExpenses": 987000000, "interestIncome": 0, "interestExpense": 0, "depreciationAndAmortization": 93300000, "ebitda": 177400000, "ebitdaratio": 0.1641224905, "operatingIncome": 89400000, "operatingIncomeRatio": 0.0827088537, "totalOtherIncomeExpensesNet": 9800000, "incomeBeforeTax": 89400000, "incomeBeforeTaxRatio": 0.0827088537, "incomeTaxExpense": 38100000, "netIncome": 51300000, "netIncomeRatio": 0.0474604496, "eps": 0.4, "epsdiluted": 0.4, "weightedAverageShsOut": 129873418, "weightedAverageShsOutDil": 129873418, "link": null, "finalLink": null, "calculatedOtherExpenses": 97800000, "calculatedOperatingExpenses": 249400000, "calculatedNetInterest": 0, "calculatedOtherIncome": 0, "calculatedIncomeNonControlling": 0, "calculatedEbitda": 182700000}, {"date": "1993-12-31", "symbol": "ALB", "reportedCurrency": "USD", "cik": "0000915913", "fillingDate": "1993-12-31", "acceptedDate": "1993-12-31 00:00:00", "calendarYear": "1993", "period": "FY", "revenue": 903400000, "costOfRevenue": 622500000, "grossProfit": 280900000, "grossProfitRatio": 0.3109364623, "researchAndDevelopmentExpenses": 0, "generalAndAdministrativeExpenses": 0, "sellingAndMarketingExpenses": 0, "sellingGeneralAndAdministrativeExpenses": 143800000, "otherExpenses": 88500000, "operatingExpenses": 232300000, "costAndExpenses": 854800000, "interestIncome": 0, "interestExpense": 0, "depreciationAndAmortization": 88500000, "ebitda": 135500000, "ebitdaratio": 0.1499889307, "operatingIncome": 42500000, "operatingIncomeRatio": 0.0470444986, "totalOtherIncomeExpensesNet": 1600000, "incomeBeforeTax": 42500000, "incomeBeforeTaxRatio": 0.0470444986, "incomeTaxExpense": 20700000, "netIncome": 21800000, "netIncomeRatio": 0.0241310604, "eps": 0.19, "epsdiluted": 0.19, "weightedAverageShsOut": 117837838, "weightedAverageShsOutDil": 117837838, "link": null, "finalLink": null, "calculatedOtherExpenses": 94600000, "calculatedOperatingExpenses": 238400000, "calculatedNetInterest": 0, "calculatedOtherIncome": 0, "calculatedIncomeNonControlling": 0, "calculatedEbitda": 131000000}]}