{"originalCurrency": "USD", "convertedCurrency": "USD", "report": [{"date": "2023-12-31", "symbol": "ALE", "reportedCurrency": "USD", "cik": "0000066756", "fillingDate": "2024-02-20", "acceptedDate": "2024-02-20 06:05:44", "calendarYear": "2023", "period": "FY", "revenue": 1879800000, "costOfRevenue": 1641700000, "grossProfit": 238100000, "grossProfitRatio": 0.1266624109, "researchAndDevelopmentExpenses": 0, "generalAndAdministrativeExpenses": 0, "sellingAndMarketingExpenses": 0, "sellingGeneralAndAdministrativeExpenses": 8900000, "otherExpenses": -57200000, "operatingExpenses": 57200000, "costAndExpenses": 1698900000, "interestIncome": 10300000, "interestExpense": 80800000, "depreciationAndAmortization": 251800000, "ebitda": 432700000, "ebitdaratio": 0.2301840621, "operatingIncome": 180900000, "operatingIncomeRatio": 0.0962336419, "totalOtherIncomeExpensesNet": 25900000, "incomeBeforeTax": 206800000, "incomeBeforeTaxRatio": 0.1100117034, "incomeTaxExpense": 27900000, "netIncome": 247100000, "netIncomeRatio": 0.1314501543, "eps": 4.31, "epsdiluted": 4.3, "weightedAverageShsOut": 57300000, "weightedAverageShsOutDil": 57400000, "link": "https://www.sec.gov/Archives/edgar/data/66756/000006675624000007/0000066756-24-000007-index.htm", "finalLink": "https://www.sec.gov/Archives/edgar/data/66756/000006675624000007/ale-20231231.htm", "calculatedOtherExpenses": 48300000, "calculatedOperatingExpenses": 57200000, "calculatedNetInterest": -70500000, "calculatedOtherIncome": 96400000, "calculatedIncomeNonControlling": -68200000, "calculatedEbitda": 432700000}, {"date": "2022-12-31", "symbol": "ALE", "reportedCurrency": "USD", "cik": "0000066756", "fillingDate": "2023-02-16", "acceptedDate": "2023-02-15 18:08:58", "calendarYear": "2022", "period": "FY", "revenue": 1570700000, "costOfRevenue": 1123900000, "grossProfit": 446800000, "grossProfitRatio": 0.2844591583, "researchAndDevelopmentExpenses": 0, "generalAndAdministrativeExpenses": 0, "sellingAndMarketingExpenses": 0, "sellingGeneralAndAdministrativeExpenses": 9800000, "otherExpenses": 312600000, "operatingExpenses": 312600000, "costAndExpenses": 1436500000, "interestIncome": 75200000, "interestExpense": 75200000, "depreciationAndAmortization": 288700000, "ebitda": 422900000, "ebitdaratio": 0.2692430127, "operatingIncome": 134200000, "operatingIncomeRatio": 0.0854396129, "totalOtherIncomeExpensesNet": -34100000, "incomeBeforeTax": 100100000, "incomeBeforeTaxRatio": 0.0637295473, "incomeTaxExpense": -31200000, "netIncome": 131300000, "netIncomeRatio": 0.0835933023, "eps": 2.35, "epsdiluted": 2.34, "weightedAverageShsOut": 55900000, "weightedAverageShsOutDil": 56000000, "link": "https://www.sec.gov/Archives/edgar/data/66756/000006675623000005/0000066756-23-000005-index.htm", "finalLink": "https://www.sec.gov/Archives/edgar/data/66756/000006675623000005/ale-20221231.htm", "calculatedOtherExpenses": 302800000, "calculatedOperatingExpenses": 312600000, "calculatedNetInterest": 0, "calculatedOtherIncome": -34100000, "calculatedIncomeNonControlling": 0, "calculatedEbitda": 422900000}, {"date": "2021-12-31", "symbol": "ALE", "reportedCurrency": "USD", "cik": "0000066756", "fillingDate": "2022-02-16", "acceptedDate": "2022-02-15 17:41:34", "calendarYear": "2021", "period": "FY", "revenue": 1419200000, "costOfRevenue": 965700000, "grossProfit": 453500000, "grossProfitRatio": 0.3195462232, "researchAndDevelopmentExpenses": 0, "generalAndAdministrativeExpenses": 0, "sellingAndMarketingExpenses": 0, "sellingGeneralAndAdministrativeExpenses": 6100000, "otherExpenses": 302200000, "operatingExpenses": 302200000, "costAndExpenses": 1267900000, "interestIncome": 2300000, "interestExpense": 69100000, "depreciationAndAmortization": 267500000, "ebitda": 418800000, "ebitdaratio": 0.2950958286, "operatingIncome": 151300000, "operatingIncomeRatio": 0.1066093574, "totalOtherIncomeExpensesNet": -40400000, "incomeBeforeTax": 110900000, "incomeBeforeTaxRatio": 0.0781426156, "incomeTaxExpense": -26900000, "netIncome": 169200000, "netIncomeRatio": 0.119222097, "eps": 3.23, "epsdiluted": 3.22, "weightedAverageShsOut": 52400000, "weightedAverageShsOutDil": 52500000, "link": "https://www.sec.gov/Archives/edgar/data/66756/000006675622000014/0000066756-22-000014-index.htm", "finalLink": "https://www.sec.gov/Archives/edgar/data/66756/000006675622000014/ale-20211231.htm", "calculatedOtherExpenses": 296100000, "calculatedOperatingExpenses": 302200000, "calculatedNetInterest": -66800000, "calculatedOtherIncome": 26400000, "calculatedIncomeNonControlling": -31400000, "calculatedEbitda": 418800000}, {"date": "2020-12-31", "symbol": "ALE", "reportedCurrency": "USD", "cik": "0000066756", "fillingDate": "2021-02-17", "acceptedDate": "2021-02-16 18:14:10", "calendarYear": "2020", "period": "FY", "revenue": 1169100000, "costOfRevenue": 744300000, "grossProfit": 424800000, "grossProfitRatio": 0.363356428, "researchAndDevelopmentExpenses": 0, "generalAndAdministrativeExpenses": 0, "sellingAndMarketingExpenses": 0, "sellingGeneralAndAdministrativeExpenses": 8600000, "otherExpenses": 273900000, "operatingExpenses": 273900000, "costAndExpenses": 1018200000, "interestIncome": 1600000, "interestExpense": 65600000, "depreciationAndAmortization": 262600000, "ebitda": 413500000, "ebitdaratio": 0.3536908733, "operatingIncome": 150900000, "operatingIncomeRatio": 0.1290736464, "totalOtherIncomeExpensesNet": -28800000, "incomeBeforeTax": 122100000, "incomeBeforeTaxRatio": 0.1044393123, "incomeTaxExpense": -39500000, "netIncome": 174200000, "netIncomeRatio": 0.149003507, "eps": 3.36, "epsdiluted": 3.36, "weightedAverageShsOut": 51900000, "weightedAverageShsOutDil": 51900000, "link": "https://www.sec.gov/Archives/edgar/data/66756/000006675621000025/0000066756-21-000025-index.htm", "finalLink": "https://www.sec.gov/Archives/edgar/data/66756/000006675621000025/ale-20201231.htm", "calculatedOtherExpenses": 265300000, "calculatedOperatingExpenses": 273900000, "calculatedNetInterest": -64000000, "calculatedOtherIncome": 35200000, "calculatedIncomeNonControlling": -12600000, "calculatedEbitda": 413500000}, {"date": "2019-12-31", "symbol": "ALE", "reportedCurrency": "USD", "cik": "0000066756", "fillingDate": "2020-02-13", "acceptedDate": "2020-02-12 18:39:52", "calendarYear": "2019", "period": "FY", "revenue": 1240500000, "costOfRevenue": 805400000, "grossProfit": 435100000, "grossProfitRatio": 0.3507456671, "researchAndDevelopmentExpenses": 0, "generalAndAdministrativeExpenses": 0, "sellingAndMarketingExpenses": 0, "sellingGeneralAndAdministrativeExpenses": 7700000, "otherExpenses": 255300000, "operatingExpenses": 255300000, "costAndExpenses": 1060700000, "interestIncome": 4400000, "interestExpense": 64900000, "depreciationAndAmortization": 249600000, "ebitda": 429400000, "ebitdaratio": 0.3461507457, "operatingIncome": 179800000, "operatingIncomeRatio": 0.1449415558, "totalOtherIncomeExpensesNet": -900000, "incomeBeforeTax": 178900000, "incomeBeforeTaxRatio": 0.1442160419, "incomeTaxExpense": -6600000, "netIncome": 185600000, "netIncomeRatio": 0.1496170899, "eps": 3.6, "epsdiluted": 3.59, "weightedAverageShsOut": 51600000, "weightedAverageShsOutDil": 51700000, "link": "https://www.sec.gov/Archives/edgar/data/66756/000006675620000016/0000066756-20-000016-index.htm", "finalLink": "https://www.sec.gov/Archives/edgar/data/66756/000006675620000016/ale12312019-10k.htm", "calculatedOtherExpenses": 247600000, "calculatedOperatingExpenses": 255300000, "calculatedNetInterest": -60500000, "calculatedOtherIncome": 59600000, "calculatedIncomeNonControlling": -100000, "calculatedEbitda": 429400000}, {"date": "2018-12-31", "symbol": "ALE", "reportedCurrency": "USD", "cik": "0000066756", "fillingDate": "2019-02-14", "acceptedDate": "2019-02-13 17:43:05", "calendarYear": "2018", "period": "FY", "revenue": 1498600000, "costOfRevenue": 1035900000, "grossProfit": 462700000, "grossProfitRatio": 0.3087548378, "researchAndDevelopmentExpenses": 0, "generalAndAdministrativeExpenses": 0, "sellingAndMarketingExpenses": 0, "sellingGeneralAndAdministrativeExpenses": 4600000, "otherExpenses": 7800000, "operatingExpenses": 263500000, "costAndExpenses": 1299400000, "interestIncome": 0, "interestExpense": 67900000, "depreciationAndAmortization": 210500000, "ebitda": 435000000, "ebitdaratio": 0.2902709195, "operatingIncome": 201200000, "operatingIncomeRatio": 0.1342586414, "totalOtherIncomeExpensesNet": 27300000, "incomeBeforeTax": 158600000, "incomeBeforeTaxRatio": 0.10583211, "incomeTaxExpense": -15500000, "netIncome": 174100000, "netIncomeRatio": 0.1161750968, "eps": 3.39, "epsdiluted": 3.38, "weightedAverageShsOut": 51300000, "weightedAverageShsOutDil": 51500000, "link": "https://www.sec.gov/Archives/edgar/data/66756/000006675619000023/0000066756-19-000023-index.htm", "finalLink": "https://www.sec.gov/Archives/edgar/data/66756/000006675619000023/ale12312018-10k.htm", "calculatedOtherExpenses": 256900000, "calculatedOperatingExpenses": 261500000, "calculatedNetInterest": -67900000, "calculatedOtherIncome": 25300000, "calculatedIncomeNonControlling": 0, "calculatedEbitda": 411700000}, {"date": "2017-12-31", "symbol": "ALE", "reportedCurrency": "USD", "cik": "0000066756", "fillingDate": "2018-02-15", "acceptedDate": "2018-02-14 19:47:49", "calendarYear": "2017", "period": "FY", "revenue": 1419300000, "costOfRevenue": 955800000, "grossProfit": 463500000, "grossProfitRatio": 0.3265694356, "researchAndDevelopmentExpenses": 0, "generalAndAdministrativeExpenses": 0, "sellingAndMarketingExpenses": 0, "sellingGeneralAndAdministrativeExpenses": 3900000, "otherExpenses": 2400000, "operatingExpenses": 234400000, "costAndExpenses": 1190200000, "interestIncome": 0, "interestExpense": 67800000, "depreciationAndAmortization": 182100000, "ebitda": 436100000, "ebitdaratio": 0.3072641443, "operatingIncome": 229800000, "operatingIncomeRatio": 0.1619108011, "totalOtherIncomeExpensesNet": 25600000, "incomeBeforeTax": 186900000, "incomeBeforeTaxRatio": 0.1316846333, "incomeTaxExpense": 14700000, "netIncome": 172200000, "netIncomeRatio": 0.1213274149, "eps": 3.39, "epsdiluted": 3.38, "weightedAverageShsOut": 50800000, "weightedAverageShsOutDil": 51000000, "link": "https://www.sec.gov/Archives/edgar/data/66756/000006675618000029/0000066756-18-000029-index.htm", "finalLink": "https://www.sec.gov/Archives/edgar/data/66756/000006675618000029/ale12312017-10k.htm", "calculatedOtherExpenses": 229800000, "calculatedOperatingExpenses": 233700000, "calculatedNetInterest": -67800000, "calculatedOtherIncome": 24900000, "calculatedIncomeNonControlling": 0, "calculatedEbitda": 411900000}, {"date": "2016-12-31", "symbol": "ALE", "reportedCurrency": "USD", "cik": "0000066756", "fillingDate": "2017-02-15", "acceptedDate": "2017-02-15 06:15:27", "calendarYear": "2016", "period": "FY", "revenue": 1339700000, "costOfRevenue": 876900000, "grossProfit": 462800000, "grossProfitRatio": 0.345450474, "researchAndDevelopmentExpenses": 0, "generalAndAdministrativeExpenses": 0, "sellingAndMarketingExpenses": 0, "sellingGeneralAndAdministrativeExpenses": 7400000, "otherExpenses": 3900000, "operatingExpenses": 249600000, "costAndExpenses": 1126500000, "interestIncome": 0, "interestExpense": 70300000, "depreciationAndAmortization": 200900000, "ebitda": 436500000, "ebitdaratio": 0.3258192133, "operatingIncome": 223500000, "operatingIncomeRatio": 0.1668283944, "totalOtherIncomeExpensesNet": 32700000, "incomeBeforeTax": 175600000, "incomeBeforeTaxRatio": 0.1310741211, "incomeTaxExpense": 19800000, "netIncome": 155300000, "netIncomeRatio": 0.115921475, "eps": 3.15, "epsdiluted": 3.14, "weightedAverageShsOut": 49300000, "weightedAverageShsOutDil": 49500000, "link": "https://www.sec.gov/Archives/edgar/data/66756/000006675617000035/0000066756-17-000035-index.htm", "finalLink": "https://www.sec.gov/Archives/edgar/data/66756/000006675617000035/ale12312016-10k.htm", "calculatedOtherExpenses": 231900000, "calculatedOperatingExpenses": 239300000, "calculatedNetInterest": -70300000, "calculatedOtherIncome": 22400000, "calculatedIncomeNonControlling": 500000, "calculatedEbitda": 424400000}, {"date": "2015-12-31", "symbol": "ALE", "reportedCurrency": "USD", "cik": "0000066756", "fillingDate": "2016-02-22", "acceptedDate": "2016-02-22 17:10:25", "calendarYear": "2015", "period": "FY", "revenue": 1486400000, "costOfRevenue": 1018000000, "grossProfit": 468400000, "grossProfitRatio": 0.315123789, "researchAndDevelopmentExpenses": 0, "generalAndAdministrativeExpenses": 0, "sellingAndMarketingExpenses": 0, "sellingGeneralAndAdministrativeExpenses": 0, "otherExpenses": 4700000, "operatingExpenses": 221400000, "costAndExpenses": 1239400000, "interestIncome": 0, "interestExpense": 64900000, "depreciationAndAmortization": 170000000, "ebitda": 438000000, "ebitdaratio": 0.29467169, "operatingIncome": 210700000, "operatingIncomeRatio": 0.1417518837, "totalOtherIncomeExpensesNet": -15300000, "incomeBeforeTax": 166800000, "incomeBeforeTaxRatio": 0.1122174381, "incomeTaxExpense": 25300000, "netIncome": 141100000, "netIncomeRatio": 0.0949273412, "eps": 2.92, "epsdiluted": 0.73, "weightedAverageShsOut": 48300000, "weightedAverageShsOutDil": 48400000, "link": "https://www.sec.gov/Archives/edgar/data/66756/000006675616000169/0000066756-16-000169-index.htm", "finalLink": "https://www.sec.gov/Archives/edgar/data/66756/000006675616000169/ale12312015-10k.htm", "calculatedOtherExpenses": 257700000, "calculatedOperatingExpenses": 257700000, "calculatedNetInterest": -64900000, "calculatedOtherIncome": 21000000, "calculatedIncomeNonControlling": 400000, "calculatedEbitda": 380700000}, {"date": "2014-12-31", "symbol": "ALE", "reportedCurrency": "USD", "cik": "0000066756", "fillingDate": "2015-02-17", "acceptedDate": "2015-02-17 07:52:35", "calendarYear": "2014", "period": "FY", "revenue": 1136800000, "costOfRevenue": 812300000, "grossProfit": 324500000, "grossProfitRatio": 0.2854503871, "researchAndDevelopmentExpenses": 0, "generalAndAdministrativeExpenses": 0, "sellingAndMarketingExpenses": 0, "sellingGeneralAndAdministrativeExpenses": 0, "otherExpenses": 135700000, "operatingExpenses": 135700000, "costAndExpenses": 948000000, "interestIncome": 0, "interestExpense": 54800000, "depreciationAndAmortization": 136400000, "ebitda": 344800000, "ebitdaratio": 0.3033075299, "operatingIncome": 188800000, "operatingIncomeRatio": 0.1660802252, "totalOtherIncomeExpensesNet": 28200000, "incomeBeforeTax": 162200000, "incomeBeforeTaxRatio": 0.1426812104, "incomeTaxExpense": 36700000, "netIncome": 124800000, "netIncomeRatio": 0.1097818438, "eps": 2.91, "epsdiluted": 2.9, "weightedAverageShsOut": 42900000, "weightedAverageShsOutDil": 43100000, "link": "https://www.sec.gov/Archives/edgar/data/66756/000006675615000022/0000066756-15-000022-index.htm", "finalLink": "https://www.sec.gov/Archives/edgar/data/66756/000006675615000022/ale12312014-10k.htm", "calculatedOtherExpenses": 135700000, "calculatedOperatingExpenses": 135700000, "calculatedNetInterest": -54800000, "calculatedOtherIncome": 28200000, "calculatedIncomeNonControlling": 700000, "calculatedEbitda": 325200000}, {"date": "2013-12-31", "symbol": "ALE", "reportedCurrency": "USD", "cik": "0000066756", "fillingDate": "2014-02-14", "acceptedDate": "2014-02-14 08:03:12", "calendarYear": "2013", "period": "FY", "revenue": 1018400000, "costOfRevenue": 747700000, "grossProfit": 270700000, "grossProfitRatio": 0.2658091123, "researchAndDevelopmentExpenses": 0, "generalAndAdministrativeExpenses": 0, "sellingAndMarketingExpenses": 0, "sellingGeneralAndAdministrativeExpenses": 0, "otherExpenses": 9300000, "operatingExpenses": 116600000, "costAndExpenses": 864300000, "interestIncome": 0, "interestExpense": 50300000, "depreciationAndAmortization": 116600000, "ebitda": 300300000, "ebitdaratio": 0.2948743126, "operatingIncome": 154100000, "operatingIncomeRatio": 0.1513157895, "totalOtherIncomeExpensesNet": 29600000, "incomeBeforeTax": 133400000, "incomeBeforeTaxRatio": 0.1309897879, "incomeTaxExpense": 28700000, "netIncome": 104700000, "netIncomeRatio": 0.1028083268, "eps": 2.64, "epsdiluted": 2.63, "weightedAverageShsOut": 39700000, "weightedAverageShsOutDil": 39800000, "link": "https://www.sec.gov/Archives/edgar/data/66756/000006675614000026/0000066756-14-000026-index.htm", "finalLink": "https://www.sec.gov/Archives/edgar/data/66756/000006675614000026/ale12312013-10k.htm", "calculatedOtherExpenses": 116600000, "calculatedOperatingExpenses": 116600000, "calculatedNetInterest": -50300000, "calculatedOtherIncome": 29600000, "calculatedIncomeNonControlling": 0, "calculatedEbitda": 270700000}, {"date": "2012-12-31", "symbol": "ALE", "reportedCurrency": "USD", "cik": "0000066756", "fillingDate": "2013-02-15", "acceptedDate": "2013-02-15 08:04:52", "calendarYear": "2012", "period": "FY", "revenue": 961200000, "costOfRevenue": 705800000, "grossProfit": 255400000, "grossProfitRatio": 0.2657095298, "researchAndDevelopmentExpenses": 0, "generalAndAdministrativeExpenses": 0, "sellingAndMarketingExpenses": 0, "sellingGeneralAndAdministrativeExpenses": 0, "otherExpenses": 6000000, "operatingExpenses": 100200000, "costAndExpenses": 806000000, "interestIncome": 0, "interestExpense": 45500000, "depreciationAndAmortization": 100200000, "ebitda": 280800000, "ebitdaratio": 0.2921348315, "operatingIncome": 155200000, "operatingIncomeRatio": 0.1614648356, "totalOtherIncomeExpensesNet": 25400000, "incomeBeforeTax": 135100000, "incomeBeforeTaxRatio": 0.1405534748, "incomeTaxExpense": 38000000, "netIncome": 97100000, "netIncomeRatio": 0.1010195589, "eps": 2.59, "epsdiluted": 2.58, "weightedAverageShsOut": 37600000, "weightedAverageShsOutDil": 37600000, "link": "https://www.sec.gov/Archives/edgar/data/66756/000006675613000030/0000066756-13-000030-index.htm", "finalLink": "https://www.sec.gov/Archives/edgar/data/66756/000006675613000030/ale12312012-10k.htm", "calculatedOtherExpenses": 100200000, "calculatedOperatingExpenses": 100200000, "calculatedNetInterest": -45500000, "calculatedOtherIncome": 25400000, "calculatedIncomeNonControlling": 0, "calculatedEbitda": 255400000}, {"date": "2011-12-31", "symbol": "ALE", "reportedCurrency": "USD", "cik": "0000066756", "fillingDate": "2012-02-15", "acceptedDate": "2012-02-15 08:13:13", "calendarYear": "2011", "period": "FY", "revenue": 928200000, "costOfRevenue": 306600000, "grossProfit": 621600000, "grossProfitRatio": 0.6696832579, "researchAndDevelopmentExpenses": 0, "generalAndAdministrativeExpenses": 0, "sellingAndMarketingExpenses": 0, "sellingGeneralAndAdministrativeExpenses": 0, "otherExpenses": 471600000, "operatingExpenses": 471600000, "costAndExpenses": 778200000, "interestIncome": 0, "interestExpense": 43600000, "depreciationAndAmortization": 90400000, "ebitda": 258800000, "ebitdaratio": 0.27881922, "operatingIncome": 150000000, "operatingIncomeRatio": 0.1616031028, "totalOtherIncomeExpensesNet": 22800000, "incomeBeforeTax": 129200000, "incomeBeforeTaxRatio": 0.1391941392, "incomeTaxExpense": 35600000, "netIncome": 93800000, "netIncomeRatio": 0.1010558069, "eps": 2.66, "epsdiluted": 2.65, "weightedAverageShsOut": 35300000, "weightedAverageShsOutDil": 35400000, "link": "https://www.sec.gov/Archives/edgar/data/66756/000006675612000026/0000066756-12-000026-index.htm", "finalLink": "https://www.sec.gov/Archives/edgar/data/66756/000006675612000026/ale12312011-10k.htm", "calculatedOtherExpenses": 471600000, "calculatedOperatingExpenses": 471600000, "calculatedNetInterest": -43600000, "calculatedOtherIncome": 22800000, "calculatedIncomeNonControlling": -200000, "calculatedEbitda": 240400000}, {"date": "2010-12-31", "symbol": "ALE", "reportedCurrency": "USD", "cik": "0000066756", "fillingDate": "2011-02-16", "acceptedDate": "2011-02-16 08:03:28", "calendarYear": "2010", "period": "FY", "revenue": 907000000, "costOfRevenue": 325100000, "grossProfit": 581900000, "grossProfitRatio": 0.6415656009, "researchAndDevelopmentExpenses": 0, "generalAndAdministrativeExpenses": 0, "sellingAndMarketingExpenses": 0, "sellingGeneralAndAdministrativeExpenses": 0, "otherExpenses": 446100000, "operatingExpenses": 446100000, "costAndExpenses": 771200000, "interestIncome": 0, "interestExpense": 39200000, "depreciationAndAmortization": 80500000, "ebitda": 234200000, "ebitdaratio": 0.258213892, "operatingIncome": 135800000, "operatingIncomeRatio": 0.149724366, "totalOtherIncomeExpensesNet": 22500000, "incomeBeforeTax": 119100000, "incomeBeforeTaxRatio": 0.1313120176, "incomeTaxExpense": 44300000, "netIncome": 75300000, "netIncomeRatio": 0.0830209482, "eps": 2.2, "epsdiluted": 2.19, "weightedAverageShsOut": 34200000, "weightedAverageShsOutDil": 34300000, "link": "https://www.sec.gov/Archives/edgar/data/66756/000006675611000029/0000066756-11-000029-index.htm", "finalLink": "https://www.sec.gov/Archives/edgar/data/66756/000006675611000029/allete2010_10k.htm", "calculatedOtherExpenses": 446100000, "calculatedOperatingExpenses": 446100000, "calculatedNetInterest": -39200000, "calculatedOtherIncome": 22500000, "calculatedIncomeNonControlling": -500000, "calculatedEbitda": 216300000}, {"date": "2009-12-31", "symbol": "ALE", "reportedCurrency": "USD", "cik": "0000066756", "fillingDate": "2010-02-12", "acceptedDate": "2010-02-12 08:03:23", "calendarYear": "2009", "period": "FY", "revenue": 759100000, "costOfRevenue": 279500000, "grossProfit": 479600000, "grossProfitRatio": 0.6318008168, "researchAndDevelopmentExpenses": 0, "generalAndAdministrativeExpenses": 0, "sellingAndMarketingExpenses": 0, "sellingGeneralAndAdministrativeExpenses": 0, "otherExpenses": 373600000, "operatingExpenses": 373600000, "costAndExpenses": 653100000, "interestIncome": 0, "interestExpense": 33800000, "depreciationAndAmortization": 64700000, "ebitda": 190000000, "ebitdaratio": 0.2502964036, "operatingIncome": 106000000, "operatingIncomeRatio": 0.1396390462, "totalOtherIncomeExpensesNet": 17500000, "incomeBeforeTax": 91500000, "incomeBeforeTaxRatio": 0.1205374786, "incomeTaxExpense": 30800000, "netIncome": 61000000, "netIncomeRatio": 0.0803583191, "eps": 1.89, "epsdiluted": 1.89, "weightedAverageShsOut": 32200000, "weightedAverageShsOutDil": 32200000, "link": "https://www.sec.gov/Archives/edgar/data/66756/000006675610000018/0000066756-10-000018-index.htm", "finalLink": "https://www.sec.gov/Archives/edgar/data/66756/000006675610000018/allete2009_10k.htm", "calculatedOtherExpenses": 373600000, "calculatedOperatingExpenses": 373600000, "calculatedNetInterest": -33800000, "calculatedOtherIncome": 19300000, "calculatedIncomeNonControlling": -300000, "calculatedEbitda": 170700000}, {"date": "2008-12-31", "symbol": "ALE", "reportedCurrency": "USD", "cik": "0000066756", "fillingDate": "2009-02-13", "acceptedDate": "2009-02-13 08:05:59", "calendarYear": "2008", "period": "FY", "revenue": 801000000, "costOfRevenue": 305600000, "grossProfit": 495400000, "grossProfitRatio": 0.6184769039, "researchAndDevelopmentExpenses": 0, "generalAndAdministrativeExpenses": 0, "sellingAndMarketingExpenses": 0, "sellingGeneralAndAdministrativeExpenses": 0, "otherExpenses": 373600000, "operatingExpenses": 373600000, "costAndExpenses": 679200000, "interestIncome": 0, "interestExpense": 0, "depreciationAndAmortization": 55500000, "ebitda": 146400000, "ebitdaratio": 0.1827715356, "operatingIncome": 121800000, "operatingIncomeRatio": 0.1520599251, "totalOtherIncomeExpensesNet": 30900000, "incomeBeforeTax": 125900000, "incomeBeforeTaxRatio": 0.1571785268, "incomeTaxExpense": 43400000, "netIncome": 82500000, "netIncomeRatio": 0.1029962547, "eps": 2.82, "epsdiluted": 2.82, "weightedAverageShsOut": 29200000, "weightedAverageShsOutDil": 29300000, "link": "https://www.sec.gov/Archives/edgar/data/66756/000006675609000015/0000066756-09-000015-index.htm", "finalLink": "https://www.sec.gov/Archives/edgar/data/66756/000006675609000015/allete2008-10k.htm", "calculatedOtherExpenses": 373600000, "calculatedOperatingExpenses": 373600000, "calculatedNetInterest": 0, "calculatedOtherIncome": 4100000, "calculatedIncomeNonControlling": 0, "calculatedEbitda": 177300000}, {"date": "2007-12-31", "symbol": "ALE", "reportedCurrency": "USD", "cik": "0000066756", "fillingDate": "2008-02-15", "acceptedDate": "2008-02-15 08:11:25", "calendarYear": "2007", "period": "FY", "revenue": 841700000, "costOfRevenue": 347600000, "grossProfit": 494100000, "grossProfitRatio": 0.5870262564, "researchAndDevelopmentExpenses": 0, "generalAndAdministrativeExpenses": 0, "sellingAndMarketingExpenses": 0, "sellingGeneralAndAdministrativeExpenses": 0, "otherExpenses": 360400000, "operatingExpenses": 360400000, "costAndExpenses": 708000000, "interestIncome": 0, "interestExpense": 0, "depreciationAndAmortization": 48500000, "ebitda": 154100000, "ebitdaratio": 0.1830818581, "operatingIncome": 133700000, "operatingIncomeRatio": 0.1588451942, "totalOtherIncomeExpensesNet": 28100000, "incomeBeforeTax": 135300000, "incomeBeforeTaxRatio": 0.1607461091, "incomeTaxExpense": 47700000, "netIncome": 87600000, "netIncomeRatio": 0.1040750861, "eps": 3.09, "epsdiluted": 3.08, "weightedAverageShsOut": 28300000, "weightedAverageShsOutDil": 28400000, "link": "https://www.sec.gov/Archives/edgar/data/66756/000006675608000017/0000066756-08-000017-index.htm", "finalLink": "https://www.sec.gov/Archives/edgar/data/66756/000006675608000017/allete2007-10k.htm", "calculatedOtherExpenses": 360400000, "calculatedOperatingExpenses": 360400000, "calculatedNetInterest": 0, "calculatedOtherIncome": 1600000, "calculatedIncomeNonControlling": 0, "calculatedEbitda": 182200000}, {"date": "2006-12-31", "symbol": "ALE", "reportedCurrency": "USD", "cik": "0000066756", "fillingDate": "2007-02-16", "acceptedDate": "2007-02-16 08:07:25", "calendarYear": "2006", "period": "FY", "revenue": 767100000, "costOfRevenue": 281700000, "grossProfit": 485400000, "grossProfitRatio": 0.6327727806, "researchAndDevelopmentExpenses": 0, "generalAndAdministrativeExpenses": 0, "sellingAndMarketingExpenses": 0, "sellingGeneralAndAdministrativeExpenses": 0, "otherExpenses": 344700000, "operatingExpenses": 344700000, "costAndExpenses": 626400000, "interestIncome": 0, "interestExpense": 0, "depreciationAndAmortization": 48700000, "ebitda": 174500000, "ebitdaratio": 0.2274801199, "operatingIncome": 140700000, "operatingIncomeRatio": 0.183418068, "totalOtherIncomeExpensesNet": 14900000, "incomeBeforeTax": 123600000, "incomeBeforeTaxRatio": 0.1611263199, "incomeTaxExpense": 46300000, "netIncome": 68300000, "netIncomeRatio": 0.0890366315, "eps": 2.75, "epsdiluted": 2.74, "weightedAverageShsOut": 27800000, "weightedAverageShsOutDil": 27900000, "link": "https://www.sec.gov/Archives/edgar/data/66756/000006675607000013/0000066756-07-000013-index.htm", "finalLink": "https://www.sec.gov/Archives/edgar/data/66756/000006675607000013/r10k2006.txt", "calculatedOtherExpenses": 344700000, "calculatedOperatingExpenses": 344700000, "calculatedNetInterest": 0, "calculatedOtherIncome": -17100000, "calculatedIncomeNonControlling": 9000000, "calculatedEbitda": 189400000}, {"date": "2005-12-31", "symbol": "ALE", "reportedCurrency": "USD", "cik": "0000066756", "fillingDate": "2006-02-17", "acceptedDate": "2006-02-17 09:49:29", "calendarYear": "2005", "period": "FY", "revenue": 737400000, "costOfRevenue": 273100000, "grossProfit": 464300000, "grossProfitRatio": 0.6296446976, "researchAndDevelopmentExpenses": 0, "generalAndAdministrativeExpenses": 0, "sellingAndMarketingExpenses": 0, "sellingGeneralAndAdministrativeExpenses": 0, "otherExpenses": 419200000, "operatingExpenses": 419200000, "costAndExpenses": 692300000, "interestIncome": 0, "interestExpense": 0, "depreciationAndAmortization": 47800000, "ebitda": 91800000, "ebitdaratio": 0.1244914565, "operatingIncome": 45100000, "operatingIncomeRatio": 0.0611608354, "totalOtherIncomeExpensesNet": 1100000, "incomeBeforeTax": 17100000, "incomeBeforeTaxRatio": 0.023189585, "incomeTaxExpense": -500000, "netIncome": 13300000, "netIncomeRatio": 0.0180363439, "eps": 0.49, "epsdiluted": 0.48, "weightedAverageShsOut": 27300000, "weightedAverageShsOutDil": 27400000, "link": "https://www.sec.gov/Archives/edgar/data/66756/000006675606000024/0000066756-06-000024-index.htm", "finalLink": "https://www.sec.gov/Archives/edgar/data/66756/000006675606000024/r10k2006.txt", "calculatedOtherExpenses": 419200000, "calculatedOperatingExpenses": 419200000, "calculatedNetInterest": 0, "calculatedOtherIncome": -28000000, "calculatedIncomeNonControlling": 4300000, "calculatedEbitda": 92900000}, {"date": "2004-12-31", "symbol": "ALE", "reportedCurrency": "USD", "cik": "0000066756", "fillingDate": "2005-02-11", "acceptedDate": "2005-02-11 08:34:10", "calendarYear": "2004", "period": "FY", "revenue": 751400000, "costOfRevenue": 287900000, "grossProfit": 463500000, "grossProfitRatio": 0.6168485494, "researchAndDevelopmentExpenses": 0, "generalAndAdministrativeExpenses": 0, "sellingAndMarketingExpenses": 0, "sellingGeneralAndAdministrativeExpenses": 0, "otherExpenses": 363700000, "operatingExpenses": 363700000, "costAndExpenses": 651600000, "interestIncome": 0, "interestExpense": 0, "depreciationAndAmortization": 49700000, "ebitda": 161600000, "ebitdaratio": 0.2150652116, "operatingIncome": 99800000, "operatingIncomeRatio": 0.1328187384, "totalOtherIncomeExpensesNet": -12100000, "incomeBeforeTax": 55900000, "incomeBeforeTaxRatio": 0.0743944637, "incomeTaxExpense": 16800000, "netIncome": 104400000, "netIncomeRatio": 0.1389406441, "eps": 3.69, "epsdiluted": 3.67, "weightedAverageShsOut": 28300000, "weightedAverageShsOutDil": 28400000, "link": "https://www.sec.gov/Archives/edgar/data/66756/000006675605000040/0000066756-05-000040-index.htm", "finalLink": "https://www.sec.gov/Archives/edgar/data/66756/000006675605000040/r10k2005.txt", "calculatedOtherExpenses": 363700000, "calculatedOperatingExpenses": 363700000, "calculatedNetInterest": 0, "calculatedOtherIncome": -43900000, "calculatedIncomeNonControlling": -65300000, "calculatedEbitda": 149500000}, {"date": "2003-12-31", "symbol": "ALE", "reportedCurrency": "USD", "cik": "0000066756", "fillingDate": "2004-03-11", "acceptedDate": "2004-03-11 12:09:42", "calendarYear": "2003", "period": "FY", "revenue": 1618800000, "costOfRevenue": 252500000, "grossProfit": 1366300000, "grossProfitRatio": 0.8440202619, "researchAndDevelopmentExpenses": 0, "generalAndAdministrativeExpenses": 0, "sellingAndMarketingExpenses": 0, "sellingGeneralAndAdministrativeExpenses": 0, "otherExpenses": 1064700000, "operatingExpenses": 1064700000, "costAndExpenses": 1317200000, "interestIncome": 0, "interestExpense": 0, "depreciationAndAmortization": 86700000, "ebitda": 388300000, "ebitdaratio": 0.2398690388, "operatingIncome": 301600000, "operatingIncomeRatio": 0.1863108475, "totalOtherIncomeExpensesNet": -66600000, "incomeBeforeTax": 235000000, "incomeBeforeTaxRatio": 0.1451692612, "incomeTaxExpense": 91900000, "netIncome": 236400000, "netIncomeRatio": 0.1460340993, "eps": 8.12, "epsdiluted": 1.05, "weightedAverageShsOut": 27530580, "weightedAverageShsOutDil": 27630570, "link": "https://www.sec.gov/Archives/edgar/data/66756/000006675604000034/0000066756-04-000034-index.htm", "finalLink": "https://www.sec.gov/Archives/edgar/data/66756/000006675604000034/r10kcomplete.txt", "calculatedOtherExpenses": 1064700000, "calculatedOperatingExpenses": 1064700000, "calculatedNetInterest": 0, "calculatedOtherIncome": -66600000, "calculatedIncomeNonControlling": -93300000, "calculatedEbitda": 388300000}, {"date": "2002-12-31", "symbol": "ALE", "reportedCurrency": "USD", "cik": "0000066756", "fillingDate": "2003-02-14", "acceptedDate": "2003-02-14 15:42:23", "calendarYear": "2002", "period": "FY", "revenue": 1506900000, "costOfRevenue": 239100000, "grossProfit": 1267800000, "grossProfitRatio": 0.8413298825, "researchAndDevelopmentExpenses": 0, "generalAndAdministrativeExpenses": 0, "sellingAndMarketingExpenses": 0, "sellingGeneralAndAdministrativeExpenses": 0, "otherExpenses": 1008000000, "operatingExpenses": 1008000000, "costAndExpenses": 1247100000, "interestIncome": 0, "interestExpense": 0, "depreciationAndAmortization": 82100000, "ebitda": 341900000, "ebitdaratio": 0.226889641, "operatingIncome": 259800000, "operatingIncomeRatio": 0.1724069281, "totalOtherIncomeExpensesNet": -68200000, "incomeBeforeTax": 191600000, "incomeBeforeTaxRatio": 0.1271484505, "incomeTaxExpense": 72600000, "netIncome": 137200000, "netIncomeRatio": 0.0910478466, "eps": 5.07, "epsdiluted": 5.04, "weightedAverageShsOut": 27061160, "weightedAverageShsOutDil": 27222238, "link": "https://www.sec.gov/Archives/edgar/data/66756/000006675603000048/0000066756-03-000048-index.htm", "finalLink": "https://www.sec.gov/Archives/edgar/data/66756/000006675603000048/arcomplete21303pm.txt", "calculatedOtherExpenses": 1008000000, "calculatedOperatingExpenses": 1008000000, "calculatedNetInterest": 0, "calculatedOtherIncome": -68200000, "calculatedIncomeNonControlling": -18200000, "calculatedEbitda": 341900000}, {"date": "2001-12-31", "symbol": "ALE", "reportedCurrency": "USD", "cik": "0000066756", "fillingDate": "2002-02-08", "acceptedDate": "2002-02-08 00:00:00", "calendarYear": "2001", "period": "FY", "revenue": 1527700000, "costOfRevenue": 233100000, "grossProfit": 1294600000, "grossProfitRatio": 0.8474176867, "researchAndDevelopmentExpenses": 0, "generalAndAdministrativeExpenses": 0, "sellingAndMarketingExpenses": 0, "sellingGeneralAndAdministrativeExpenses": 0, "otherExpenses": 1012100000, "operatingExpenses": 1012100000, "costAndExpenses": 1245200000, "interestIncome": 0, "interestExpense": 0, "depreciationAndAmortization": 101600000, "ebitda": 384100000, "ebitdaratio": 0.2514237088, "operatingIncome": 282500000, "operatingIncomeRatio": 0.1849185049, "totalOtherIncomeExpensesNet": -80700000, "incomeBeforeTax": 201800000, "incomeBeforeTaxRatio": 0.1320939975, "incomeTaxExpense": 73200000, "netIncome": 138700000, "netIncomeRatio": 0.0907900766, "eps": 5.48, "epsdiluted": 5.44, "weightedAverageShsOut": 25300000, "weightedAverageShsOutDil": 25500000, "link": "https://www.sec.gov/Archives/edgar/data/66756/000006675602000018/0000066756-02-000018-index.htm", "finalLink": "https://www.sec.gov/Archives/edgar/data/66756/000006675602000018/rannualreport.txt", "calculatedOtherExpenses": 1012100000, "calculatedOperatingExpenses": 1012100000, "calculatedNetInterest": 0, "calculatedOtherIncome": -80700000, "calculatedIncomeNonControlling": -10100000, "calculatedEbitda": 384100000}, {"date": "2000-12-31", "symbol": "ALE", "reportedCurrency": "USD", "cik": "0000066756", "fillingDate": "2001-02-06", "acceptedDate": "2001-02-06 00:00:00", "calendarYear": "2000", "period": "FY", "revenue": 1331900000, "costOfRevenue": 229000000, "grossProfit": 1102900000, "grossProfitRatio": 0.8280651701, "researchAndDevelopmentExpenses": 0, "generalAndAdministrativeExpenses": 0, "sellingAndMarketingExpenses": 0, "sellingGeneralAndAdministrativeExpenses": 0, "otherExpenses": 842600000, "operatingExpenses": 842600000, "costAndExpenses": 1071600000, "interestIncome": 0, "interestExpense": 0, "depreciationAndAmortization": 86700000, "ebitda": 299000000, "ebitdaratio": 0.2244913282, "operatingIncome": 260300000, "operatingIncomeRatio": 0.1954350927, "totalOtherIncomeExpensesNet": 48000000, "incomeBeforeTax": 233100000, "incomeBeforeTaxRatio": 0.1750131391, "incomeTaxExpense": 84500000, "netIncome": 148600000, "netIncomeRatio": 0.1115699377, "eps": 6.34, "epsdiluted": 6.32, "weightedAverageShsOut": 23300000, "weightedAverageShsOutDil": 23400000, "link": "https://www.sec.gov/Archives/edgar/data/66756/000006675601000014/0000066756-01-000014-index.htm", "finalLink": "https://www.sec.gov/Archives/edgar/data/66756/000006675601000014/0000066756-01-000014-0001.txt", "calculatedOtherExpenses": 842600000, "calculatedOperatingExpenses": 842600000, "calculatedNetInterest": 0, "calculatedOtherIncome": -27200000, "calculatedIncomeNonControlling": 0, "calculatedEbitda": 347000000}, {"date": "1999-12-31", "symbol": "ALE", "reportedCurrency": "USD", "cik": "0000066756", "fillingDate": "2000-02-07", "acceptedDate": "2000-02-07 00:00:00", "calendarYear": "1999", "period": "FY", "revenue": 1131800000, "costOfRevenue": 200200000, "grossProfit": 931600000, "grossProfitRatio": 0.8231136243, "researchAndDevelopmentExpenses": 0, "generalAndAdministrativeExpenses": 0, "sellingAndMarketingExpenses": 0, "sellingGeneralAndAdministrativeExpenses": 0, "otherExpenses": 705900000, "operatingExpenses": 705900000, "costAndExpenses": 906100000, "interestIncome": 0, "interestExpense": 0, "depreciationAndAmortization": 111400000, "ebitda": 337100000, "ebitdaratio": 0.2978441421, "operatingIncome": 225700000, "operatingIncomeRatio": 0.1994168581, "totalOtherIncomeExpensesNet": -34500000, "incomeBeforeTax": 125700000, "incomeBeforeTaxRatio": 0.1110620251, "incomeTaxExpense": 57700000, "netIncome": 68000000, "netIncomeRatio": 0.0600812864, "eps": 2.91, "epsdiluted": 2.91, "weightedAverageShsOut": 22797720, "weightedAverageShsOutDil": 22897710, "link": "https://www.sec.gov/Archives/edgar/data/66756/000006675600000009/0000066756-00-000009-index.html", "finalLink": "https://www.sec.gov/Archives/edgar/data/66756/000006675600000009/", "calculatedOtherExpenses": 705900000, "calculatedOperatingExpenses": 705900000, "calculatedNetInterest": 0, "calculatedOtherIncome": -100000000, "calculatedIncomeNonControlling": 0, "calculatedEbitda": 337100000}, {"date": "1998-12-31", "symbol": "ALE", "reportedCurrency": "USD", "cik": "0000066756", "fillingDate": "1999-02-09", "acceptedDate": "1999-02-09 00:00:00", "calendarYear": "1998", "period": "FY", "revenue": 1039700000, "costOfRevenue": 205700000, "grossProfit": 834000000, "grossProfitRatio": 0.8021544676, "researchAndDevelopmentExpenses": 0, "generalAndAdministrativeExpenses": 0, "sellingAndMarketingExpenses": 0, "sellingGeneralAndAdministrativeExpenses": 0, "otherExpenses": 635400000, "operatingExpenses": 635400000, "costAndExpenses": 841100000, "interestIncome": 0, "interestExpense": 0, "depreciationAndAmortization": 60200000, "ebitda": 258800000, "ebitdaratio": 0.2489179571, "operatingIncome": 198600000, "operatingIncomeRatio": 0.1910166394, "totalOtherIncomeExpensesNet": 14800000, "incomeBeforeTax": 142500000, "incomeBeforeTaxRatio": 0.137058767, "incomeTaxExpense": 54000000, "netIncome": 88500000, "netIncomeRatio": 0.0851207079, "eps": 4.05, "epsdiluted": 4.05, "weightedAverageShsOut": 21331200, "weightedAverageShsOutDil": 21331200, "link": "https://www.sec.gov/Archives/edgar/data/66756/000006675699000005/0000066756-99-000005-index.html", "finalLink": "https://www.sec.gov/Archives/edgar/data/66756/", "calculatedOtherExpenses": 635400000, "calculatedOperatingExpenses": 635400000, "calculatedNetInterest": 0, "calculatedOtherIncome": -56100000, "calculatedIncomeNonControlling": 0, "calculatedEbitda": 258800000}, {"date": "1997-12-31", "symbol": "ALE", "reportedCurrency": "USD", "cik": "0000066756", "fillingDate": "1998-03-25", "acceptedDate": "1998-03-25 00:00:00", "calendarYear": "1997", "period": "FY", "revenue": 953600000, "costOfRevenue": 194100000, "grossProfit": 759500000, "grossProfitRatio": 0.7964555369, "researchAndDevelopmentExpenses": 0, "generalAndAdministrativeExpenses": 0, "sellingAndMarketingExpenses": 0, "sellingGeneralAndAdministrativeExpenses": 0, "otherExpenses": 579900000, "operatingExpenses": 579900000, "costAndExpenses": 774000000, "interestIncome": 0, "interestExpense": 0, "depreciationAndAmortization": 56000000, "ebitda": 235600000, "ebitdaratio": 0.2470637584, "operatingIncome": 179600000, "operatingIncomeRatio": 0.1883389262, "totalOtherIncomeExpensesNet": 14800000, "incomeBeforeTax": 124200000, "incomeBeforeTaxRatio": 0.1302432886, "incomeTaxExpense": 46600000, "netIncome": 77600000, "netIncomeRatio": 0.0813758389, "eps": 3.72, "epsdiluted": 3.72, "weightedAverageShsOut": 20322597, "weightedAverageShsOutDil": 20322597, "link": "https://www.sec.gov/Archives/edgar/data/66756/0000066756-98-000017-index.html", "finalLink": "https://www.sec.gov/Archives/edgar/data/66756/0000066756-98-000017.txt", "calculatedOtherExpenses": 579900000, "calculatedOperatingExpenses": 579900000, "calculatedNetInterest": 0, "calculatedOtherIncome": -55400000, "calculatedIncomeNonControlling": 0, "calculatedEbitda": 235600000}, {"date": "1996-12-31", "symbol": "ALE", "reportedCurrency": "USD", "cik": "0000066756", "fillingDate": "1997-03-28", "acceptedDate": "1997-03-28 00:00:00", "calendarYear": "1996", "period": "FY", "revenue": 846900000, "costOfRevenue": 190900000, "grossProfit": 656000000, "grossProfitRatio": 0.77458968, "researchAndDevelopmentExpenses": 0, "generalAndAdministrativeExpenses": 0, "sellingAndMarketingExpenses": 0, "sellingGeneralAndAdministrativeExpenses": 157900000, "otherExpenses": 354200000, "operatingExpenses": 512100000, "costAndExpenses": 703000000, "interestIncome": 0, "interestExpense": 0, "depreciationAndAmortization": 53300000, "ebitda": 197200000, "ebitdaratio": 0.2328492148, "operatingIncome": 143900000, "operatingIncomeRatio": 0.1699138033, "totalOtherIncomeExpensesNet": 11800000, "incomeBeforeTax": 88800000, "incomeBeforeTaxRatio": 0.1048529933, "incomeTaxExpense": 19600000, "netIncome": 69200000, "netIncomeRatio": 0.081709765, "eps": 3.42, "epsdiluted": 3.42, "weightedAverageShsOut": 19532181, "weightedAverageShsOutDil": 19532181, "link": "https://www.sec.gov/Archives/edgar/data/66756/000006675697000034/0000066756-97-000034-index.html", "finalLink": "https://www.sec.gov/Archives/edgar/data/66756/", "calculatedOtherExpenses": 354200000, "calculatedOperatingExpenses": 512100000, "calculatedNetInterest": 0, "calculatedOtherIncome": -55100000, "calculatedIncomeNonControlling": 0, "calculatedEbitda": 197200000}, {"date": "1995-12-31", "symbol": "ALE", "reportedCurrency": "USD", "cik": "0000066756", "fillingDate": "1996-03-29", "acceptedDate": "1996-03-29 00:00:00", "calendarYear": "1995", "period": "FY", "revenue": 673000000, "costOfRevenue": 177000000, "grossProfit": 496000000, "grossProfitRatio": 0.7369985141, "researchAndDevelopmentExpenses": 0, "generalAndAdministrativeExpenses": 0, "sellingAndMarketingExpenses": 0, "sellingGeneralAndAdministrativeExpenses": 102900000, "otherExpenses": 286200000, "operatingExpenses": 389100000, "costAndExpenses": 566100000, "interestIncome": 0, "interestExpense": 0, "depreciationAndAmortization": 55400000, "ebitda": 162300000, "ebitdaratio": 0.2411589896, "operatingIncome": 106900000, "operatingIncomeRatio": 0.1588410104, "totalOtherIncomeExpensesNet": 4200000, "incomeBeforeTax": 63100000, "incomeBeforeTaxRatio": 0.0937592868, "incomeTaxExpense": 1200000, "netIncome": 64800000, "netIncomeRatio": 0.0962852897, "eps": 3.24, "epsdiluted": 3.24, "weightedAverageShsOut": 19012363, "weightedAverageShsOutDil": 19012363, "link": "https://www.sec.gov/Archives/edgar/data/66756/000006675696000032/0000066756-96-000032-index.html", "finalLink": "https://www.sec.gov/Archives/edgar/data/66756/", "calculatedOtherExpenses": 286200000, "calculatedOperatingExpenses": 389100000, "calculatedNetInterest": 0, "calculatedOtherIncome": -43800000, "calculatedIncomeNonControlling": -2900000, "calculatedEbitda": 162300000}, {"date": "1994-12-31", "symbol": "ALE", "reportedCurrency": "USD", "cik": "0000066756", "fillingDate": "1995-03-24", "acceptedDate": "1995-03-24 00:00:00", "calendarYear": "1994", "period": "FY", "revenue": 637800000, "costOfRevenue": 157700000, "grossProfit": 480100000, "grossProfitRatio": 0.7527438068, "researchAndDevelopmentExpenses": 0, "generalAndAdministrativeExpenses": 0, "sellingAndMarketingExpenses": 0, "sellingGeneralAndAdministrativeExpenses": 79900000, "otherExpenses": 270600000, "operatingExpenses": 350500000, "costAndExpenses": 508200000, "interestIncome": 0, "interestExpense": 0, "depreciationAndAmortization": 48800000, "ebitda": 178400000, "ebitdaratio": 0.2797115083, "operatingIncome": 129600000, "operatingIncomeRatio": 0.2031984948, "totalOtherIncomeExpensesNet": 5300000, "incomeBeforeTax": 82800000, "incomeBeforeTaxRatio": 0.1298212606, "incomeTaxExpense": 21500000, "netIncome": 61300000, "netIncomeRatio": 0.0961116337, "eps": 3.12, "epsdiluted": 3.12, "weightedAverageShsOut": 18653864, "weightedAverageShsOutDil": 18653864, "link": "https://www.sec.gov/Archives/edgar/data/66756/000006675695000022/0000066756-95-000022-index.html", "finalLink": "https://www.sec.gov/Archives/edgar/data/66756/", "calculatedOtherExpenses": 270600000, "calculatedOperatingExpenses": 350500000, "calculatedNetInterest": 0, "calculatedOtherIncome": -46800000, "calculatedIncomeNonControlling": 0, "calculatedEbitda": 178400000}, {"date": "1993-12-31", "symbol": "ALE", "reportedCurrency": "USD", "cik": "0000066756", "fillingDate": "1993-12-31", "acceptedDate": "1993-12-30 19:00:00", "calendarYear": "1993", "period": "FY", "revenue": 505500000, "costOfRevenue": 0, "grossProfit": 505500000, "grossProfitRatio": 1, "researchAndDevelopmentExpenses": 0, "generalAndAdministrativeExpenses": 0, "sellingAndMarketingExpenses": 0, "sellingGeneralAndAdministrativeExpenses": 0, "otherExpenses": 0, "operatingExpenses": 0, "costAndExpenses": 0, "interestIncome": 0, "interestExpense": 0, "depreciationAndAmortization": 0, "ebitda": 505500000, "ebitdaratio": 1, "operatingIncome": 505500000, "operatingIncomeRatio": 1, "totalOtherIncomeExpensesNet": 0, "incomeBeforeTax": 0, "incomeBeforeTaxRatio": 0, "incomeTaxExpense": -62600000, "netIncome": 62600000, "netIncomeRatio": 0.1238377844, "eps": 3.3, "epsdiluted": 3.3, "weightedAverageShsOut": 17969713, "weightedAverageShsOutDil": 17969713, "link": "", "finalLink": "", "calculatedOtherExpenses": 0, "calculatedOperatingExpenses": 0, "calculatedNetInterest": 0, "calculatedOtherIncome": -505500000, "calculatedIncomeNonControlling": 0, "calculatedEbitda": 505500000}, {"date": "1992-12-31", "symbol": "ALE", "reportedCurrency": "USD", "cik": "0000066756", "fillingDate": "1992-12-31", "acceptedDate": "1992-12-30 19:00:00", "calendarYear": "1992", "period": "FY", "revenue": 489400000, "costOfRevenue": 0, "grossProfit": 489400000, "grossProfitRatio": 1, "researchAndDevelopmentExpenses": 0, "generalAndAdministrativeExpenses": 0, "sellingAndMarketingExpenses": 0, "sellingGeneralAndAdministrativeExpenses": 0, "otherExpenses": 0, "operatingExpenses": 0, "costAndExpenses": 0, "interestIncome": 0, "interestExpense": 0, "depreciationAndAmortization": 0, "ebitda": 489400000, "ebitdaratio": 1, "operatingIncome": 489400000, "operatingIncomeRatio": 1, "totalOtherIncomeExpensesNet": 0, "incomeBeforeTax": 0, "incomeBeforeTaxRatio": 0, "incomeTaxExpense": -73300000, "netIncome": 73300000, "netIncomeRatio": 0.149775235, "eps": 3.72, "epsdiluted": 3.72, "weightedAverageShsOut": 18682811, "weightedAverageShsOutDil": 18682811, "link": "", "finalLink": "", "calculatedOtherExpenses": 0, "calculatedOperatingExpenses": 0, "calculatedNetInterest": 0, "calculatedOtherIncome": -489400000, "calculatedIncomeNonControlling": 0, "calculatedEbitda": 489400000}, {"date": "1991-12-31", "symbol": "ALE", "reportedCurrency": "USD", "cik": "0000066756", "fillingDate": "1991-12-31", "acceptedDate": "1991-12-30 19:00:00", "calendarYear": "1991", "period": "FY", "revenue": 484100000, "costOfRevenue": 0, "grossProfit": 484100000, "grossProfitRatio": 1, "researchAndDevelopmentExpenses": 0, "generalAndAdministrativeExpenses": 0, "sellingAndMarketingExpenses": 0, "sellingGeneralAndAdministrativeExpenses": 0, "otherExpenses": 0, "operatingExpenses": 0, "costAndExpenses": 0, "interestIncome": 0, "interestExpense": 0, "depreciationAndAmortization": 0, "ebitda": 484100000, "ebitdaratio": 1, "operatingIncome": 484100000, "operatingIncomeRatio": 1, "totalOtherIncomeExpensesNet": 0, "incomeBeforeTax": 0, "incomeBeforeTaxRatio": 0, "incomeTaxExpense": -75500000, "netIncome": 75500000, "netIncomeRatio": 0.1559595125, "eps": 3.69, "epsdiluted": 3.69, "weightedAverageShsOut": 19295409, "weightedAverageShsOutDil": 19295409, "link": "", "finalLink": "", "calculatedOtherExpenses": 0, "calculatedOperatingExpenses": 0, "calculatedNetInterest": 0, "calculatedOtherIncome": -484100000, "calculatedIncomeNonControlling": 0, "calculatedEbitda": 484100000}, {"date": "1990-12-31", "symbol": "ALE", "reportedCurrency": "USD", "cik": "0000066756", "fillingDate": "1990-12-31", "acceptedDate": "1990-12-30 19:00:00", "calendarYear": "1990", "period": "FY", "revenue": 477500000, "costOfRevenue": 0, "grossProfit": 477500000, "grossProfitRatio": 1, "researchAndDevelopmentExpenses": 0, "generalAndAdministrativeExpenses": 0, "sellingAndMarketingExpenses": 0, "sellingGeneralAndAdministrativeExpenses": 0, "otherExpenses": 0, "operatingExpenses": 0, "costAndExpenses": 0, "interestIncome": 0, "interestExpense": 0, "depreciationAndAmortization": 0, "ebitda": 477500000, "ebitdaratio": 1, "operatingIncome": 477500000, "operatingIncomeRatio": 1, "totalOtherIncomeExpensesNet": 0, "incomeBeforeTax": 0, "incomeBeforeTaxRatio": 0, "incomeTaxExpense": -74600000, "netIncome": 74600000, "netIncomeRatio": 0.1562303665, "eps": 3.57, "epsdiluted": 3.57, "weightedAverageShsOut": 19607860, "weightedAverageShsOutDil": 19607860, "link": "", "finalLink": "", "calculatedOtherExpenses": 0, "calculatedOperatingExpenses": 0, "calculatedNetInterest": 0, "calculatedOtherIncome": -477500000, "calculatedIncomeNonControlling": 0, "calculatedEbitda": 477500000}, {"date": "1989-12-31", "symbol": "ALE", "reportedCurrency": "USD", "cik": "0000066756", "fillingDate": "1989-12-31", "acceptedDate": "1989-12-30 19:00:00", "calendarYear": "1989", "period": "FY", "revenue": 463900000, "costOfRevenue": 0, "grossProfit": 463900000, "grossProfitRatio": 1, "researchAndDevelopmentExpenses": 0, "generalAndAdministrativeExpenses": 0, "sellingAndMarketingExpenses": 0, "sellingGeneralAndAdministrativeExpenses": 0, "otherExpenses": 0, "operatingExpenses": 0, "costAndExpenses": 0, "interestIncome": 0, "interestExpense": 0, "depreciationAndAmortization": 0, "ebitda": 463900000, "ebitdaratio": 1, "operatingIncome": 463900000, "operatingIncomeRatio": 1, "totalOtherIncomeExpensesNet": 0, "incomeBeforeTax": 0, "incomeBeforeTaxRatio": 0, "incomeTaxExpense": -88900000, "netIncome": 88900000, "netIncomeRatio": 0.1916361285, "eps": 4.35, "epsdiluted": 4.35, "weightedAverageShsOut": 19356335, "weightedAverageShsOutDil": 19356335, "link": "", "finalLink": "", "calculatedOtherExpenses": 0, "calculatedOperatingExpenses": 0, "calculatedNetInterest": 0, "calculatedOtherIncome": -463900000, "calculatedIncomeNonControlling": 0, "calculatedEbitda": 463900000}, {"date": "1988-12-31", "symbol": "ALE", "reportedCurrency": "USD", "cik": "0000066756", "fillingDate": "1988-12-31", "acceptedDate": "1988-12-30 19:00:00", "calendarYear": "1988", "period": "FY", "revenue": 460500000, "costOfRevenue": 0, "grossProfit": 460500000, "grossProfitRatio": 1, "researchAndDevelopmentExpenses": 0, "generalAndAdministrativeExpenses": 0, "sellingAndMarketingExpenses": 0, "sellingGeneralAndAdministrativeExpenses": 0, "otherExpenses": 0, "operatingExpenses": 0, "costAndExpenses": 0, "interestIncome": 0, "interestExpense": 0, "depreciationAndAmortization": 0, "ebitda": 460500000, "ebitdaratio": 1, "operatingIncome": 460500000, "operatingIncomeRatio": 1, "totalOtherIncomeExpensesNet": 0, "incomeBeforeTax": 0, "incomeBeforeTaxRatio": 0, "incomeTaxExpense": -72900000, "netIncome": 72900000, "netIncomeRatio": 0.1583061889, "eps": 3.54, "epsdiluted": 3.54, "weightedAverageShsOut": 19180807, "weightedAverageShsOutDil": 19180807, "link": "", "finalLink": "", "calculatedOtherExpenses": 0, "calculatedOperatingExpenses": 0, "calculatedNetInterest": 0, "calculatedOtherIncome": -460500000, "calculatedIncomeNonControlling": 0, "calculatedEbitda": 460500000}, {"date": "1987-12-31", "symbol": "ALE", "reportedCurrency": "USD", "cik": "0000066756", "fillingDate": "1987-12-31", "acceptedDate": "1987-12-30 19:00:00", "calendarYear": "1987", "period": "FY", "revenue": 426100000, "costOfRevenue": 0, "grossProfit": 426100000, "grossProfitRatio": 1, "researchAndDevelopmentExpenses": 0, "generalAndAdministrativeExpenses": 0, "sellingAndMarketingExpenses": 0, "sellingGeneralAndAdministrativeExpenses": 0, "otherExpenses": 0, "operatingExpenses": 0, "costAndExpenses": 0, "interestIncome": 0, "interestExpense": 0, "depreciationAndAmortization": 0, "ebitda": 426100000, "ebitdaratio": 1, "operatingIncome": 426100000, "operatingIncomeRatio": 1, "totalOtherIncomeExpensesNet": 0, "incomeBeforeTax": 0, "incomeBeforeTaxRatio": 0, "incomeTaxExpense": -70000000, "netIncome": 70000000, "netIncomeRatio": 0.1642806853, "eps": 3.51, "epsdiluted": 3.51, "weightedAverageShsOut": 19943037, "weightedAverageShsOutDil": 19943037, "link": "", "finalLink": "", "calculatedOtherExpenses": 0, "calculatedOperatingExpenses": 0, "calculatedNetInterest": 0, "calculatedOtherIncome": -426100000, "calculatedIncomeNonControlling": 0, "calculatedEbitda": 426100000}, {"date": "1986-12-31", "symbol": "ALE", "reportedCurrency": "USD", "cik": "0000066756", "fillingDate": "1986-12-31", "acceptedDate": "1986-12-30 19:00:00", "calendarYear": "1986", "period": "FY", "revenue": 395500000, "costOfRevenue": 0, "grossProfit": 395500000, "grossProfitRatio": 1, "researchAndDevelopmentExpenses": 0, "generalAndAdministrativeExpenses": 0, "sellingAndMarketingExpenses": 0, "sellingGeneralAndAdministrativeExpenses": 0, "otherExpenses": 0, "operatingExpenses": 0, "costAndExpenses": 0, "interestIncome": 0, "interestExpense": 0, "depreciationAndAmortization": 0, "ebitda": 395500000, "ebitdaratio": 1, "operatingIncome": 395500000, "operatingIncomeRatio": 1, "totalOtherIncomeExpensesNet": 0, "incomeBeforeTax": 0, "incomeBeforeTaxRatio": 0, "incomeTaxExpense": -82600000, "netIncome": 82600000, "netIncomeRatio": 0.2088495575, "eps": 4.17, "epsdiluted": 4.17, "weightedAverageShsOut": 18225433, "weightedAverageShsOutDil": 18225433, "link": "", "finalLink": "", "calculatedOtherExpenses": 0, "calculatedOperatingExpenses": 0, "calculatedNetInterest": 0, "calculatedOtherIncome": -395500000, "calculatedIncomeNonControlling": 0, "calculatedEbitda": 395500000}, {"date": "1985-12-31", "symbol": "ALE", "reportedCurrency": "USD", "cik": "0000066756", "fillingDate": "1985-12-31", "acceptedDate": "1985-12-30 19:00:00", "calendarYear": "1985", "period": "FY", "revenue": 412900000, "costOfRevenue": 0, "grossProfit": 412900000, "grossProfitRatio": 1, "researchAndDevelopmentExpenses": 0, "generalAndAdministrativeExpenses": 0, "sellingAndMarketingExpenses": 0, "sellingGeneralAndAdministrativeExpenses": 0, "otherExpenses": 0, "operatingExpenses": 0, "costAndExpenses": 0, "interestIncome": 0, "interestExpense": 0, "depreciationAndAmortization": 0, "ebitda": 412900000, "ebitdaratio": 1, "operatingIncome": 412900000, "operatingIncomeRatio": 1, "totalOtherIncomeExpensesNet": 0, "incomeBeforeTax": 0, "incomeBeforeTaxRatio": 0, "incomeTaxExpense": -69400000, "netIncome": 69400000, "netIncomeRatio": 0.1680794381, "eps": 3.51, "epsdiluted": 3.51, "weightedAverageShsOut": 17891753, "weightedAverageShsOutDil": 17891753, "link": "", "finalLink": "", "calculatedOtherExpenses": 0, "calculatedOperatingExpenses": 0, "calculatedNetInterest": 0, "calculatedOtherIncome": -412900000, "calculatedIncomeNonControlling": 0, "calculatedEbitda": 412900000}]}