{"originalCurrency": "USD", "convertedCurrency": "USD", "report": [{"date": "2023-12-31", "symbol": "ALG", "reportedCurrency": "USD", "cik": "0000897077", "fillingDate": "2024-02-22", "acceptedDate": "2024-02-22 16:24:16", "calendarYear": "2023", "period": "FY", "revenue": 1689651000, "costOfRevenue": 1251526000, "grossProfit": 438125000, "grossProfitRatio": 0.2592991097, "researchAndDevelopmentExpenses": 13400000, "generalAndAdministrativeExpenses": 203558000, "sellingAndMarketingExpenses": 23200000, "sellingGeneralAndAdministrativeExpenses": 226758000, "otherExpenses": 1761000, "operatingExpenses": 240158000, "costAndExpenses": 1491684000, "interestIncome": 1485000, "interestExpense": 26093000, "depreciationAndAmortization": 47973000, "ebitda": 245940000, "ebitdaratio": 0.145556686, "operatingIncome": 197967000, "operatingIncomeRatio": 0.1171644322, "totalOtherIncomeExpensesNet": -22847000, "incomeBeforeTax": 175120000, "incomeBeforeTaxRatio": 0.1036427049, "incomeTaxExpense": 38959000, "netIncome": 136161000, "netIncomeRatio": 0.0805852806, "eps": 11.42, "epsdiluted": 11.36, "weightedAverageShsOut": 11920000, "weightedAverageShsOutDil": 11987000, "link": "https://www.sec.gov/Archives/edgar/data/897077/000089707724000009/0000897077-24-000009-index.htm", "finalLink": "https://www.sec.gov/Archives/edgar/data/897077/000089707724000009/alg-20231231.htm", "calculatedOtherExpenses": 0, "calculatedOperatingExpenses": 240158000, "calculatedNetInterest": -24608000, "calculatedOtherIncome": 1761000, "calculatedIncomeNonControlling": 0, "calculatedEbitda": 245940000}, {"date": "2022-12-31", "symbol": "ALG", "reportedCurrency": "USD", "cik": "0000897077", "fillingDate": "2023-02-23", "acceptedDate": "2023-02-23 16:30:57", "calendarYear": "2022", "period": "FY", "revenue": 1513616000, "costOfRevenue": 1137098000, "grossProfit": 376518000, "grossProfitRatio": 0.2487539772, "researchAndDevelopmentExpenses": 14300000, "generalAndAdministrativeExpenses": 201749000, "sellingAndMarketingExpenses": 10900000, "sellingGeneralAndAdministrativeExpenses": 212649000, "otherExpenses": 15277000, "operatingExpenses": 227926000, "costAndExpenses": 1365024000, "interestIncome": 752000, "interestExpense": 14361000, "depreciationAndAmortization": 15356000, "ebitda": 163948000, "ebitdaratio": 0.1083154512, "operatingIncome": 148592000, "operatingIncomeRatio": 0.0981702096, "totalOtherIncomeExpensesNet": -14282000, "incomeBeforeTax": 134310000, "incomeBeforeTaxRatio": 0.0887345271, "incomeTaxExpense": 32382000, "netIncome": 101928000, "netIncomeRatio": 0.0673407258, "eps": 8.58, "epsdiluted": 8.54, "weightedAverageShsOut": 11877000, "weightedAverageShsOutDil": 11934000, "link": "https://www.sec.gov/Archives/edgar/data/897077/000089707723000009/0000897077-23-000009-index.htm", "finalLink": "https://www.sec.gov/Archives/edgar/data/897077/000089707723000009/alg-20221231.htm", "calculatedOtherExpenses": 977000, "calculatedOperatingExpenses": 227926000, "calculatedNetInterest": -13609000, "calculatedOtherIncome": -673000, "calculatedIncomeNonControlling": 0, "calculatedEbitda": 163948000}, {"date": "2021-12-31", "symbol": "ALG", "reportedCurrency": "USD", "cik": "0000897077", "fillingDate": "2022-02-24", "acceptedDate": "2022-02-24 17:28:45", "calendarYear": "2021", "period": "FY", "revenue": 1334223000, "costOfRevenue": 999709000, "grossProfit": 334514000, "grossProfitRatio": 0.2507182083, "researchAndDevelopmentExpenses": 11700000, "generalAndAdministrativeExpenses": 192739000, "sellingAndMarketingExpenses": 10200000, "sellingGeneralAndAdministrativeExpenses": 202939000, "otherExpenses": 14637000, "operatingExpenses": 217576000, "costAndExpenses": 1217285000, "interestIncome": 1149000, "interestExpense": 10533000, "depreciationAndAmortization": 17730000, "ebitda": 134668000, "ebitdaratio": 0.100933652, "operatingIncome": 116938000, "operatingIncomeRatio": 0.0876450189, "totalOtherIncomeExpensesNet": -7440000, "incomeBeforeTax": 109498000, "incomeBeforeTaxRatio": 0.0820687396, "incomeTaxExpense": 29253000, "netIncome": 80245000, "netIncomeRatio": 0.0601436192, "eps": 6.78, "epsdiluted": 6.75, "weightedAverageShsOut": 11837000, "weightedAverageShsOutDil": 11896000, "link": "https://www.sec.gov/Archives/edgar/data/897077/000089707722000007/0000897077-22-000007-index.htm", "finalLink": "https://www.sec.gov/Archives/edgar/data/897077/000089707722000007/alg-20211231.htm", "calculatedOtherExpenses": 2937000, "calculatedOperatingExpenses": 217576000, "calculatedNetInterest": -9384000, "calculatedOtherIncome": 1944000, "calculatedIncomeNonControlling": 0, "calculatedEbitda": 134668000}, {"date": "2020-12-31", "symbol": "ALG", "reportedCurrency": "USD", "cik": "0000897077", "fillingDate": "2021-02-26", "acceptedDate": "2021-02-25 17:53:52", "calendarYear": "2020", "period": "FY", "revenue": 1163466000, "costOfRevenue": 871356000, "grossProfit": 292110000, "grossProfitRatio": 0.2510687893, "researchAndDevelopmentExpenses": 10100000, "generalAndAdministrativeExpenses": 174099000, "sellingAndMarketingExpenses": 10100000, "sellingGeneralAndAdministrativeExpenses": 184199000, "otherExpenses": 14746000, "operatingExpenses": 198945000, "costAndExpenses": 1070301000, "interestIncome": 1366000, "interestExpense": 15837000, "depreciationAndAmortization": 44649000, "ebitda": 137814000, "ebitdaratio": 0.1184512483, "operatingIncome": 93165000, "operatingIncomeRatio": 0.0800753954, "totalOtherIncomeExpensesNet": -15028000, "incomeBeforeTax": 78137000, "incomeBeforeTaxRatio": 0.0671588168, "incomeTaxExpense": 21507000, "netIncome": 57804000, "netIncomeRatio": 0.0496825863, "eps": 4.91, "epsdiluted": 4.88, "weightedAverageShsOut": 11782000, "weightedAverageShsOutDil": 11845000, "link": "https://www.sec.gov/Archives/edgar/data/897077/000089707721000007/0000897077-21-000007-index.htm", "finalLink": "https://www.sec.gov/Archives/edgar/data/897077/000089707721000007/alg-20201231.htm", "calculatedOtherExpenses": 4646000, "calculatedOperatingExpenses": 198945000, "calculatedNetInterest": -14471000, "calculatedOtherIncome": -557000, "calculatedIncomeNonControlling": -1174000, "calculatedEbitda": 137814000}, {"date": "2019-12-31", "symbol": "ALG", "reportedCurrency": "USD", "cik": "0000897077", "fillingDate": "2020-02-28", "acceptedDate": "2020-02-28 06:34:28", "calendarYear": "2019", "period": "FY", "revenue": 1119138000, "costOfRevenue": 845911000, "grossProfit": 273227000, "grossProfitRatio": 0.2441405796, "researchAndDevelopmentExpenses": 11984000, "generalAndAdministrativeExpenses": 160721000, "sellingAndMarketingExpenses": 12200000, "sellingGeneralAndAdministrativeExpenses": 172921000, "otherExpenses": 5658000, "operatingExpenses": 178579000, "costAndExpenses": 1024490000, "interestIncome": 1229000, "interestExpense": 10747000, "depreciationAndAmortization": 6092000, "ebitda": 100740000, "ebitdaratio": 0.0900157085, "operatingIncome": 94648000, "operatingIncomeRatio": 0.0845722333, "totalOtherIncomeExpensesNet": -10313000, "incomeBeforeTax": 84335000, "incomeBeforeTaxRatio": 0.0753571052, "incomeTaxExpense": 21429000, "netIncome": 62906000, "netIncomeRatio": 0.0562093325, "eps": 5.36, "epsdiluted": 5.33, "weightedAverageShsOut": 11729000, "weightedAverageShsOutDil": 11800000, "link": "https://www.sec.gov/Archives/edgar/data/897077/000089707720000011/0000897077-20-000011-index.htm", "finalLink": "https://www.sec.gov/Archives/edgar/data/897077/000089707720000011/alg-20191231.htm", "calculatedOtherExpenses": -6326000, "calculatedOperatingExpenses": 178579000, "calculatedNetInterest": -9518000, "calculatedOtherIncome": -795000, "calculatedIncomeNonControlling": 0, "calculatedEbitda": 100740000}, {"date": "2018-12-31", "symbol": "ALG", "reportedCurrency": "USD", "cik": "0000897077", "fillingDate": "2019-03-01", "acceptedDate": "2019-03-01 07:13:30", "calendarYear": "2018", "period": "FY", "revenue": 1008822000, "costOfRevenue": 752707000, "grossProfit": 256115000, "grossProfitRatio": 0.253875312, "researchAndDevelopmentExpenses": 10429000, "generalAndAdministrativeExpenses": 143227000, "sellingAndMarketingExpenses": 11800000, "sellingGeneralAndAdministrativeExpenses": 155027000, "otherExpenses": -1474000, "operatingExpenses": 155027000, "costAndExpenses": 907734000, "interestIncome": 410000, "interestExpense": 5493000, "depreciationAndAmortization": 23114000, "ebitda": 100024000, "ebitdaratio": 0.0991493048, "operatingIncome": 101088000, "operatingIncomeRatio": 0.1002040003, "totalOtherIncomeExpensesNet": -1474000, "incomeBeforeTax": 94531000, "incomeBeforeTaxRatio": 0.0937043403, "incomeTaxExpense": 21045000, "netIncome": 73486000, "netIncomeRatio": 0.0728433757, "eps": 6.3, "epsdiluted": 6.25, "weightedAverageShsOut": 11660000, "weightedAverageShsOutDil": 11761000, "link": "https://www.sec.gov/Archives/edgar/data/897077/000089707719000012/0000897077-19-000012-index.htm", "finalLink": "https://www.sec.gov/Archives/edgar/data/897077/000089707719000012/alg-20181231.htm", "calculatedOtherExpenses": -10429000, "calculatedOperatingExpenses": 155027000, "calculatedNetInterest": -5083000, "calculatedOtherIncome": -1474000, "calculatedIncomeNonControlling": 0, "calculatedEbitda": 124202000}, {"date": "2017-12-31", "symbol": "ALG", "reportedCurrency": "USD", "cik": "0000897077", "fillingDate": "2018-03-01", "acceptedDate": "2018-03-01 17:29:38", "calendarYear": "2017", "period": "FY", "revenue": 912380000, "costOfRevenue": 677687000, "grossProfit": 234693000, "grossProfitRatio": 0.2572316359, "researchAndDevelopmentExpenses": 9849000, "generalAndAdministrativeExpenses": 136389000, "sellingAndMarketingExpenses": 9566000, "sellingGeneralAndAdministrativeExpenses": 145955000, "otherExpenses": -1868000, "operatingExpenses": 145955000, "costAndExpenses": 823642000, "interestIncome": 336000, "interestExpense": 4839000, "depreciationAndAmortization": 20464000, "ebitda": 87206000, "ebitdaratio": 0.0955807887, "operatingIncome": 88738000, "operatingIncomeRatio": 0.0972599136, "totalOtherIncomeExpensesNet": -1868000, "incomeBeforeTax": 82367000, "incomeBeforeTaxRatio": 0.0902770775, "incomeTaxExpense": 38052000, "netIncome": 44315000, "netIncomeRatio": 0.048570771, "eps": 3.84, "epsdiluted": 3.79, "weightedAverageShsOut": 11549000, "weightedAverageShsOutDil": 11682000, "link": "https://www.sec.gov/Archives/edgar/data/897077/000089707718000010/0000897077-18-000010-index.htm", "finalLink": "https://www.sec.gov/Archives/edgar/data/897077/000089707718000010/a201710k-body.htm", "calculatedOtherExpenses": -9849000, "calculatedOperatingExpenses": 145955000, "calculatedNetInterest": -4503000, "calculatedOtherIncome": -1868000, "calculatedIncomeNonControlling": 0, "calculatedEbitda": 109202000}, {"date": "2016-12-31", "symbol": "ALG", "reportedCurrency": "USD", "cik": "0000897077", "fillingDate": "2017-03-07", "acceptedDate": "2017-03-07 16:59:42", "calendarYear": "2016", "period": "FY", "revenue": 844748000, "costOfRevenue": 639649000, "grossProfit": 205099000, "grossProfitRatio": 0.242793117, "researchAndDevelopmentExpenses": 8847000, "generalAndAdministrativeExpenses": 129737000, "sellingAndMarketingExpenses": 7742000, "sellingGeneralAndAdministrativeExpenses": 137479000, "otherExpenses": 269000, "operatingExpenses": 137479000, "costAndExpenses": 777128000, "interestIncome": 214000, "interestExpense": 5914000, "depreciationAndAmortization": 20800000, "ebitda": 68103000, "ebitdaratio": 0.080619309, "operatingIncome": 67620000, "operatingIncomeRatio": 0.0800475408, "totalOtherIncomeExpensesNet": 269000, "incomeBeforeTax": 62189000, "incomeBeforeTaxRatio": 0.0736184045, "incomeTaxExpense": 22144000, "netIncome": 40045000, "netIncomeRatio": 0.0474046698, "eps": 3.5, "epsdiluted": 3.46, "weightedAverageShsOut": 11434000, "weightedAverageShsOutDil": 11565000, "link": "https://www.sec.gov/Archives/edgar/data/897077/000089707717000019/0000897077-17-000019-index.htm", "finalLink": "https://www.sec.gov/Archives/edgar/data/897077/000089707717000019/a201610k-body.htm", "calculatedOtherExpenses": -8847000, "calculatedOperatingExpenses": 137479000, "calculatedNetInterest": -5700000, "calculatedOtherIncome": 269000, "calculatedIncomeNonControlling": 0, "calculatedEbitda": 88420000}, {"date": "2015-12-31", "symbol": "ALG", "reportedCurrency": "USD", "cik": "0000897077", "fillingDate": "2016-03-04", "acceptedDate": "2016-03-04 16:49:46", "calendarYear": "2015", "period": "FY", "revenue": 879577000, "costOfRevenue": 677129000, "grossProfit": 202448000, "grossProfitRatio": 0.2301651817, "researchAndDevelopmentExpenses": 8590000, "generalAndAdministrativeExpenses": 128250000, "sellingAndMarketingExpenses": 7670000, "sellingGeneralAndAdministrativeExpenses": 135920000, "otherExpenses": 6874000, "operatingExpenses": 135920000, "costAndExpenses": 813049000, "interestIncome": 189000, "interestExpense": 6724000, "depreciationAndAmortization": 22101000, "ebitda": 73591000, "ebitdaratio": 0.0836663533, "operatingIncome": 66528000, "operatingIncomeRatio": 0.075636357, "totalOtherIncomeExpensesNet": 6874000, "incomeBeforeTax": 66867000, "incomeBeforeTaxRatio": 0.0760217696, "incomeTaxExpense": 23658000, "netIncome": 43209000, "netIncomeRatio": 0.0491247497, "eps": 3.81, "epsdiluted": 3.76, "weightedAverageShsOut": 11349000, "weightedAverageShsOutDil": 11482000, "link": "https://www.sec.gov/Archives/edgar/data/897077/000089707716000097/0000897077-16-000097-index.htm", "finalLink": "https://www.sec.gov/Archives/edgar/data/897077/000089707716000097/a201510k-body.htm", "calculatedOtherExpenses": -8590000, "calculatedOperatingExpenses": 135920000, "calculatedNetInterest": -6535000, "calculatedOtherIncome": 6874000, "calculatedIncomeNonControlling": 0, "calculatedEbitda": 88629000}, {"date": "2014-12-31", "symbol": "ALG", "reportedCurrency": "USD", "cik": "0000897077", "fillingDate": "2015-03-06", "acceptedDate": "2015-03-06 17:31:01", "calendarYear": "2014", "period": "FY", "revenue": 839055000, "costOfRevenue": 649827000, "grossProfit": 189228000, "grossProfitRatio": 0.2255251444, "researchAndDevelopmentExpenses": 8427000, "generalAndAdministrativeExpenses": 119196000, "sellingAndMarketingExpenses": 7368000, "sellingGeneralAndAdministrativeExpenses": 126564000, "otherExpenses": 1767000, "operatingExpenses": 126564000, "costAndExpenses": 776391000, "interestIncome": 211000, "interestExpense": 4037000, "depreciationAndAmortization": 12650000, "ebitda": 77292000, "ebitdaratio": 0.0921179184, "operatingIncome": 62664000, "operatingIncomeRatio": 0.0746840195, "totalOtherIncomeExpensesNet": 1767000, "incomeBeforeTax": 60605000, "incomeBeforeTaxRatio": 0.0722300684, "incomeTaxExpense": 19454000, "netIncome": 41151000, "netIncomeRatio": 0.0490444607, "eps": 3.47, "epsdiluted": 3.42, "weightedAverageShsOut": 11875000, "weightedAverageShsOutDil": 12039000, "link": "https://www.sec.gov/Archives/edgar/data/897077/000089707715000011/0000897077-15-000011-index.htm", "finalLink": "https://www.sec.gov/Archives/edgar/data/897077/000089707715000011/a201410k-body.htm", "calculatedOtherExpenses": -8427000, "calculatedOperatingExpenses": 126564000, "calculatedNetInterest": -3826000, "calculatedOtherIncome": 1767000, "calculatedIncomeNonControlling": 0, "calculatedEbitda": 75314000}, {"date": "2013-12-31", "symbol": "ALG", "reportedCurrency": "USD", "cik": "0000897077", "fillingDate": "2014-03-11", "acceptedDate": "2014-03-11 16:30:17", "calendarYear": "2013", "period": "FY", "revenue": 676836000, "costOfRevenue": 518326000, "grossProfit": 158510000, "grossProfitRatio": 0.2341926257, "researchAndDevelopmentExpenses": 7164000, "generalAndAdministrativeExpenses": 101127000, "sellingAndMarketingExpenses": 6646000, "sellingGeneralAndAdministrativeExpenses": 107773000, "otherExpenses": 1626000, "operatingExpenses": 107773000, "costAndExpenses": 626099000, "interestIncome": 186000, "interestExpense": 1161000, "depreciationAndAmortization": 8898000, "ebitda": 52549000, "ebitdaratio": 0.0776391918, "operatingIncome": 50737000, "operatingIncomeRatio": 0.0749620292, "totalOtherIncomeExpensesNet": 1626000, "incomeBeforeTax": 51388000, "incomeBeforeTaxRatio": 0.0759238575, "incomeTaxExpense": 15294000, "netIncome": 36094000, "netIncomeRatio": 0.0533275417, "eps": 3, "epsdiluted": 2.96, "weightedAverageShsOut": 12050000, "weightedAverageShsOutDil": 12212000, "link": "https://www.sec.gov/Archives/edgar/data/897077/000089707714000007/0000897077-14-000007-index.htm", "finalLink": "https://www.sec.gov/Archives/edgar/data/897077/000089707714000007/a201310k-body.htm", "calculatedOtherExpenses": -7164000, "calculatedOperatingExpenses": 107773000, "calculatedNetInterest": -975000, "calculatedOtherIncome": 1626000, "calculatedIncomeNonControlling": 0, "calculatedEbitda": 59635000}, {"date": "2012-12-31", "symbol": "ALG", "reportedCurrency": "USD", "cik": "0000897077", "fillingDate": "2013-03-11", "acceptedDate": "2013-03-11 15:15:47", "calendarYear": "2012", "period": "FY", "revenue": 628402000, "costOfRevenue": 484890000, "grossProfit": 143512000, "grossProfitRatio": 0.2283761032, "researchAndDevelopmentExpenses": 6362000, "generalAndAdministrativeExpenses": 91154000, "sellingAndMarketingExpenses": 6353000, "sellingGeneralAndAdministrativeExpenses": 97507000, "otherExpenses": -517000, "operatingExpenses": 97507000, "costAndExpenses": 582397000, "interestIncome": 234000, "interestExpense": 1620000, "depreciationAndAmortization": 9948000, "ebitda": 55670000, "ebitdaratio": 0.0885897881, "operatingIncome": 45349000, "operatingIncomeRatio": 0.0721655883, "totalOtherIncomeExpensesNet": -1173000, "incomeBeforeTax": 43446000, "incomeBeforeTaxRatio": 0.069137272, "incomeTaxExpense": 14543000, "netIncome": 28903000, "netIncomeRatio": 0.045994443, "eps": 2.43, "epsdiluted": 2.4, "weightedAverageShsOut": 11899000, "weightedAverageShsOutDil": 12058000, "link": "https://www.sec.gov/Archives/edgar/data/897077/000089707713000009/0000897077-13-000009-index.htm", "finalLink": "https://www.sec.gov/Archives/edgar/data/897077/000089707713000009/a201210k-body.htm", "calculatedOtherExpenses": -5706000, "calculatedOperatingExpenses": 98163000, "calculatedNetInterest": -1386000, "calculatedOtherIncome": -517000, "calculatedIncomeNonControlling": 0, "calculatedEbitda": 55297000}, {"date": "2011-12-31", "symbol": "ALG", "reportedCurrency": "USD", "cik": "0000897077", "fillingDate": "2012-03-12", "acceptedDate": "2012-03-12 16:26:28", "calendarYear": "2011", "period": "FY", "revenue": 603593000, "costOfRevenue": 468508000, "grossProfit": 135085000, "grossProfitRatio": 0.2238014689, "researchAndDevelopmentExpenses": 0, "generalAndAdministrativeExpenses": 0, "sellingAndMarketingExpenses": 0, "sellingGeneralAndAdministrativeExpenses": 92347000, "otherExpenses": 0, "operatingExpenses": 84602000, "costAndExpenses": 553110000, "interestIncome": 246000, "interestExpense": 2422000, "depreciationAndAmortization": 10418000, "ebitda": 50729000, "ebitdaratio": 0.0840450436, "operatingIncome": 48585000, "operatingIncomeRatio": 0.0804929812, "totalOtherIncomeExpensesNet": -1050000, "incomeBeforeTax": 47257000, "incomeBeforeTaxRatio": 0.0782928231, "incomeTaxExpense": 15187000, "netIncome": 32070000, "netIncomeRatio": 0.0531318289, "eps": 2.71, "epsdiluted": 2.68, "weightedAverageShsOut": 11848000, "weightedAverageShsOutDil": 11966000, "link": "https://www.sec.gov/Archives/edgar/data/897077/000089707712000004/0000897077-12-000004-index.htm", "finalLink": "https://www.sec.gov/Archives/edgar/data/897077/000089707712000004/alg-12312011x10k.htm", "calculatedOtherExpenses": -5847000, "calculatedOperatingExpenses": 86500000, "calculatedNetInterest": -2176000, "calculatedOtherIncome": 848000, "calculatedIncomeNonControlling": 0, "calculatedEbitda": 59003000}, {"date": "2010-12-31", "symbol": "ALG", "reportedCurrency": "USD", "cik": "0000897077", "fillingDate": "2011-03-15", "acceptedDate": "2011-03-15 09:28:09", "calendarYear": "2010", "period": "FY", "revenue": 524540000, "costOfRevenue": 407626000, "grossProfit": 116914000, "grossProfitRatio": 0.2228886262, "researchAndDevelopmentExpenses": 0, "generalAndAdministrativeExpenses": 0, "sellingAndMarketingExpenses": 0, "sellingGeneralAndAdministrativeExpenses": 86041000, "otherExpenses": 0, "operatingExpenses": 86041000, "costAndExpenses": 493667000, "interestIncome": 1533000, "interestExpense": 3664000, "depreciationAndAmortization": 10900000, "ebitda": 32406000, "ebitdaratio": 0.0617798452, "operatingIncome": 30873000, "operatingIncomeRatio": 0.0588572845, "totalOtherIncomeExpensesNet": 290000, "incomeBeforeTax": 29032000, "incomeBeforeTaxRatio": 0.0553475426, "incomeTaxExpense": 7915000, "netIncome": 21117000, "netIncomeRatio": 0.0402581309, "eps": 1.79, "epsdiluted": 1.78, "weightedAverageShsOut": 11782000, "weightedAverageShsOutDil": 11893000, "link": "https://www.sec.gov/Archives/edgar/data/897077/000100329711000103/0001003297-11-000103-index.htm", "finalLink": "https://www.sec.gov/Archives/edgar/data/897077/000100329711000103/esalamo10k.htm", "calculatedOtherExpenses": 0, "calculatedOperatingExpenses": 86041000, "calculatedNetInterest": -2131000, "calculatedOtherIncome": 290000, "calculatedIncomeNonControlling": 0, "calculatedEbitda": 41773000}, {"date": "2009-12-31", "symbol": "ALG", "reportedCurrency": "USD", "cik": "0000897077", "fillingDate": "2010-03-15", "acceptedDate": "2010-03-15 14:54:44", "calendarYear": "2009", "period": "FY", "revenue": 446487000, "costOfRevenue": 351926000, "grossProfit": 94561000, "grossProfitRatio": 0.2117889211, "researchAndDevelopmentExpenses": 0, "generalAndAdministrativeExpenses": 0, "sellingAndMarketingExpenses": 0, "sellingGeneralAndAdministrativeExpenses": 76099000, "otherExpenses": 0, "operatingExpenses": 61995000, "costAndExpenses": 413921000, "interestIncome": 713000, "interestExpense": 4766000, "depreciationAndAmortization": 8848000, "ebitda": 47489000, "ebitdaratio": 0.1063614394, "operatingIncome": 32047000, "operatingIncomeRatio": 0.071775886, "totalOtherIncomeExpensesNet": -14104000, "incomeBeforeTax": 28619000, "incomeBeforeTaxRatio": 0.0640981708, "incomeTaxExpense": 11528000, "netIncome": 17091000, "netIncomeRatio": 0.0382788301, "eps": 1.65, "epsdiluted": 1.65, "weightedAverageShsOut": 10330000, "weightedAverageShsOutDil": 10363000, "link": "https://www.sec.gov/Archives/edgar/data/897077/000100329710000062/0001003297-10-000062-index.htm", "finalLink": "https://www.sec.gov/Archives/edgar/data/897077/000100329710000062/alamo10k.htm", "calculatedOtherExpenses": -13585000, "calculatedOperatingExpenses": 62514000, "calculatedNetInterest": -4053000, "calculatedOtherIncome": 625000, "calculatedIncomeNonControlling": 0, "calculatedEbitda": 40895000}, {"date": "2008-12-31", "symbol": "ALG", "reportedCurrency": "USD", "cik": "0000897077", "fillingDate": "2009-03-11", "acceptedDate": "2009-03-10 18:58:14", "calendarYear": "2008", "period": "FY", "revenue": 557135000, "costOfRevenue": 447721000, "grossProfit": 109414000, "grossProfitRatio": 0.1963868721, "researchAndDevelopmentExpenses": 0, "generalAndAdministrativeExpenses": 0, "sellingAndMarketingExpenses": 0, "sellingGeneralAndAdministrativeExpenses": 83059000, "otherExpenses": 5010000, "operatingExpenses": 88069000, "costAndExpenses": 535790000, "interestIncome": 1818000, "interestExpense": 7450000, "depreciationAndAmortization": 9360000, "ebitda": 34202000, "ebitdaratio": 0.0613890709, "operatingIncome": 21345000, "operatingIncomeRatio": 0.0383120788, "totalOtherIncomeExpensesNet": -3497000, "incomeBeforeTax": 17226000, "incomeBeforeTaxRatio": 0.0309188976, "incomeTaxExpense": 6227000, "netIncome": 10999000, "netIncomeRatio": 0.0197420733, "eps": 1.12, "epsdiluted": 1.11, "weightedAverageShsOut": 9847000, "weightedAverageShsOutDil": 9950000, "link": "https://www.sec.gov/Archives/edgar/data/897077/000100329709000068/0001003297-09-000068-index.htm", "finalLink": "https://www.sec.gov/Archives/edgar/data/897077/000100329709000068/esalamo10k.htm", "calculatedOtherExpenses": 5010000, "calculatedOperatingExpenses": 88069000, "calculatedNetInterest": -5632000, "calculatedOtherIncome": 1513000, "calculatedIncomeNonControlling": 0, "calculatedEbitda": 30705000}, {"date": "2007-12-31", "symbol": "ALG", "reportedCurrency": "USD", "cik": "0000897077", "fillingDate": "2008-03-12", "acceptedDate": "2008-03-11 18:19:08", "calendarYear": "2007", "period": "FY", "revenue": 504386000, "costOfRevenue": 406675000, "grossProfit": 97711000, "grossProfitRatio": 0.1937226648, "researchAndDevelopmentExpenses": 0, "generalAndAdministrativeExpenses": 0, "sellingAndMarketingExpenses": 0, "sellingGeneralAndAdministrativeExpenses": 73874000, "otherExpenses": 0, "operatingExpenses": 73874000, "costAndExpenses": 480549000, "interestIncome": 1723000, "interestExpense": 8338000, "depreciationAndAmortization": 9018000, "ebitda": 32042000, "ebitdaratio": 0.0635267434, "operatingIncome": 23837000, "operatingIncomeRatio": 0.0472594402, "totalOtherIncomeExpensesNet": 813000, "incomeBeforeTax": 18035000, "incomeBeforeTaxRatio": 0.0357563453, "incomeTaxExpense": 5670000, "netIncome": 12365000, "netIncomeRatio": 0.0245149548, "eps": 1.26, "epsdiluted": 1.24, "weightedAverageShsOut": 9781000, "weightedAverageShsOutDil": 9953000, "link": "https://www.sec.gov/Archives/edgar/data/897077/000100329708000054/0001003297-08-000054-index.htm", "finalLink": "https://www.sec.gov/Archives/edgar/data/897077/000100329708000054/esalamo10k.htm", "calculatedOtherExpenses": 0, "calculatedOperatingExpenses": 73874000, "calculatedNetInterest": -6615000, "calculatedOtherIncome": 813000, "calculatedIncomeNonControlling": 0, "calculatedEbitda": 32855000}, {"date": "2006-12-31", "symbol": "ALG", "reportedCurrency": "USD", "cik": "0000897077", "fillingDate": "2007-03-14", "acceptedDate": "2007-03-13 18:59:57", "calendarYear": "2006", "period": "FY", "revenue": 456494000, "costOfRevenue": 366604000, "grossProfit": 89890000, "grossProfitRatio": 0.1969138696, "researchAndDevelopmentExpenses": 0, "generalAndAdministrativeExpenses": 0, "sellingAndMarketingExpenses": 0, "sellingGeneralAndAdministrativeExpenses": 66858000, "otherExpenses": 0, "operatingExpenses": 66858000, "costAndExpenses": 433462000, "interestIncome": 796000, "interestExpense": 6912000, "depreciationAndAmortization": 9198000, "ebitda": 32171000, "ebitdaratio": 0.0704740917, "operatingIncome": 23032000, "operatingIncomeRatio": 0.0504541133, "totalOtherIncomeExpensesNet": 59000, "incomeBeforeTax": 16975000, "incomeBeforeTaxRatio": 0.0371855928, "incomeTaxExpense": 5487000, "netIncome": 11488000, "netIncomeRatio": 0.0251657196, "eps": 1.18, "epsdiluted": 1.16, "weightedAverageShsOut": 9756000, "weightedAverageShsOutDil": 9925000, "link": "https://www.sec.gov/Archives/edgar/data/897077/000100329707000072/0001003297-07-000072-index.htm", "finalLink": "https://www.sec.gov/Archives/edgar/data/897077/000100329707000072/alamo10k1.htm", "calculatedOtherExpenses": 0, "calculatedOperatingExpenses": 66858000, "calculatedNetInterest": -6116000, "calculatedOtherIncome": 59000, "calculatedIncomeNonControlling": 0, "calculatedEbitda": 32230000}, {"date": "2005-12-31", "symbol": "ALG", "reportedCurrency": "USD", "cik": "0000897077", "fillingDate": "2006-03-16", "acceptedDate": "2006-03-16 11:32:57", "calendarYear": "2005", "period": "FY", "revenue": 368110000, "costOfRevenue": 289353000, "grossProfit": 78757000, "grossProfitRatio": 0.2139496346, "researchAndDevelopmentExpenses": 0, "generalAndAdministrativeExpenses": 0, "sellingAndMarketingExpenses": 0, "sellingGeneralAndAdministrativeExpenses": 59868000, "otherExpenses": 0, "operatingExpenses": 59868000, "costAndExpenses": 349221000, "interestIncome": 825000, "interestExpense": 3041000, "depreciationAndAmortization": 6456000, "ebitda": 25279000, "ebitdaratio": 0.0686724077, "operatingIncome": 18400000, "operatingIncomeRatio": 0.0499850588, "totalOtherIncomeExpensesNet": 66000, "incomeBeforeTax": 16739000, "incomeBeforeTaxRatio": 0.0454728206, "incomeTaxExpense": 5448000, "netIncome": 11291000, "netIncomeRatio": 0.0306728967, "eps": 1.16, "epsdiluted": 1.14, "weightedAverageShsOut": 9746000, "weightedAverageShsOutDil": 9908000, "link": "https://www.sec.gov/Archives/edgar/data/897077/000100329706000101/0001003297-06-000101-index.htm", "finalLink": "https://www.sec.gov/Archives/edgar/data/897077/000100329706000101/alamo10k1.htm", "calculatedOtherExpenses": 489000, "calculatedOperatingExpenses": 60357000, "calculatedNetInterest": -2216000, "calculatedOtherIncome": 555000, "calculatedIncomeNonControlling": 0, "calculatedEbitda": 24856000}, {"date": "2004-12-31", "symbol": "ALG", "reportedCurrency": "USD", "cik": "0000897077", "fillingDate": "2005-03-11", "acceptedDate": "2005-03-11 12:09:58", "calendarYear": "2004", "period": "FY", "revenue": 342171000, "costOfRevenue": 266995000, "grossProfit": 75176000, "grossProfitRatio": 0.219703014, "researchAndDevelopmentExpenses": 0, "generalAndAdministrativeExpenses": 0, "sellingAndMarketingExpenses": 0, "sellingGeneralAndAdministrativeExpenses": 52478000, "otherExpenses": 0, "operatingExpenses": 52478000, "costAndExpenses": 319473000, "interestIncome": 724000, "interestExpense": 2049000, "depreciationAndAmortization": 6297000, "ebitda": 29786000, "ebitdaratio": 0.0870500422, "operatingIncome": 22698000, "operatingIncomeRatio": 0.0663352534, "totalOtherIncomeExpensesNet": -791000, "incomeBeforeTax": 20582000, "incomeBeforeTaxRatio": 0.0601512109, "incomeTaxExpense": 7186000, "netIncome": 13396000, "netIncomeRatio": 0.0391500156, "eps": 1.38, "epsdiluted": 1.36, "weightedAverageShsOut": 9731000, "weightedAverageShsOutDil": 9864000, "link": "https://www.sec.gov/Archives/edgar/data/897077/000100329705000049/0001003297-05-000049-index.htm", "finalLink": "https://www.sec.gov/Archives/edgar/data/897077/000100329705000049/alamo10k1.htm", "calculatedOtherExpenses": 0, "calculatedOperatingExpenses": 52478000, "calculatedNetInterest": -1325000, "calculatedOtherIncome": -791000, "calculatedIncomeNonControlling": 0, "calculatedEbitda": 28995000}, {"date": "2003-12-31", "symbol": "ALG", "reportedCurrency": "USD", "cik": "0000897077", "fillingDate": "2004-03-15", "acceptedDate": "2004-03-15 16:39:19", "calendarYear": "2003", "period": "FY", "revenue": 279078000, "costOfRevenue": 219316000, "grossProfit": 59762000, "grossProfitRatio": 0.2141408495, "researchAndDevelopmentExpenses": 0, "generalAndAdministrativeExpenses": 0, "sellingAndMarketingExpenses": 0, "sellingGeneralAndAdministrativeExpenses": 45775000, "otherExpenses": 0, "operatingExpenses": 45775000, "costAndExpenses": 265091000, "interestIncome": 478000, "interestExpense": 1968000, "depreciationAndAmortization": 5890000, "ebitda": 19402000, "ebitdaratio": 0.0695217824, "operatingIncome": 13987000, "operatingIncomeRatio": 0.0501186048, "totalOtherIncomeExpensesNet": 475000, "incomeBeforeTax": 12972000, "incomeBeforeTaxRatio": 0.0464816288, "incomeTaxExpense": 4934000, "netIncome": 8038000, "netIncomeRatio": 0.0288019837, "eps": 0.83, "epsdiluted": 0.82, "weightedAverageShsOut": 9721000, "weightedAverageShsOutDil": 9789000, "link": "https://www.sec.gov/Archives/edgar/data/897077/000100329704000130/0001003297-04-000130-index.htm", "finalLink": "https://www.sec.gov/Archives/edgar/data/897077/000100329704000130/alamo10k1.htm", "calculatedOtherExpenses": 0, "calculatedOperatingExpenses": 45775000, "calculatedNetInterest": -1490000, "calculatedOtherIncome": 475000, "calculatedIncomeNonControlling": 0, "calculatedEbitda": 19877000}, {"date": "2002-12-31", "symbol": "ALG", "reportedCurrency": "USD", "cik": "0000897077", "fillingDate": "2003-03-19", "acceptedDate": "2003-03-19 14:20:56", "calendarYear": "2002", "period": "FY", "revenue": 259435000, "costOfRevenue": 205891000, "grossProfit": 53544000, "grossProfitRatio": 0.2063869563, "researchAndDevelopmentExpenses": 0, "generalAndAdministrativeExpenses": 0, "sellingAndMarketingExpenses": 0, "sellingGeneralAndAdministrativeExpenses": 42112000, "otherExpenses": 0, "operatingExpenses": 42112000, "costAndExpenses": 248003000, "interestIncome": 503000, "interestExpense": 2426000, "depreciationAndAmortization": 5549000, "ebitda": 16716000, "ebitdaratio": 0.0644323241, "operatingIncome": 11432000, "operatingIncomeRatio": 0.0440649874, "totalOtherIncomeExpensesNet": 265000, "incomeBeforeTax": 9774000, "incomeBeforeTaxRatio": 0.0376741766, "incomeTaxExpense": 3392000, "netIncome": 6382000, "netIncomeRatio": 0.0245996107, "eps": 0.66, "epsdiluted": 0.65, "weightedAverageShsOut": 9713000, "weightedAverageShsOutDil": 9789000, "link": "https://www.sec.gov/Archives/edgar/data/897077/000100329703000058/0001003297-03-000058-index.htm", "finalLink": "https://www.sec.gov/Archives/edgar/data/897077/000100329703000058/alamok1.htm", "calculatedOtherExpenses": 0, "calculatedOperatingExpenses": 42112000, "calculatedNetInterest": -1923000, "calculatedOtherIncome": 265000, "calculatedIncomeNonControlling": 0, "calculatedEbitda": 16981000}, {"date": "2001-12-31", "symbol": "ALG", "reportedCurrency": "USD", "cik": "0000897077", "fillingDate": "2002-03-28", "acceptedDate": "2002-03-28 00:00:00", "calendarYear": "2001", "period": "FY", "revenue": 246047000, "costOfRevenue": 186518000, "grossProfit": 59529000, "grossProfitRatio": 0.2419415803, "researchAndDevelopmentExpenses": 0, "generalAndAdministrativeExpenses": 0, "sellingAndMarketingExpenses": 0, "sellingGeneralAndAdministrativeExpenses": 40173000, "otherExpenses": 0, "operatingExpenses": 40173000, "costAndExpenses": 226691000, "interestIncome": 609000, "interestExpense": 3284000, "depreciationAndAmortization": 6330000, "ebitda": 25761000, "ebitdaratio": 0.1046995086, "operatingIncome": 19356000, "operatingIncomeRatio": 0.0786678968, "totalOtherIncomeExpensesNet": -75000, "incomeBeforeTax": 16606000, "incomeBeforeTaxRatio": 0.0674911704, "incomeTaxExpense": 5794000, "netIncome": 10812000, "netIncomeRatio": 0.0439428239, "eps": 1.11, "epsdiluted": 1.11, "weightedAverageShsOut": 9706000, "weightedAverageShsOutDil": 9787000, "link": "https://www.sec.gov/Archives/edgar/data/897077/000091205702012201/0000912057-02-012201-index.htm", "finalLink": "https://www.sec.gov/Archives/edgar/data/897077/000091205702012201/a2073604z10-k.txt", "calculatedOtherExpenses": 0, "calculatedOperatingExpenses": 40173000, "calculatedNetInterest": -2675000, "calculatedOtherIncome": -75000, "calculatedIncomeNonControlling": 0, "calculatedEbitda": 25686000}, {"date": "2000-12-31", "symbol": "ALG", "reportedCurrency": "USD", "cik": "0000897077", "fillingDate": "2001-03-30", "acceptedDate": "2001-03-30 00:00:00", "calendarYear": "2000", "period": "FY", "revenue": 215874000, "costOfRevenue": 163723000, "grossProfit": 52151000, "grossProfitRatio": 0.2415807369, "researchAndDevelopmentExpenses": 0, "generalAndAdministrativeExpenses": 0, "sellingAndMarketingExpenses": 0, "sellingGeneralAndAdministrativeExpenses": 34650000, "otherExpenses": 0, "operatingExpenses": 34650000, "costAndExpenses": 198373000, "interestIncome": 760000, "interestExpense": 2190000, "depreciationAndAmortization": 5999000, "ebitda": 23681000, "ebitdaratio": 0.1096982499, "operatingIncome": 17501000, "operatingIncomeRatio": 0.0810704392, "totalOtherIncomeExpensesNet": -181000, "incomeBeforeTax": 15890000, "incomeBeforeTaxRatio": 0.0736077527, "incomeTaxExpense": 5120000, "netIncome": 10770000, "netIncomeRatio": 0.0498902137, "eps": 1.11, "epsdiluted": 1.11, "weightedAverageShsOut": 9698000, "weightedAverageShsOutDil": 9759000, "link": "https://www.sec.gov/Archives/edgar/data/897077/000091205701505768/0000912057-01-505768-index.htm", "finalLink": "https://www.sec.gov/Archives/edgar/data/897077/000091205701505768/a2042186z10-k.txt", "calculatedOtherExpenses": 0, "calculatedOperatingExpenses": 34650000, "calculatedNetInterest": -1430000, "calculatedOtherIncome": -181000, "calculatedIncomeNonControlling": 0, "calculatedEbitda": 23500000}, {"date": "1999-12-31", "symbol": "ALG", "reportedCurrency": "USD", "cik": "0000897077", "fillingDate": "2000-03-30", "acceptedDate": "2000-03-30 00:00:00", "calendarYear": "1999", "period": "FY", "revenue": 176608000, "costOfRevenue": 135705000, "grossProfit": 40903000, "grossProfitRatio": 0.2316033249, "researchAndDevelopmentExpenses": 0, "generalAndAdministrativeExpenses": 0, "sellingAndMarketingExpenses": 0, "sellingGeneralAndAdministrativeExpenses": 30123000, "otherExpenses": 0, "operatingExpenses": 30123000, "costAndExpenses": 165828000, "interestIncome": 0, "interestExpense": 0, "depreciationAndAmortization": 5152000, "ebitda": 16125000, "ebitdaratio": 0.0913039047, "operatingIncome": 10780000, "operatingIncomeRatio": 0.0610391375, "totalOtherIncomeExpensesNet": -193000, "incomeBeforeTax": 9696000, "incomeBeforeTaxRatio": 0.0549012502, "incomeTaxExpense": 3594000, "netIncome": 6102000, "netIncomeRatio": 0.0345510962, "eps": 0.63, "epsdiluted": 0.63, "weightedAverageShsOut": 9722000, "weightedAverageShsOutDil": 9726000, "link": "https://www.sec.gov/Archives/edgar/data/897077/000089056600000423/0000890566-00-000423-index.html", "finalLink": "https://www.sec.gov/Archives/edgar/data/897077/000089056600000423/", "calculatedOtherExpenses": 0, "calculatedOperatingExpenses": 30123000, "calculatedNetInterest": 0, "calculatedOtherIncome": -1084000, "calculatedIncomeNonControlling": 0, "calculatedEbitda": 15932000}, {"date": "1998-12-31", "symbol": "ALG", "reportedCurrency": "USD", "cik": "0000897077", "fillingDate": "1999-03-30", "acceptedDate": "1999-03-30 00:00:00", "calendarYear": "1998", "period": "FY", "revenue": 200553000, "costOfRevenue": 156895000, "grossProfit": 43658000, "grossProfitRatio": 0.2176880924, "researchAndDevelopmentExpenses": 0, "generalAndAdministrativeExpenses": 0, "sellingAndMarketingExpenses": 0, "sellingGeneralAndAdministrativeExpenses": 35169000, "otherExpenses": 0, "operatingExpenses": 35169000, "costAndExpenses": 192064000, "interestIncome": 697000, "interestExpense": 2647000, "depreciationAndAmortization": 5835000, "ebitda": 14328000, "ebitdaratio": 0.0714424616, "operatingIncome": 8489000, "operatingIncomeRatio": 0.0423279632, "totalOtherIncomeExpensesNet": -4000, "incomeBeforeTax": 6535000, "incomeBeforeTaxRatio": 0.0325849027, "incomeTaxExpense": 2420000, "netIncome": 4115000, "netIncomeRatio": 0.020518267, "eps": 0.42, "epsdiluted": 0.42, "weightedAverageShsOut": 9714000, "weightedAverageShsOutDil": 9730000, "link": "https://www.sec.gov/Archives/edgar/data/897077/000089056699000380/0000890566-99-000380-index.html", "finalLink": "https://www.sec.gov/Archives/edgar/data/897077/", "calculatedOtherExpenses": 0, "calculatedOperatingExpenses": 35169000, "calculatedNetInterest": -1950000, "calculatedOtherIncome": -4000, "calculatedIncomeNonControlling": 0, "calculatedEbitda": 14324000}, {"date": "1997-12-31", "symbol": "ALG", "reportedCurrency": "USD", "cik": "0000897077", "fillingDate": "1998-03-31", "acceptedDate": "1998-03-31 00:00:00", "calendarYear": "1997", "period": "FY", "revenue": 203092000, "costOfRevenue": 149940000, "grossProfit": 53152000, "grossProfitRatio": 0.2617139031, "researchAndDevelopmentExpenses": 0, "generalAndAdministrativeExpenses": 0, "sellingAndMarketingExpenses": 0, "sellingGeneralAndAdministrativeExpenses": 31026000, "otherExpenses": 0, "operatingExpenses": 31026000, "costAndExpenses": 180966000, "interestIncome": 0, "interestExpense": 0, "depreciationAndAmortization": 5064000, "ebitda": 26982000, "ebitdaratio": 0.1328560455, "operatingIncome": 22126000, "operatingIncomeRatio": 0.1089456995, "totalOtherIncomeExpensesNet": 208000, "incomeBeforeTax": 20595000, "incomeBeforeTaxRatio": 0.101407244, "incomeTaxExpense": 6995000, "netIncome": 13600000, "netIncomeRatio": 0.0669647253, "eps": 1.42, "epsdiluted": 1.41, "weightedAverageShsOut": 9602000, "weightedAverageShsOutDil": 9674000, "link": "https://www.sec.gov/Archives/edgar/data/897077/000089056698000548/0000890566-98-000548-index.html", "finalLink": "https://www.sec.gov/Archives/edgar/data/897077/", "calculatedOtherExpenses": 0, "calculatedOperatingExpenses": 31026000, "calculatedNetInterest": 0, "calculatedOtherIncome": -1531000, "calculatedIncomeNonControlling": 0, "calculatedEbitda": 27190000}, {"date": "1996-12-31", "symbol": "ALG", "reportedCurrency": "USD", "cik": "0000897077", "fillingDate": "1997-03-27", "acceptedDate": "1997-03-27 00:00:00", "calendarYear": "1996", "period": "FY", "revenue": 183600000, "costOfRevenue": 133100000, "grossProfit": 50500000, "grossProfitRatio": 0.2750544662, "researchAndDevelopmentExpenses": 0, "generalAndAdministrativeExpenses": 0, "sellingAndMarketingExpenses": 0, "sellingGeneralAndAdministrativeExpenses": 29800000, "otherExpenses": 5400000, "operatingExpenses": 35200000, "costAndExpenses": 168300000, "interestIncome": 0, "interestExpense": 2600000, "depreciationAndAmortization": 5400000, "ebitda": 19700000, "ebitdaratio": 0.1072984749, "operatingIncome": 15300000, "operatingIncomeRatio": 0.0833333333, "totalOtherIncomeExpensesNet": 1000000, "incomeBeforeTax": 13800000, "incomeBeforeTaxRatio": 0.0751633987, "incomeTaxExpense": 5000000, "netIncome": 8800000, "netIncomeRatio": 0.0479302832, "eps": 0.91, "epsdiluted": 0.91, "weightedAverageShsOut": 9585000, "weightedAverageShsOutDil": 9585000, "link": "https://www.sec.gov/Archives/edgar/data/897077/000089707797000013/0000897077-97-000013-index.html", "finalLink": "https://www.sec.gov/Archives/edgar/data/897077/", "calculatedOtherExpenses": 5400000, "calculatedOperatingExpenses": 35200000, "calculatedNetInterest": -2600000, "calculatedOtherIncome": 1100000, "calculatedIncomeNonControlling": 0, "calculatedEbitda": 20700000}, {"date": "1995-12-31", "symbol": "ALG", "reportedCurrency": "USD", "cik": "0000897077", "fillingDate": "1995-12-31", "acceptedDate": "1995-12-31 00:00:00", "calendarYear": "1995", "period": "FY", "revenue": 163900000, "costOfRevenue": 117300000, "grossProfit": 46600000, "grossProfitRatio": 0.2843197071, "researchAndDevelopmentExpenses": 0, "generalAndAdministrativeExpenses": 0, "sellingAndMarketingExpenses": 0, "sellingGeneralAndAdministrativeExpenses": 23200000, "otherExpenses": 4400000, "operatingExpenses": 27600000, "costAndExpenses": 144900000, "interestIncome": 0, "interestExpense": 2600000, "depreciationAndAmortization": 4400000, "ebitda": 21900000, "ebitdaratio": 0.1336180598, "operatingIncome": 19000000, "operatingIncomeRatio": 0.1159243441, "totalOtherIncomeExpensesNet": 1500000, "incomeBeforeTax": 17800000, "incomeBeforeTaxRatio": 0.1086028066, "incomeTaxExpense": 6200000, "netIncome": 11600000, "netIncomeRatio": 0.0707748627, "eps": 1.36, "epsdiluted": 1.35, "weightedAverageShsOut": 8529412, "weightedAverageShsOutDil": 8592593, "link": null, "finalLink": null, "calculatedOtherExpenses": 4400000, "calculatedOperatingExpenses": 27600000, "calculatedNetInterest": -2600000, "calculatedOtherIncome": 1400000, "calculatedIncomeNonControlling": 0, "calculatedEbitda": 23400000}, {"date": "1994-12-31", "symbol": "ALG", "reportedCurrency": "USD", "cik": "0000897077", "fillingDate": "1994-12-31", "acceptedDate": "1994-12-31 00:00:00", "calendarYear": "1994", "period": "FY", "revenue": 119600000, "costOfRevenue": 83200000, "grossProfit": 36400000, "grossProfitRatio": 0.3043478261, "researchAndDevelopmentExpenses": 0, "generalAndAdministrativeExpenses": 0, "sellingAndMarketingExpenses": 0, "sellingGeneralAndAdministrativeExpenses": 17500000, "otherExpenses": 3800000, "operatingExpenses": 21300000, "costAndExpenses": 104500000, "interestIncome": 0, "interestExpense": 1800000, "depreciationAndAmortization": 3800000, "ebitda": 18000000, "ebitdaratio": 0.1505016722, "operatingIncome": 15100000, "operatingIncomeRatio": 0.1262541806, "totalOtherIncomeExpensesNet": 900000, "incomeBeforeTax": 14300000, "incomeBeforeTaxRatio": 0.1195652174, "incomeTaxExpense": 5100000, "netIncome": 9200000, "netIncomeRatio": 0.0769230769, "eps": 1.21, "epsdiluted": 1.21, "weightedAverageShsOut": 7603306, "weightedAverageShsOutDil": 7603306, "link": null, "finalLink": null, "calculatedOtherExpenses": 3800000, "calculatedOperatingExpenses": 21300000, "calculatedNetInterest": -1800000, "calculatedOtherIncome": 1000000, "calculatedIncomeNonControlling": 0, "calculatedEbitda": 18900000}, {"date": "1993-12-31", "symbol": "ALG", "reportedCurrency": "USD", "cik": "0000897077", "fillingDate": "1993-12-31", "acceptedDate": "1993-12-31 00:00:00", "calendarYear": "1993", "period": "FY", "revenue": 88500000, "costOfRevenue": 60500000, "grossProfit": 28000000, "grossProfitRatio": 0.3163841808, "researchAndDevelopmentExpenses": 0, "generalAndAdministrativeExpenses": 0, "sellingAndMarketingExpenses": 0, "sellingGeneralAndAdministrativeExpenses": 12900000, "otherExpenses": 2800000, "operatingExpenses": 15700000, "costAndExpenses": 76200000, "interestIncome": 0, "interestExpense": 600000, "depreciationAndAmortization": 2800000, "ebitda": 14600000, "ebitdaratio": 0.1649717514, "operatingIncome": 12300000, "operatingIncomeRatio": 0.1389830508, "totalOtherIncomeExpensesNet": 500000, "incomeBeforeTax": 12200000, "incomeBeforeTaxRatio": 0.1378531073, "incomeTaxExpense": 4400000, "netIncome": 7800000, "netIncomeRatio": 0.0881355932, "eps": 1.09, "epsdiluted": 1.08, "weightedAverageShsOut": 7155963, "weightedAverageShsOutDil": 7222222, "link": null, "finalLink": null, "calculatedOtherExpenses": 2800000, "calculatedOperatingExpenses": 15700000, "calculatedNetInterest": -600000, "calculatedOtherIncome": 500000, "calculatedIncomeNonControlling": 0, "calculatedEbitda": 15100000}, {"date": "1992-12-31", "symbol": "ALG", "reportedCurrency": "USD", "cik": "0000897077", "fillingDate": "1992-12-31", "acceptedDate": "1992-12-31 00:00:00", "calendarYear": "1992", "period": "FY", "revenue": 78100000, "costOfRevenue": 52600000, "grossProfit": 25500000, "grossProfitRatio": 0.3265044814, "researchAndDevelopmentExpenses": 0, "generalAndAdministrativeExpenses": 0, "sellingAndMarketingExpenses": 0, "sellingGeneralAndAdministrativeExpenses": 12200000, "otherExpenses": 2400000, "operatingExpenses": 14600000, "costAndExpenses": 67200000, "interestIncome": 0, "interestExpense": 1600000, "depreciationAndAmortization": 2400000, "ebitda": 12600000, "ebitdaratio": 0.1613316261, "operatingIncome": 10900000, "operatingIncomeRatio": 0.1395646607, "totalOtherIncomeExpensesNet": 700000, "incomeBeforeTax": 10000000, "incomeBeforeTaxRatio": 0.1280409731, "incomeTaxExpense": 3700000, "netIncome": 6300000, "netIncomeRatio": 0.0806658131, "eps": 1.07, "epsdiluted": 1.07, "weightedAverageShsOut": 5887850, "weightedAverageShsOutDil": 5887850, "link": null, "finalLink": null, "calculatedOtherExpenses": 2400000, "calculatedOperatingExpenses": 14600000, "calculatedNetInterest": -1600000, "calculatedOtherIncome": 700000, "calculatedIncomeNonControlling": 0, "calculatedEbitda": 13300000}]}