{"originalCurrency": "USD", "convertedCurrency": "USD", "report": [{"date": "2023-12-31", "symbol": "ALK", "reportedCurrency": "USD", "cik": "0000766421", "fillingDate": "2024-02-14", "acceptedDate": "2024-02-14 16:02:52", "calendarYear": "2023", "period": "FY", "revenue": 10426000000, "costOfRevenue": 8495000000, "grossProfit": 1931000000, "grossProfitRatio": 0.1852100518, "researchAndDevelopmentExpenses": 0, "generalAndAdministrativeExpenses": 0, "sellingAndMarketingExpenses": 303000000, "sellingGeneralAndAdministrativeExpenses": 303000000, "otherExpenses": -729000000, "operatingExpenses": 1032000000, "costAndExpenses": 9527000000, "interestIncome": 80000000, "interestExpense": 121000000, "depreciationAndAmortization": 451000000, "ebitda": 1350000000, "ebitdaratio": 0.1294839824, "operatingIncome": 899000000, "operatingIncomeRatio": 0.0862267408, "totalOtherIncomeExpensesNet": -576000000, "incomeBeforeTax": 323000000, "incomeBeforeTaxRatio": 0.0309802417, "incomeTaxExpense": 88000000, "netIncome": 235000000, "netIncomeRatio": 0.0225398043, "eps": 1.84, "epsdiluted": 1.83, "weightedAverageShsOut": 127375000, "weightedAverageShsOutDil": 128708000, "link": "https://www.sec.gov/Archives/edgar/data/766421/000076642124000012/0000766421-24-000012-index.htm", "finalLink": "https://www.sec.gov/Archives/edgar/data/766421/000076642124000012/alk-20231231.htm", "calculatedOtherExpenses": 729000000, "calculatedOperatingExpenses": 1032000000, "calculatedNetInterest": -41000000, "calculatedOtherIncome": -535000000, "calculatedIncomeNonControlling": 0, "calculatedEbitda": 1350000000}, {"date": "2022-12-31", "symbol": "ALK", "reportedCurrency": "USD", "cik": "0000766421", "fillingDate": "2023-02-13", "acceptedDate": "2023-02-13 17:15:47", "calendarYear": "2022", "period": "FY", "revenue": 9646000000, "costOfRevenue": 7984000000, "grossProfit": 1662000000, "grossProfitRatio": 0.1722993987, "researchAndDevelopmentExpenses": 0, "generalAndAdministrativeExpenses": 0, "sellingAndMarketingExpenses": 295000000, "sellingGeneralAndAdministrativeExpenses": 295000000, "otherExpenses": 717000000, "operatingExpenses": 1012000000, "costAndExpenses": 8996000000, "interestIncome": 53000000, "interestExpense": 94000000, "depreciationAndAmortization": 415000000, "ebitda": 753000000, "ebitdaratio": 0.078063446, "operatingIncome": 338000000, "operatingIncomeRatio": 0.0350404313, "totalOtherIncomeExpensesNet": -259000000, "incomeBeforeTax": 79000000, "incomeBeforeTaxRatio": 0.0081899233, "incomeTaxExpense": 21000000, "netIncome": 58000000, "netIncomeRatio": 0.0060128551, "eps": 0.46, "epsdiluted": 0.45, "weightedAverageShsOut": 126657000, "weightedAverageShsOutDil": 127899000, "link": "https://www.sec.gov/Archives/edgar/data/766421/000076642123000009/0000766421-23-000009-index.htm", "finalLink": "https://www.sec.gov/Archives/edgar/data/766421/000076642123000009/alk-20221231.htm", "calculatedOtherExpenses": 1029000000, "calculatedOperatingExpenses": 1324000000, "calculatedNetInterest": -41000000, "calculatedOtherIncome": -218000000, "calculatedIncomeNonControlling": 0, "calculatedEbitda": 753000000}, {"date": "2021-12-31", "symbol": "ALK", "reportedCurrency": "USD", "cik": "0000766421", "fillingDate": "2022-02-11", "acceptedDate": "2022-02-11 16:01:50", "calendarYear": "2021", "period": "FY", "revenue": 6176000000, "costOfRevenue": 4822000000, "grossProfit": 1354000000, "grossProfitRatio": 0.2192357513, "researchAndDevelopmentExpenses": 0, "generalAndAdministrativeExpenses": 0, "sellingAndMarketingExpenses": 173000000, "sellingGeneralAndAdministrativeExpenses": 173000000, "otherExpenses": 507000000, "operatingExpenses": 680000000, "costAndExpenses": 5502000000, "interestIncome": 25000000, "interestExpense": 117000000, "depreciationAndAmortization": 394000000, "ebitda": 735000000, "ebitdaratio": 0.1190090674, "operatingIncome": 341000000, "operatingIncomeRatio": 0.0552137306, "totalOtherIncomeExpensesNet": 288000000, "incomeBeforeTax": 629000000, "incomeBeforeTaxRatio": 0.1018458549, "incomeTaxExpense": 151000000, "netIncome": 478000000, "netIncomeRatio": 0.0773963731, "eps": 3.82, "epsdiluted": 3.77, "weightedAverageShsOut": 125063000, "weightedAverageShsOutDil": 126775000, "link": "https://www.sec.gov/Archives/edgar/data/766421/000076642122000009/0000766421-22-000009-index.htm", "finalLink": "https://www.sec.gov/Archives/edgar/data/766421/000076642122000009/alk-20211231.htm", "calculatedOtherExpenses": 840000000, "calculatedOperatingExpenses": 1013000000, "calculatedNetInterest": -92000000, "calculatedOtherIncome": 380000000, "calculatedIncomeNonControlling": 0, "calculatedEbitda": 735000000}, {"date": "2020-12-31", "symbol": "ALK", "reportedCurrency": "USD", "cik": "0000766421", "fillingDate": "2021-02-26", "acceptedDate": "2021-02-26 16:26:48", "calendarYear": "2020", "period": "FY", "revenue": 3566000000, "costOfRevenue": 3980000000, "grossProfit": -414000000, "grossProfitRatio": -0.1160964666, "researchAndDevelopmentExpenses": 0, "generalAndAdministrativeExpenses": 0, "sellingAndMarketingExpenses": 101000000, "sellingGeneralAndAdministrativeExpenses": 101000000, "otherExpenses": 407000000, "operatingExpenses": 508000000, "costAndExpenses": 4488000000, "interestIncome": 31000000, "interestExpense": 87000000, "depreciationAndAmortization": 853000000, "ebitda": -900000000, "ebitdaratio": -0.2523836231, "operatingIncome": -1753000000, "operatingIncomeRatio": -0.4915872126, "totalOtherIncomeExpensesNet": -65000000, "incomeBeforeTax": -1818000000, "incomeBeforeTaxRatio": -0.5098149187, "incomeTaxExpense": -511000000, "netIncome": -1307000000, "netIncomeRatio": -0.366517106, "eps": -10.59, "epsdiluted": -10.59, "weightedAverageShsOut": 123450000, "weightedAverageShsOutDil": 123450000, "link": "https://www.sec.gov/Archives/edgar/data/766421/000076642121000018/0000766421-21-000018-index.htm", "finalLink": "https://www.sec.gov/Archives/edgar/data/766421/000076642121000018/alk-20201231.htm", "calculatedOtherExpenses": 1238000000, "calculatedOperatingExpenses": 1339000000, "calculatedNetInterest": -56000000, "calculatedOtherIncome": -9000000, "calculatedIncomeNonControlling": 0, "calculatedEbitda": -900000000}, {"date": "2019-12-31", "symbol": "ALK", "reportedCurrency": "USD", "cik": "0000766421", "fillingDate": "2020-02-12", "acceptedDate": "2020-02-12 16:03:39", "calendarYear": "2019", "period": "FY", "revenue": 8781000000, "costOfRevenue": 6802000000, "grossProfit": 1979000000, "grossProfitRatio": 0.2253729644, "researchAndDevelopmentExpenses": 0, "generalAndAdministrativeExpenses": 0, "sellingAndMarketingExpenses": 313000000, "sellingGeneralAndAdministrativeExpenses": 313000000, "otherExpenses": 559000000, "operatingExpenses": 872000000, "costAndExpenses": 7674000000, "interestIncome": 42000000, "interestExpense": 63000000, "depreciationAndAmortization": 423000000, "ebitda": 1123000000, "ebitdaratio": 0.127889762, "operatingIncome": 700000000, "operatingIncomeRatio": 0.079717572, "totalOtherIncomeExpensesNet": 316000000, "incomeBeforeTax": 1016000000, "incomeBeforeTaxRatio": 0.1157043617, "incomeTaxExpense": 247000000, "netIncome": 769000000, "netIncomeRatio": 0.087575447, "eps": 6.24, "epsdiluted": 6.19, "weightedAverageShsOut": 123279000, "weightedAverageShsOutDil": 124289000, "link": "https://www.sec.gov/Archives/edgar/data/766421/000076642120000013/0000766421-20-000013-index.htm", "finalLink": "https://www.sec.gov/Archives/edgar/data/766421/000076642120000013/alk-20191231.htm", "calculatedOtherExpenses": 966000000, "calculatedOperatingExpenses": 1279000000, "calculatedNetInterest": -21000000, "calculatedOtherIncome": 337000000, "calculatedIncomeNonControlling": 0, "calculatedEbitda": 1123000000}, {"date": "2018-12-31", "symbol": "ALK", "reportedCurrency": "USD", "cik": "0000766421", "fillingDate": "2019-02-15", "acceptedDate": "2019-02-15 16:12:29", "calendarYear": "2018", "period": "FY", "revenue": 8264000000, "costOfRevenue": 6591000000, "grossProfit": 1673000000, "grossProfitRatio": 0.2024443369, "researchAndDevelopmentExpenses": 0, "generalAndAdministrativeExpenses": 0, "sellingAndMarketingExpenses": 326000000, "sellingGeneralAndAdministrativeExpenses": 326000000, "otherExpenses": -23000000, "operatingExpenses": 898000000, "costAndExpenses": 7489000000, "interestIncome": 38000000, "interestExpense": 73000000, "depreciationAndAmortization": 398000000, "ebitda": 790000000, "ebitdaratio": 0.0955953533, "operatingIncome": 643000000, "operatingIncomeRatio": 0.0778073572, "totalOtherIncomeExpensesNet": -155000000, "incomeBeforeTax": 585000000, "incomeBeforeTaxRatio": 0.0707889642, "incomeTaxExpense": 148000000, "netIncome": 437000000, "netIncomeRatio": 0.0528799613, "eps": 3.55, "epsdiluted": 3.52, "weightedAverageShsOut": 123230000, "weightedAverageShsOutDil": 123975000, "link": "https://www.sec.gov/Archives/edgar/data/766421/000076642119000008/0000766421-19-000008-index.htm", "finalLink": "https://www.sec.gov/Archives/edgar/data/766421/000076642119000008/alk10-k123118.htm", "calculatedOtherExpenses": 704000000, "calculatedOperatingExpenses": 1030000000, "calculatedNetInterest": -35000000, "calculatedOtherIncome": -23000000, "calculatedIncomeNonControlling": 0, "calculatedEbitda": 1041000000}, {"date": "2017-12-31", "symbol": "ALK", "reportedCurrency": "USD", "cik": "0000766421", "fillingDate": "2018-02-15", "acceptedDate": "2018-02-14 18:02:45", "calendarYear": "2017", "period": "FY", "revenue": 7894000000, "costOfRevenue": 1931000000, "grossProfit": 5963000000, "grossProfitRatio": 0.7553838358, "researchAndDevelopmentExpenses": 0, "generalAndAdministrativeExpenses": 0, "sellingAndMarketingExpenses": 368000000, "sellingGeneralAndAdministrativeExpenses": 368000000, "otherExpenses": -49000000, "operatingExpenses": 4639000000, "costAndExpenses": 6570000000, "interestIncome": 34000000, "interestExpense": 86000000, "depreciationAndAmortization": 372000000, "ebitda": 1440000000, "ebitdaratio": 0.1824170256, "operatingIncome": 1208000000, "operatingIncomeRatio": 0.1530276159, "totalOtherIncomeExpensesNet": -165000000, "incomeBeforeTax": 1159000000, "incomeBeforeTaxRatio": 0.1468203699, "incomeTaxExpense": 199000000, "netIncome": 960000000, "netIncomeRatio": 0.1216113504, "eps": 7.79, "epsdiluted": 7.75, "weightedAverageShsOut": 123211000, "weightedAverageShsOutDil": 123854000, "link": "https://www.sec.gov/Archives/edgar/data/766421/000076642118000015/0000766421-18-000015-index.htm", "finalLink": "https://www.sec.gov/Archives/edgar/data/766421/000076642118000015/alk10-k123117.htm", "calculatedOtherExpenses": 4387000000, "calculatedOperatingExpenses": 4755000000, "calculatedNetInterest": -52000000, "calculatedOtherIncome": 3000000, "calculatedIncomeNonControlling": 0, "calculatedEbitda": 1580000000}, {"date": "2016-12-31", "symbol": "ALK", "reportedCurrency": "USD", "cik": "0000766421", "fillingDate": "2017-02-28", "acceptedDate": "2017-02-27 20:14:49", "calendarYear": "2016", "period": "FY", "revenue": 5931000000, "costOfRevenue": 3875000000, "grossProfit": 2056000000, "grossProfitRatio": 0.3466531782, "researchAndDevelopmentExpenses": 0, "generalAndAdministrativeExpenses": 0, "sellingAndMarketingExpenses": 225000000, "sellingGeneralAndAdministrativeExpenses": 225000000, "otherExpenses": -1000000, "operatingExpenses": 590000000, "costAndExpenses": 4465000000, "interestIncome": 27000000, "interestExpense": 30000000, "depreciationAndAmortization": 363000000, "ebitda": 1492000000, "ebitdaratio": 0.2515596021, "operatingIncome": 1349000000, "operatingIncomeRatio": 0.2274489968, "totalOtherIncomeExpensesNet": -118000000, "incomeBeforeTax": 1345000000, "incomeBeforeTaxRatio": 0.2267745743, "incomeTaxExpense": 531000000, "netIncome": 814000000, "netIncomeRatio": 0.137244984, "eps": 6.45, "epsdiluted": 6.41, "weightedAverageShsOut": 123557000, "weightedAverageShsOutDil": 124389000, "link": "https://www.sec.gov/Archives/edgar/data/766421/000076642117000016/0000766421-17-000016-index.htm", "finalLink": "https://www.sec.gov/Archives/edgar/data/766421/000076642117000016/alk10-k123116.htm", "calculatedOtherExpenses": 482000000, "calculatedOperatingExpenses": 707000000, "calculatedNetInterest": -3000000, "calculatedOtherIncome": -1000000, "calculatedIncomeNonControlling": 0, "calculatedEbitda": 1712000000}, {"date": "2015-12-31", "symbol": "ALK", "reportedCurrency": "USD", "cik": "0000766421", "fillingDate": "2016-02-11", "acceptedDate": "2016-02-11 17:16:27", "calendarYear": "2015", "period": "FY", "revenue": 5598000000, "costOfRevenue": 3701000000, "grossProfit": 1897000000, "grossProfitRatio": 0.3388710254, "researchAndDevelopmentExpenses": 0, "generalAndAdministrativeExpenses": 0, "sellingAndMarketingExpenses": 211000000, "sellingGeneralAndAdministrativeExpenses": 211000000, "otherExpenses": 1000000, "operatingExpenses": 567000000, "costAndExpenses": 4268000000, "interestIncome": 21000000, "interestExpense": 8000000, "depreciationAndAmortization": 320000000, "ebitda": 1352000000, "ebitdaratio": 0.2415148267, "operatingIncome": 1298000000, "operatingIncomeRatio": 0.2318685245, "totalOtherIncomeExpensesNet": -31000000, "incomeBeforeTax": 1312000000, "incomeBeforeTaxRatio": 0.2343694176, "incomeTaxExpense": 464000000, "netIncome": 848000000, "netIncomeRatio": 0.1514826724, "eps": 6.61, "epsdiluted": 6.56, "weightedAverageShsOut": 128373000, "weightedAverageShsOutDil": 129372000, "link": "https://www.sec.gov/Archives/edgar/data/766421/000076642116000065/0000766421-16-000065-index.htm", "finalLink": "https://www.sec.gov/Archives/edgar/data/766421/000076642116000065/alk10-k123115.htm", "calculatedOtherExpenses": 388000000, "calculatedOperatingExpenses": 599000000, "calculatedNetInterest": 13000000, "calculatedOtherIncome": 1000000, "calculatedIncomeNonControlling": 0, "calculatedEbitda": 1618000000}, {"date": "2014-12-31", "symbol": "ALK", "reportedCurrency": "USD", "cik": "0000766421", "fillingDate": "2015-02-11", "acceptedDate": "2015-02-11 17:13:00", "calendarYear": "2014", "period": "FY", "revenue": 5368000000, "costOfRevenue": 3929000000, "grossProfit": 1439000000, "grossProfitRatio": 0.2680700447, "researchAndDevelopmentExpenses": 0, "generalAndAdministrativeExpenses": 0, "sellingAndMarketingExpenses": 199000000, "sellingGeneralAndAdministrativeExpenses": 199000000, "otherExpenses": 20000000, "operatingExpenses": 507000000, "costAndExpenses": 4436000000, "interestIncome": 21000000, "interestExpense": 28000000, "depreciationAndAmortization": 294000000, "ebitda": 973000000, "ebitdaratio": 0.1812593145, "operatingIncome": 962000000, "operatingIncomeRatio": 0.1792101341, "totalOtherIncomeExpensesNet": 50000000, "incomeBeforeTax": 975000000, "incomeBeforeTaxRatio": 0.1816318927, "incomeTaxExpense": 370000000, "netIncome": 605000000, "netIncomeRatio": 0.112704918, "eps": 4.47, "epsdiluted": 4.42, "weightedAverageShsOut": 135445000, "weightedAverageShsOutDil": 136801000, "link": "https://www.sec.gov/Archives/edgar/data/766421/000076642115000009/0000766421-15-000009-index.htm", "finalLink": "https://www.sec.gov/Archives/edgar/data/766421/000076642115000009/alk10-k123114.htm", "calculatedOtherExpenses": 278000000, "calculatedOperatingExpenses": 477000000, "calculatedNetInterest": -7000000, "calculatedOtherIncome": 20000000, "calculatedIncomeNonControlling": 0, "calculatedEbitda": 1256000000}, {"date": "2013-12-31", "symbol": "ALK", "reportedCurrency": "USD", "cik": "0000766421", "fillingDate": "2014-02-13", "acceptedDate": "2014-02-13 08:30:35", "calendarYear": "2013", "period": "FY", "revenue": 5156000000, "costOfRevenue": 3861000000, "grossProfit": 1295000000, "grossProfitRatio": 0.2511636928, "researchAndDevelopmentExpenses": 0, "generalAndAdministrativeExpenses": 0, "sellingAndMarketingExpenses": 179000000, "sellingGeneralAndAdministrativeExpenses": 179000000, "otherExpenses": -5000000, "operatingExpenses": 457000000, "costAndExpenses": 4318000000, "interestIncome": 18000000, "interestExpense": 35000000, "depreciationAndAmortization": 270000000, "ebitda": 851000000, "ebitdaratio": 0.1650504267, "operatingIncome": 838000000, "operatingIncomeRatio": 0.1625290923, "totalOtherIncomeExpensesNet": -5000000, "incomeBeforeTax": 816000000, "incomeBeforeTaxRatio": 0.1582622188, "incomeTaxExpense": 308000000, "netIncome": 508000000, "netIncomeRatio": 0.0985259891, "eps": 3.63, "epsdiluted": 3.58, "weightedAverageShsOut": 139910000, "weightedAverageShsOutDil": 141878000, "link": "https://www.sec.gov/Archives/edgar/data/766421/000076642114000010/0000766421-14-000010-index.htm", "finalLink": "https://www.sec.gov/Archives/edgar/data/766421/000076642114000010/alk10-k123113.htm", "calculatedOtherExpenses": 278000000, "calculatedOperatingExpenses": 457000000, "calculatedNetInterest": -17000000, "calculatedOtherIncome": -5000000, "calculatedIncomeNonControlling": 0, "calculatedEbitda": 1108000000}, {"date": "2012-12-31", "symbol": "ALK", "reportedCurrency": "USD", "cik": "0000766421", "fillingDate": "2013-02-14", "acceptedDate": "2013-02-14 12:59:42", "calendarYear": "2012", "period": "FY", "revenue": 4657000000, "costOfRevenue": 3709000000, "grossProfit": 948000000, "grossProfitRatio": 0.2035645265, "researchAndDevelopmentExpenses": 0, "generalAndAdministrativeExpenses": 0, "sellingAndMarketingExpenses": 168000000, "sellingGeneralAndAdministrativeExpenses": 168000000, "otherExpenses": 9000000, "operatingExpenses": 416000000, "costAndExpenses": 4125000000, "interestIncome": 19000000, "interestExpense": 46000000, "depreciationAndAmortization": 264000000, "ebitda": 560000000, "ebitdaratio": 0.1202490874, "operatingIncome": 532000000, "operatingIncomeRatio": 0.114236633, "totalOtherIncomeExpensesNet": 9000000, "incomeBeforeTax": 514000000, "incomeBeforeTaxRatio": 0.1103714838, "incomeTaxExpense": 198000000, "netIncome": 316000000, "netIncomeRatio": 0.0678548422, "eps": 2.23, "epsdiluted": 2.2, "weightedAverageShsOut": 141416000, "weightedAverageShsOutDil": 143568000, "link": "https://www.sec.gov/Archives/edgar/data/766421/000076642113000010/0000766421-13-000010-index.htm", "finalLink": "https://www.sec.gov/Archives/edgar/data/766421/000076642113000010/alk10-k123112.htm", "calculatedOtherExpenses": 248000000, "calculatedOperatingExpenses": 416000000, "calculatedNetInterest": -27000000, "calculatedOtherIncome": 9000000, "calculatedIncomeNonControlling": 0, "calculatedEbitda": 796000000}, {"date": "2011-12-31", "symbol": "ALK", "reportedCurrency": "USD", "cik": "0000766421", "fillingDate": "2012-02-21", "acceptedDate": "2012-02-21 15:14:32", "calendarYear": "2011", "period": "FY", "revenue": 4317800000, "costOfRevenue": 2149000000, "grossProfit": 2168800000, "grossProfitRatio": 0.5022928343, "researchAndDevelopmentExpenses": 0, "generalAndAdministrativeExpenses": 1062400000, "sellingAndMarketingExpenses": 175300000, "sellingGeneralAndAdministrativeExpenses": 1237700000, "otherExpenses": 482200000, "operatingExpenses": 1719900000, "costAndExpenses": 3868900000, "interestIncome": 34400000, "interestExpense": 87300000, "depreciationAndAmortization": 246900000, "ebitda": 730200000, "ebitdaratio": 0.1691139006, "operatingIncome": 448900000, "operatingIncomeRatio": 0.1039649822, "totalOtherIncomeExpensesNet": -2300000, "incomeBeforeTax": 393700000, "incomeBeforeTaxRatio": 0.0911806939, "incomeTaxExpense": 149200000, "netIncome": 244500000, "netIncomeRatio": 0.0566260596, "eps": 1.71, "epsdiluted": 1.67, "weightedAverageShsOut": 143510000, "weightedAverageShsOutDil": 146842000, "link": "https://www.sec.gov/Archives/edgar/data/766421/000076642112000018/0000766421-12-000018-index.htm", "finalLink": "https://www.sec.gov/Archives/edgar/data/766421/000076642112000018/alk10-k123111.htm", "calculatedOtherExpenses": 482200000, "calculatedOperatingExpenses": 1719900000, "calculatedNetInterest": -52900000, "calculatedOtherIncome": -2300000, "calculatedIncomeNonControlling": 0, "calculatedEbitda": 695800000}, {"date": "2010-12-31", "symbol": "ALK", "reportedCurrency": "USD", "cik": "0000766421", "fillingDate": "2011-02-23", "acceptedDate": "2011-02-23 16:36:05", "calendarYear": "2010", "period": "FY", "revenue": 3832300000, "costOfRevenue": 966200000, "grossProfit": 2866100000, "grossProfitRatio": 0.7478798633, "researchAndDevelopmentExpenses": 0, "generalAndAdministrativeExpenses": 1066100000, "sellingAndMarketingExpenses": 153800000, "sellingGeneralAndAdministrativeExpenses": 1219900000, "otherExpenses": 431200000, "operatingExpenses": 1651100000, "costAndExpenses": 2617300000, "interestIncome": 35600000, "interestExpense": 108300000, "depreciationAndAmortization": 230500000, "ebitda": 737700000, "ebitdaratio": 0.1924953683, "operatingIncome": 471600000, "operatingIncomeRatio": 0.1230592595, "totalOtherIncomeExpensesNet": 7000000, "incomeBeforeTax": 405900000, "incomeBeforeTaxRatio": 0.1059155077, "incomeTaxExpense": 154800000, "netIncome": 251100000, "netIncomeRatio": 0.0655220103, "eps": 1.75, "epsdiluted": 1.71, "weightedAverageShsOut": 143288000, "weightedAverageShsOutDil": 147142000, "link": "https://www.sec.gov/Archives/edgar/data/766421/000076642111000020/0000766421-11-000020-index.htm", "finalLink": "https://www.sec.gov/Archives/edgar/data/766421/000076642111000020/alk2010123110k.htm", "calculatedOtherExpenses": 1174600000, "calculatedOperatingExpenses": 2394500000, "calculatedNetInterest": -72700000, "calculatedOtherIncome": 7000000, "calculatedIncomeNonControlling": 0, "calculatedEbitda": 702100000}, {"date": "2009-12-31", "symbol": "ALK", "reportedCurrency": "USD", "cik": "0000766421", "fillingDate": "2009-12-31", "acceptedDate": "2009-12-30 19:00:00", "calendarYear": "2009", "period": "FY", "revenue": 3399800000, "costOfRevenue": 713800000, "grossProfit": 2686000000, "grossProfitRatio": 0.7900464733, "researchAndDevelopmentExpenses": 0, "generalAndAdministrativeExpenses": 1099900000, "sellingAndMarketingExpenses": 131800000, "sellingGeneralAndAdministrativeExpenses": 1231700000, "otherExpenses": 441900000, "operatingExpenses": 1664800000, "costAndExpenses": 2378600000, "interestIncome": 32600000, "interestExpense": 92900000, "depreciationAndAmortization": 219200000, "ebitda": 515000000, "ebitdaratio": 0.1514794988, "operatingIncome": 267400000, "operatingIncomeRatio": 0.0786516854, "totalOtherIncomeExpensesNet": -4200000, "incomeBeforeTax": 202900000, "incomeBeforeTaxRatio": 0.0596799812, "incomeTaxExpense": 81300000, "netIncome": 121600000, "netIncomeRatio": 0.0357668098, "eps": 0.85, "epsdiluted": 0.84, "weightedAverageShsOut": 143260000, "weightedAverageShsOutDil": 144616000, "link": "", "finalLink": "", "calculatedOtherExpenses": 1186900000, "calculatedOperatingExpenses": 2418600000, "calculatedNetInterest": -60300000, "calculatedOtherIncome": -4200000, "calculatedIncomeNonControlling": 0, "calculatedEbitda": 486600000}, {"date": "2008-12-31", "symbol": "ALK", "reportedCurrency": "USD", "cik": "0000766421", "fillingDate": "2009-02-19", "acceptedDate": "2009-02-19 16:10:18", "calendarYear": "2008", "period": "FY", "revenue": 3662600000, "costOfRevenue": 1785200000, "grossProfit": 1877400000, "grossProfitRatio": 0.5125866871, "researchAndDevelopmentExpenses": 0, "generalAndAdministrativeExpenses": -386800000, "sellingAndMarketingExpenses": 147100000, "sellingGeneralAndAdministrativeExpenses": -239700000, "otherExpenses": 427500000, "operatingExpenses": 3435100000, "costAndExpenses": 5220300000, "interestIncome": 65600000, "interestExpense": 102300000, "depreciationAndAmortization": 204600000, "ebitda": 110900000, "ebitdaratio": 0.0302790367, "operatingIncome": -172200000, "operatingIncomeRatio": -0.0470157811, "totalOtherIncomeExpensesNet": -17200000, "incomeBeforeTax": -213200000, "incomeBeforeTaxRatio": -0.0582100147, "incomeTaxExpense": -77300000, "netIncome": -135900000, "netIncomeRatio": -0.0371047889, "eps": -0.93, "epsdiluted": -0.93, "weightedAverageShsOut": 145372000, "weightedAverageShsOutDil": 145372000, "link": "https://www.sec.gov/Archives/edgar/data/766421/000119312509033073/0001193125-09-033073-index.htm", "finalLink": "https://www.sec.gov/Archives/edgar/data/766421/000119312509033073/d10k.htm", "calculatedOtherExpenses": 2289300000, "calculatedOperatingExpenses": 2049600000, "calculatedNetInterest": -36700000, "calculatedOtherIncome": -4300000, "calculatedIncomeNonControlling": 0, "calculatedEbitda": 32400000}, {"date": "2007-12-31", "symbol": "ALK", "reportedCurrency": "USD", "cik": "0000766421", "fillingDate": "2008-02-20", "acceptedDate": "2008-02-20 16:11:55", "calendarYear": "2007", "period": "FY", "revenue": 3506000000, "costOfRevenue": 888400000, "grossProfit": 2617600000, "grossProfitRatio": 0.7466058186, "researchAndDevelopmentExpenses": 0, "generalAndAdministrativeExpenses": 978700000, "sellingAndMarketingExpenses": 160500000, "sellingGeneralAndAdministrativeExpenses": 1139200000, "otherExpenses": 457600000, "operatingExpenses": 1596800000, "costAndExpenses": 2485200000, "interestIncome": 53900000, "interestExpense": 115800000, "depreciationAndAmortization": 177400000, "ebitda": 443300000, "ebitdaratio": 0.1264403879, "operatingIncome": 212000000, "operatingIncomeRatio": 0.0604677695, "totalOtherIncomeExpensesNet": 51500000, "incomeBeforeTax": 201600000, "incomeBeforeTaxRatio": 0.0575014261, "incomeTaxExpense": 76600000, "netIncome": 125000000, "netIncomeRatio": 0.035653166, "eps": 0.78, "epsdiluted": 0.77, "weightedAverageShsOut": 160500000, "weightedAverageShsOutDil": 161696000, "link": "https://www.sec.gov/Archives/edgar/data/766421/000119312508034506/0001193125-08-034506-index.htm", "finalLink": "https://www.sec.gov/Archives/edgar/data/766421/000119312508034506/d10k.htm", "calculatedOtherExpenses": 1266400000, "calculatedOperatingExpenses": 2405600000, "calculatedNetInterest": -61900000, "calculatedOtherIncome": 51500000, "calculatedIncomeNonControlling": 0, "calculatedEbitda": 389400000}, {"date": "2006-12-31", "symbol": "ALK", "reportedCurrency": "USD", "cik": "0000766421", "fillingDate": "2007-02-23", "acceptedDate": "2007-02-23 16:35:55", "calendarYear": "2006", "period": "FY", "revenue": 3334400000, "costOfRevenue": 1113900000, "grossProfit": 2220500000, "grossProfitRatio": 0.6659369002, "researchAndDevelopmentExpenses": 0, "generalAndAdministrativeExpenses": 973800000, "sellingAndMarketingExpenses": 169300000, "sellingGeneralAndAdministrativeExpenses": 1143100000, "otherExpenses": 371500000, "operatingExpenses": 1514600000, "costAndExpenses": 2628500000, "interestIncome": 54300000, "interestExpense": 53300000, "depreciationAndAmortization": 157500000, "ebitda": 149300000, "ebitdaratio": 0.0447756718, "operatingIncome": -87300000, "operatingIncomeRatio": -0.0261816219, "totalOtherIncomeExpensesNet": -26300000, "incomeBeforeTax": -87800000, "incomeBeforeTaxRatio": -0.0263315739, "incomeTaxExpense": 35200000, "netIncome": -52600000, "netIncomeRatio": -0.015774952, "eps": -0.35, "epsdiluted": -0.35, "weightedAverageShsOut": 151756000, "weightedAverageShsOutDil": 151756000, "link": "https://www.sec.gov/Archives/edgar/data/766421/000119312507038398/0001193125-07-038398-index.htm", "finalLink": "https://www.sec.gov/Archives/edgar/data/766421/000119312507038398/d10k.htm", "calculatedOtherExpenses": 1164700000, "calculatedOperatingExpenses": 2307800000, "calculatedNetInterest": 1000000, "calculatedOtherIncome": -1500000, "calculatedIncomeNonControlling": -70400000, "calculatedEbitda": 70200000}, {"date": "2005-12-31", "symbol": "ALK", "reportedCurrency": "USD", "cik": "0000766421", "fillingDate": "2006-02-17", "acceptedDate": "2006-02-17 09:01:40", "calendarYear": "2005", "period": "FY", "revenue": 2975300000, "costOfRevenue": 2133000000, "grossProfit": 842300000, "grossProfitRatio": 0.2830975028, "researchAndDevelopmentExpenses": 0, "generalAndAdministrativeExpenses": 527800000, "sellingAndMarketingExpenses": 157700000, "sellingGeneralAndAdministrativeExpenses": 685500000, "otherExpenses": 2840000000, "operatingExpenses": 3525500000, "costAndExpenses": 5658500000, "interestIncome": 0, "interestExpense": 0, "depreciationAndAmortization": 143400000, "ebitda": -2863900000, "ebitdaratio": -0.9625583975, "operatingIncome": -7400000, "operatingIncomeRatio": -0.0024871442, "totalOtherIncomeExpensesNet": 324100000, "incomeBeforeTax": 137200000, "incomeBeforeTaxRatio": 0.046112997, "incomeTaxExpense": 52700000, "netIncome": -5900000, "netIncomeRatio": -0.0019829933, "eps": -0.0525, "epsdiluted": -0.044, "weightedAverageShsOut": 112380952, "weightedAverageShsOutDil": 134092000, "link": "https://www.sec.gov/Archives/edgar/data/766421/000119312506034170/0001193125-06-034170-index.htm", "finalLink": "https://www.sec.gov/Archives/edgar/data/766421/000119312506034170/d10k.htm", "calculatedOtherExpenses": 164200000, "calculatedOperatingExpenses": 849700000, "calculatedNetInterest": 0, "calculatedOtherIncome": 144600000, "calculatedIncomeNonControlling": 90400000, "calculatedEbitda": 136000000}, {"date": "2004-12-31", "symbol": "ALK", "reportedCurrency": "USD", "cik": "0000766421", "fillingDate": "2005-02-25", "acceptedDate": "2005-02-24 19:34:32", "calendarYear": "2004", "period": "FY", "revenue": 2723800000, "costOfRevenue": 1826500000, "grossProfit": 897300000, "grossProfitRatio": 0.3294294735, "researchAndDevelopmentExpenses": 0, "generalAndAdministrativeExpenses": 480900000, "sellingAndMarketingExpenses": 26500000, "sellingGeneralAndAdministrativeExpenses": 480900000, "otherExpenses": 2601600000, "operatingExpenses": 3082500000, "costAndExpenses": 4909000000, "interestIncome": 1100000, "interestExpense": -3900000, "depreciationAndAmortization": 205200000, "ebitda": -1973000000, "ebitdaratio": -0.7243556796, "operatingIncome": -79800000, "operatingIncomeRatio": -0.0292973052, "totalOtherIncomeExpensesNet": -7000000, "incomeBeforeTax": -20600000, "incomeBeforeTaxRatio": -0.0075629635, "incomeTaxExpense": -5300000, "netIncome": -15300000, "netIncomeRatio": -0.0056171525, "eps": -0.14, "epsdiluted": -0.14, "weightedAverageShsOut": 107436000, "weightedAverageShsOutDil": 107436000, "link": "https://www.sec.gov/Archives/edgar/data/766421/000095012405001049/0000950124-05-001049-index.htm", "finalLink": "https://www.sec.gov/Archives/edgar/data/766421/000095012405001049/v05863e10vk.htm", "calculatedOtherExpenses": 496200000, "calculatedOperatingExpenses": 977100000, "calculatedNetInterest": 5000000, "calculatedOtherIncome": 54200000, "calculatedIncomeNonControlling": 0, "calculatedEbitda": 125400000}, {"date": "2003-12-31", "symbol": "ALK", "reportedCurrency": "USD", "cik": "0000766421", "fillingDate": "2004-03-11", "acceptedDate": "2004-03-11 06:02:17", "calendarYear": "2003", "period": "FY", "revenue": 2444800000, "costOfRevenue": 1605900000, "grossProfit": 838900000, "grossProfitRatio": 0.3431364529, "researchAndDevelopmentExpenses": 0, "generalAndAdministrativeExpenses": 459900000, "sellingAndMarketingExpenses": 24900000, "sellingGeneralAndAdministrativeExpenses": 459900000, "otherExpenses": 2355800000, "operatingExpenses": 2815700000, "costAndExpenses": 4421600000, "interestIncome": 700000, "interestExpense": -2400000, "depreciationAndAmortization": 202200000, "ebitda": -1776000000, "ebitdaratio": -0.7264397906, "operatingIncome": -11100000, "operatingIncomeRatio": -0.0045402487, "totalOtherIncomeExpensesNet": 1400000, "incomeBeforeTax": 29000000, "incomeBeforeTaxRatio": 0.011861911, "incomeTaxExpense": 15500000, "netIncome": 13500000, "netIncomeRatio": 0.0055219241, "eps": 0.13, "epsdiluted": 0.13, "weightedAverageShsOut": 106592000, "weightedAverageShsOutDil": 106920000, "link": "https://www.sec.gov/Archives/edgar/data/766421/000089102004000322/0000891020-04-000322-index.htm", "finalLink": "https://www.sec.gov/Archives/edgar/data/766421/000089102004000322/v96770e10vk.htm", "calculatedOtherExpenses": 390100000, "calculatedOperatingExpenses": 850000000, "calculatedNetInterest": 3100000, "calculatedOtherIncome": 37000000, "calculatedIncomeNonControlling": 0, "calculatedEbitda": 191100000}, {"date": "2002-12-31", "symbol": "ALK", "reportedCurrency": "USD", "cik": "0000766421", "fillingDate": "2003-03-12", "acceptedDate": "2003-03-11 21:38:38", "calendarYear": "2002", "period": "FY", "revenue": 2224100000, "costOfRevenue": 1493100000, "grossProfit": 731000000, "grossProfitRatio": 0.3286722719, "researchAndDevelopmentExpenses": 0, "generalAndAdministrativeExpenses": 458700000, "sellingAndMarketingExpenses": 89900000, "sellingGeneralAndAdministrativeExpenses": 548600000, "otherExpenses": 2095100000, "operatingExpenses": 2643700000, "costAndExpenses": 4136800000, "interestIncome": 0, "interestExpense": 0, "depreciationAndAmortization": 194700000, "ebitda": -1727000000, "ebitdaratio": -0.7764938627, "operatingIncome": -88900000, "operatingIncomeRatio": -0.0399712243, "totalOtherIncomeExpensesNet": 9000000, "incomeBeforeTax": -101800000, "incomeBeforeTaxRatio": -0.0457713232, "incomeTaxExpense": -34600000, "netIncome": -118600000, "netIncomeRatio": -0.0533249404, "eps": -1.12, "epsdiluted": -1.12, "weightedAverageShsOut": 106184000, "weightedAverageShsOutDil": 106184000, "link": "https://www.sec.gov/Archives/edgar/data/766421/000089102003000742/0000891020-03-000742-index.htm", "finalLink": "https://www.sec.gov/Archives/edgar/data/766421/000089102003000742/v88181e10vk.htm", "calculatedOtherExpenses": 271300000, "calculatedOperatingExpenses": 819900000, "calculatedNetInterest": 0, "calculatedOtherIncome": -12900000, "calculatedIncomeNonControlling": 51400000, "calculatedEbitda": 105800000}, {"date": "2001-12-31", "symbol": "ALK", "reportedCurrency": "USD", "cik": "0000766421", "fillingDate": "2002-03-01", "acceptedDate": "2002-03-01 00:00:00", "calendarYear": "2001", "period": "FY", "revenue": 2140900000, "costOfRevenue": 1463700000, "grossProfit": 677200000, "grossProfitRatio": 0.3163155682, "researchAndDevelopmentExpenses": 0, "generalAndAdministrativeExpenses": 456400000, "sellingAndMarketingExpenses": 64700000, "sellingGeneralAndAdministrativeExpenses": 521100000, "otherExpenses": 2040900000, "operatingExpenses": 2562000000, "costAndExpenses": 4025700000, "interestIncome": 0, "interestExpense": 0, "depreciationAndAmortization": 205100000, "ebitda": -1750700000, "ebitdaratio": -0.8177402027, "operatingIncome": -121800000, "operatingIncomeRatio": -0.0568919613, "totalOtherIncomeExpensesNet": 71000000, "incomeBeforeTax": -57500000, "incomeBeforeTaxRatio": -0.0268578635, "incomeTaxExpense": -18000000, "netIncome": -39500000, "netIncomeRatio": -0.0184501845, "eps": -0.37, "epsdiluted": -0.37, "weightedAverageShsOut": 105996000, "weightedAverageShsOutDil": 105996000, "link": "https://www.sec.gov/Archives/edgar/data/766421/000107261302000411/0001072613-02-000411-index.htm", "finalLink": "https://www.sec.gov/Archives/edgar/data/766421/000107261302000411/form-10k_11090.htm", "calculatedOtherExpenses": 277900000, "calculatedOperatingExpenses": 799000000, "calculatedNetInterest": 0, "calculatedOtherIncome": 64300000, "calculatedIncomeNonControlling": 0, "calculatedEbitda": 83300000}, {"date": "2000-12-31", "symbol": "ALK", "reportedCurrency": "USD", "cik": "0000766421", "fillingDate": "2001-02-14", "acceptedDate": "2001-02-14 00:00:00", "calendarYear": "2000", "period": "FY", "revenue": 2177200000, "costOfRevenue": 1451100000, "grossProfit": 726100000, "grossProfitRatio": 0.3335017454, "researchAndDevelopmentExpenses": 0, "generalAndAdministrativeExpenses": 431300000, "sellingAndMarketingExpenses": 54100000, "sellingGeneralAndAdministrativeExpenses": 485400000, "otherExpenses": 1975000000, "operatingExpenses": 2460400000, "costAndExpenses": 3911500000, "interestIncome": 27900000, "interestExpense": -36000000, "depreciationAndAmortization": 170800000, "ebitda": -1540600000, "ebitdaratio": -0.7076060996, "operatingIncome": -20600000, "operatingIncomeRatio": -0.0094616939, "totalOtherIncomeExpensesNet": -22900000, "incomeBeforeTax": -15700000, "incomeBeforeTaxRatio": -0.0072110968, "incomeTaxExpense": -2300000, "netIncome": -70300000, "netIncomeRatio": -0.0322891788, "eps": -0.66, "epsdiluted": -0.66, "weightedAverageShsOut": 105760000, "weightedAverageShsOutDil": 105760000, "link": "https://www.sec.gov/Archives/edgar/data/766421/000091205701005493/0000912057-01-005493-index.htm", "finalLink": "https://www.sec.gov/Archives/edgar/data/766421/000091205701005493/a2038282z10-k405.htm", "calculatedOtherExpenses": 261300000, "calculatedOperatingExpenses": 746700000, "calculatedNetInterest": 63900000, "calculatedOtherIncome": -59000000, "calculatedIncomeNonControlling": 56900000, "calculatedEbitda": 150200000}, {"date": "1999-12-31", "symbol": "ALK", "reportedCurrency": "USD", "cik": "0000766421", "fillingDate": "2000-02-25", "acceptedDate": "2000-02-25 00:00:00", "calendarYear": "1999", "period": "FY", "revenue": 2082000000, "costOfRevenue": 1180700000, "grossProfit": 901300000, "grossProfitRatio": 0.4329010567, "researchAndDevelopmentExpenses": 0, "generalAndAdministrativeExpenses": 452200000, "sellingAndMarketingExpenses": 5100000, "sellingGeneralAndAdministrativeExpenses": 457300000, "otherExpenses": 1713100000, "operatingExpenses": 2170400000, "costAndExpenses": 3351100000, "interestIncome": 0, "interestExpense": 0, "depreciationAndAmortization": 134900000, "ebitda": -1151100000, "ebitdaratio": -0.5528818444, "operatingIncome": 199900000, "operatingIncomeRatio": 0.0960134486, "totalOtherIncomeExpensesNet": 16900000, "incomeBeforeTax": 220700000, "incomeBeforeTaxRatio": 0.1060038425, "incomeTaxExpense": 86500000, "netIncome": 134200000, "netIncomeRatio": 0.0644572526, "eps": 1.27, "epsdiluted": 1.26, "weightedAverageShsOut": 105488000, "weightedAverageShsOutDil": 106028000, "link": "https://www.sec.gov/Archives/edgar/data/766421/000091205700008433/0000912057-00-008433-index.html", "finalLink": "https://www.sec.gov/Archives/edgar/data/766421/000091205700008433/", "calculatedOtherExpenses": 244100000, "calculatedOperatingExpenses": 701400000, "calculatedNetInterest": 0, "calculatedOtherIncome": 20800000, "calculatedIncomeNonControlling": 0, "calculatedEbitda": 334800000}, {"date": "1998-12-31", "symbol": "ALK", "reportedCurrency": "USD", "cik": "0000766421", "fillingDate": "1999-02-11", "acceptedDate": "1999-02-11 00:00:00", "calendarYear": "1998", "period": "FY", "revenue": 1897700000, "costOfRevenue": 1058600000, "grossProfit": 839100000, "grossProfitRatio": 0.4421668335, "researchAndDevelopmentExpenses": 0, "generalAndAdministrativeExpenses": 428800000, "sellingAndMarketingExpenses": -2700000, "sellingGeneralAndAdministrativeExpenses": 426100000, "otherExpenses": 1536400000, "operatingExpenses": 1962500000, "costAndExpenses": 3021100000, "interestIncome": 0, "interestExpense": 0, "depreciationAndAmortization": 116200000, "ebitda": -993000000, "ebitdaratio": -0.523265005, "operatingIncome": 211000000, "operatingIncomeRatio": 0.1111872266, "totalOtherIncomeExpensesNet": -14200000, "incomeBeforeTax": 204400000, "incomeBeforeTaxRatio": 0.1077093323, "incomeTaxExpense": 80000000, "netIncome": 124400000, "netIncomeRatio": 0.0655530379, "eps": 1.33, "epsdiluted": 1.2, "weightedAverageShsOut": 93552000, "weightedAverageShsOutDil": 105468000, "link": "https://www.sec.gov/Archives/edgar/data/766421/000076642199000001/0000766421-99-000001-index.html", "finalLink": "https://www.sec.gov/Archives/edgar/data/766421/", "calculatedOtherExpenses": 202000000, "calculatedOperatingExpenses": 628100000, "calculatedNetInterest": 0, "calculatedOtherIncome": -6600000, "calculatedIncomeNonControlling": 0, "calculatedEbitda": 327200000}, {"date": "1997-12-31", "symbol": "ALK", "reportedCurrency": "USD", "cik": "0000766421", "fillingDate": "1998-02-10", "acceptedDate": "1998-02-10 00:00:00", "calendarYear": "1997", "period": "FY", "revenue": 1739400000, "costOfRevenue": 1030300000, "grossProfit": 709100000, "grossProfitRatio": 0.4076693113, "researchAndDevelopmentExpenses": 0, "generalAndAdministrativeExpenses": 405500000, "sellingAndMarketingExpenses": -26200000, "sellingGeneralAndAdministrativeExpenses": 379300000, "otherExpenses": 1471200000, "operatingExpenses": 1850500000, "costAndExpenses": 2880800000, "interestIncome": 0, "interestExpense": 0, "depreciationAndAmortization": 103400000, "ebitda": -1040300000, "ebitdaratio": -0.5980797976, "operatingIncome": 139000000, "operatingIncomeRatio": 0.0799126135, "totalOtherIncomeExpensesNet": 2300000, "incomeBeforeTax": 123600000, "incomeBeforeTaxRatio": 0.0710589859, "incomeTaxExpense": 51200000, "netIncome": 72400000, "netIncomeRatio": 0.0416235484, "eps": 1.23, "epsdiluted": 0.88, "weightedAverageShsOut": 59102041, "weightedAverageShsOutDil": 82039660, "link": "https://www.sec.gov/Archives/edgar/data/766421/000076642198000001/0000766421-98-000001-index.html", "finalLink": "https://www.sec.gov/Archives/edgar/data/766421/", "calculatedOtherExpenses": 190800000, "calculatedOperatingExpenses": 570100000, "calculatedNetInterest": 0, "calculatedOtherIncome": -15400000, "calculatedIncomeNonControlling": 0, "calculatedEbitda": 242400000}, {"date": "1996-12-31", "symbol": "ALK", "reportedCurrency": "USD", "cik": "0000766421", "fillingDate": "1997-02-13", "acceptedDate": "1997-02-13 00:00:00", "calendarYear": "1996", "period": "FY", "revenue": 1592200000, "costOfRevenue": 1075300000, "grossProfit": 516900000, "grossProfitRatio": 0.3246451451, "researchAndDevelopmentExpenses": 0, "generalAndAdministrativeExpenses": 923600000, "sellingAndMarketingExpenses": -101500000, "sellingGeneralAndAdministrativeExpenses": 822100000, "otherExpenses": 924700000, "operatingExpenses": 1746800000, "costAndExpenses": 2822100000, "interestIncome": 0, "interestExpense": 0, "depreciationAndAmortization": 102100000, "ebitda": -1130400000, "ebitdaratio": -0.7099610602, "operatingIncome": 89000000, "operatingIncomeRatio": 0.0558975003, "totalOtherIncomeExpensesNet": 2600000, "incomeBeforeTax": 64300000, "incomeBeforeTaxRatio": 0.0403843738, "incomeTaxExpense": 26300000, "netIncome": 38000000, "netIncomeRatio": 0.0238663484, "eps": 0.66, "epsdiluted": 0.51, "weightedAverageShsOut": 57200000, "weightedAverageShsOutDil": 90000000, "link": "https://www.sec.gov/Archives/edgar/data/766421/000076642197000001/0000766421-97-000001-index.html", "finalLink": "https://www.sec.gov/Archives/edgar/data/766421/", "calculatedOtherExpenses": -394200000, "calculatedOperatingExpenses": 427900000, "calculatedNetInterest": 0, "calculatedOtherIncome": -24700000, "calculatedIncomeNonControlling": 0, "calculatedEbitda": 191100000}, {"date": "1995-12-31", "symbol": "ALK", "reportedCurrency": "USD", "cik": "0000766421", "fillingDate": "1996-02-13", "acceptedDate": "1996-02-13 00:00:00", "calendarYear": "1995", "period": "FY", "revenue": 1417500000, "costOfRevenue": 900200000, "grossProfit": 517300000, "grossProfitRatio": 0.3649382716, "researchAndDevelopmentExpenses": 0, "generalAndAdministrativeExpenses": 786100000, "sellingAndMarketingExpenses": -93100000, "sellingGeneralAndAdministrativeExpenses": 693000000, "otherExpenses": 820700000, "operatingExpenses": 1513700000, "costAndExpenses": 2413900000, "interestIncome": 0, "interestExpense": 0, "depreciationAndAmortization": 92600000, "ebitda": -903000000, "ebitdaratio": -0.637037037, "operatingIncome": 75900000, "operatingIncomeRatio": 0.0535449735, "totalOtherIncomeExpensesNet": -800000, "incomeBeforeTax": 34000000, "incomeBeforeTaxRatio": 0.0239858907, "incomeTaxExpense": 16700000, "netIncome": 17300000, "netIncomeRatio": 0.0122045855, "eps": 0.32, "epsdiluted": 0.32, "weightedAverageShsOut": 54000000, "weightedAverageShsOutDil": 83200000, "link": "https://www.sec.gov/Archives/edgar/data/766421/000076642196000002/0000766421-96-000002-index.html", "finalLink": "https://www.sec.gov/Archives/edgar/data/766421/", "calculatedOtherExpenses": -251600000, "calculatedOperatingExpenses": 441400000, "calculatedNetInterest": 0, "calculatedOtherIncome": -41900000, "calculatedIncomeNonControlling": 0, "calculatedEbitda": 168500000}, {"date": "1994-12-31", "symbol": "ALK", "reportedCurrency": "USD", "cik": "0000766421", "fillingDate": "1995-02-16", "acceptedDate": "1995-02-16 00:00:00", "calendarYear": "1994", "period": "FY", "revenue": 1315620000, "costOfRevenue": 837900000, "grossProfit": 477720000, "grossProfitRatio": 0.3631139691, "researchAndDevelopmentExpenses": 0, "generalAndAdministrativeExpenses": 754000000, "sellingAndMarketingExpenses": -91900000, "sellingGeneralAndAdministrativeExpenses": 662100000, "otherExpenses": 747022000, "operatingExpenses": 1409122000, "costAndExpenses": 2247022000, "interestIncome": 0, "interestExpense": 0, "depreciationAndAmortization": 77545000, "ebitda": -859001000, "ebitdaratio": -0.6529248567, "operatingIncome": 74998000, "operatingIncomeRatio": 0.0570058223, "totalOtherIncomeExpensesNet": 5144000, "incomeBeforeTax": 40961000, "incomeBeforeTaxRatio": 0.0311343701, "incomeTaxExpense": 18430000, "netIncome": 22531000, "netIncomeRatio": 0.0171257658, "eps": 0.42, "epsdiluted": 0.41, "weightedAverageShsOut": 53512000, "weightedAverageShsOutDil": 78392000, "link": "https://www.sec.gov/Archives/edgar/data/766421/000076642195000002/0000766421-95-000002-index.html", "finalLink": "https://www.sec.gov/Archives/edgar/data/766421/", "calculatedOtherExpenses": -259378000, "calculatedOperatingExpenses": 402722000, "calculatedNetInterest": 0, "calculatedOtherIncome": -34037000, "calculatedIncomeNonControlling": 0, "calculatedEbitda": 152543000}, {"date": "1993-12-31", "symbol": "ALK", "reportedCurrency": "USD", "cik": "0000766421", "fillingDate": "1994-02-08", "acceptedDate": "1994-02-08 00:00:00", "calendarYear": "1993", "period": "FY", "revenue": 1128300000, "costOfRevenue": 733000000, "grossProfit": 395300000, "grossProfitRatio": 0.3503500842, "researchAndDevelopmentExpenses": 0, "generalAndAdministrativeExpenses": 0, "sellingAndMarketingExpenses": 0, "sellingGeneralAndAdministrativeExpenses": 353700000, "otherExpenses": 58400000, "operatingExpenses": 412100000, "costAndExpenses": 1145100000, "interestIncome": 0, "interestExpense": 0, "depreciationAndAmortization": -58400000, "ebitda": 33000000, "ebitdaratio": 0.0292475405, "operatingIncome": -16800000, "operatingIncomeRatio": -0.014889657, "totalOtherIncomeExpensesNet": 8600000, "incomeBeforeTax": -45800000, "incomeBeforeTaxRatio": -0.0405920411, "incomeTaxExpense": -14900000, "netIncome": -30900000, "netIncomeRatio": -0.0273863334, "eps": -0.58, "epsdiluted": -0.58, "weightedAverageShsOut": 53227092, "weightedAverageShsOutDil": 53227092, "link": "https://www.sec.gov/Archives/edgar/data/766421/000076642194000003/0000766421-94-000003-index.html", "finalLink": "https://www.sec.gov/Archives/edgar/data/766421/", "calculatedOtherExpenses": 58400000, "calculatedOperatingExpenses": 412100000, "calculatedNetInterest": 0, "calculatedOtherIncome": -29000000, "calculatedIncomeNonControlling": 0, "calculatedEbitda": -75200000}, {"date": "1992-12-31", "symbol": "ALK", "reportedCurrency": "USD", "cik": "0000766421", "fillingDate": "1992-12-31", "acceptedDate": "1992-12-30 19:00:00", "calendarYear": "1992", "period": "FY", "revenue": 1115400000, "costOfRevenue": 744800000, "grossProfit": 370600000, "grossProfitRatio": 0.3322574861, "researchAndDevelopmentExpenses": 0, "generalAndAdministrativeExpenses": 0, "sellingAndMarketingExpenses": 0, "sellingGeneralAndAdministrativeExpenses": 408700000, "otherExpenses": 56800000, "operatingExpenses": 465500000, "costAndExpenses": 1210300000, "interestIncome": 0, "interestExpense": 0, "depreciationAndAmortization": -56800000, "ebitda": -50500000, "ebitdaratio": -0.0452752376, "operatingIncome": -94900000, "operatingIncomeRatio": -0.0850815851, "totalOtherIncomeExpensesNet": 12400000, "incomeBeforeTax": -125700000, "incomeBeforeTaxRatio": -0.1126949973, "incomeTaxExpense": -45400000, "netIncome": -84900000, "netIncomeRatio": -0.0761161915, "eps": -1.59, "epsdiluted": -1.59, "weightedAverageShsOut": 53333333, "weightedAverageShsOutDil": 53333333, "link": "", "finalLink": "", "calculatedOtherExpenses": 56800000, "calculatedOperatingExpenses": 465500000, "calculatedNetInterest": 0, "calculatedOtherIncome": -30800000, "calculatedIncomeNonControlling": 4600000, "calculatedEbitda": -151700000}, {"date": "1991-12-31", "symbol": "ALK", "reportedCurrency": "USD", "cik": "0000766421", "fillingDate": "1991-12-31", "acceptedDate": "1991-12-30 19:00:00", "calendarYear": "1991", "period": "FY", "revenue": 1104000000, "costOfRevenue": 673800000, "grossProfit": 430200000, "grossProfitRatio": 0.389673913, "researchAndDevelopmentExpenses": 0, "generalAndAdministrativeExpenses": 0, "sellingAndMarketingExpenses": 0, "sellingGeneralAndAdministrativeExpenses": 343800000, "otherExpenses": 51800000, "operatingExpenses": 395600000, "costAndExpenses": 1069400000, "interestIncome": 0, "interestExpense": 0, "depreciationAndAmortization": -51800000, "ebitda": 64600000, "ebitdaratio": 0.0585144928, "operatingIncome": 34600000, "operatingIncomeRatio": 0.0313405797, "totalOtherIncomeExpensesNet": 21800000, "incomeBeforeTax": 16200000, "incomeBeforeTaxRatio": 0.014673913, "incomeTaxExpense": 5900000, "netIncome": 10300000, "netIncomeRatio": 0.0093297101, "eps": 0.0675, "epsdiluted": 0.0675, "weightedAverageShsOut": 53333333, "weightedAverageShsOutDil": 53333333, "link": "", "finalLink": "", "calculatedOtherExpenses": 51800000, "calculatedOperatingExpenses": 395600000, "calculatedNetInterest": 0, "calculatedOtherIncome": -18400000, "calculatedIncomeNonControlling": 0, "calculatedEbitda": -17200000}, {"date": "1990-12-31", "symbol": "ALK", "reportedCurrency": "USD", "cik": "0000766421", "fillingDate": "1990-12-31", "acceptedDate": "1990-12-30 19:00:00", "calendarYear": "1990", "period": "FY", "revenue": 1047000000, "costOfRevenue": 633500000, "grossProfit": 413500000, "grossProfitRatio": 0.3949379179, "researchAndDevelopmentExpenses": 0, "generalAndAdministrativeExpenses": 0, "sellingAndMarketingExpenses": 0, "sellingGeneralAndAdministrativeExpenses": 324400000, "otherExpenses": 60600000, "operatingExpenses": 385000000, "costAndExpenses": 1018500000, "interestIncome": 0, "interestExpense": 0, "depreciationAndAmortization": -60600000, "ebitda": 69300000, "ebitdaratio": 0.0661891117, "operatingIncome": 28500000, "operatingIncomeRatio": 0.0272206304, "totalOtherIncomeExpensesNet": 19800000, "incomeBeforeTax": 28000000, "incomeBeforeTaxRatio": 0.0267430755, "incomeTaxExpense": 10800000, "netIncome": 17200000, "netIncomeRatio": 0.0164278892, "eps": 0.21, "epsdiluted": 0.21, "weightedAverageShsOut": 54634146, "weightedAverageShsOutDil": 54634146, "link": "", "finalLink": "", "calculatedOtherExpenses": 60600000, "calculatedOperatingExpenses": 385000000, "calculatedNetInterest": 0, "calculatedOtherIncome": -500000, "calculatedIncomeNonControlling": 0, "calculatedEbitda": -32100000}, {"date": "1989-12-31", "symbol": "ALK", "reportedCurrency": "USD", "cik": "0000766421", "fillingDate": "1989-12-31", "acceptedDate": "1989-12-30 19:00:00", "calendarYear": "1989", "period": "FY", "revenue": 916500000, "costOfRevenue": 516700000, "grossProfit": 399800000, "grossProfitRatio": 0.4362247681, "researchAndDevelopmentExpenses": 0, "generalAndAdministrativeExpenses": 0, "sellingAndMarketingExpenses": 0, "sellingGeneralAndAdministrativeExpenses": 283700000, "otherExpenses": 46200000, "operatingExpenses": 329900000, "costAndExpenses": 846600000, "interestIncome": 0, "interestExpense": 0, "depreciationAndAmortization": -46200000, "ebitda": 97300000, "ebitdaratio": 0.1061647572, "operatingIncome": 69900000, "operatingIncomeRatio": 0.0762684124, "totalOtherIncomeExpensesNet": 18800000, "incomeBeforeTax": 69300000, "incomeBeforeTaxRatio": 0.075613748, "incomeTaxExpense": 26400000, "netIncome": 42900000, "netIncomeRatio": 0.0468085106, "eps": 0.68, "epsdiluted": 0.63, "weightedAverageShsOut": 63321033, "weightedAverageShsOutDil": 68366534, "link": "", "finalLink": "", "calculatedOtherExpenses": 46200000, "calculatedOperatingExpenses": 329900000, "calculatedNetInterest": 0, "calculatedOtherIncome": -600000, "calculatedIncomeNonControlling": 0, "calculatedEbitda": 23700000}, {"date": "1988-12-31", "symbol": "ALK", "reportedCurrency": "USD", "cik": "0000766421", "fillingDate": "1988-12-31", "acceptedDate": "1988-12-30 19:00:00", "calendarYear": "1988", "period": "FY", "revenue": 814400000, "costOfRevenue": 400400000, "grossProfit": 414000000, "grossProfitRatio": 0.5083497053, "researchAndDevelopmentExpenses": 0, "generalAndAdministrativeExpenses": 0, "sellingAndMarketingExpenses": 0, "sellingGeneralAndAdministrativeExpenses": 299700000, "otherExpenses": 43700000, "operatingExpenses": 343400000, "costAndExpenses": 743800000, "interestIncome": 0, "interestExpense": 0, "depreciationAndAmortization": 43700000, "ebitda": 103600000, "ebitdaratio": 0.1272102161, "operatingIncome": 70600000, "operatingIncomeRatio": 0.0866895874, "totalOtherIncomeExpensesNet": 10700000, "incomeBeforeTax": 62500000, "incomeBeforeTaxRatio": 0.0767436149, "incomeTaxExpense": 25000000, "netIncome": 37500000, "netIncomeRatio": 0.046046169, "eps": 0.59, "epsdiluted": 0.57, "weightedAverageShsOut": 63291139, "weightedAverageShsOutDil": 65217391, "link": "", "finalLink": "", "calculatedOtherExpenses": 43700000, "calculatedOperatingExpenses": 343400000, "calculatedNetInterest": 0, "calculatedOtherIncome": -8100000, "calculatedIncomeNonControlling": 0, "calculatedEbitda": 114300000}, {"date": "1987-12-31", "symbol": "ALK", "reportedCurrency": "USD", "cik": "0000766421", "fillingDate": "1987-12-31", "acceptedDate": "1987-12-30 19:00:00", "calendarYear": "1987", "period": "FY", "revenue": 709800000, "costOfRevenue": 375000000, "grossProfit": 334800000, "grossProfitRatio": 0.471682164, "researchAndDevelopmentExpenses": 0, "generalAndAdministrativeExpenses": 0, "sellingAndMarketingExpenses": 0, "sellingGeneralAndAdministrativeExpenses": 258200000, "otherExpenses": 42300000, "operatingExpenses": 300500000, "costAndExpenses": 675500000, "interestIncome": 0, "interestExpense": 0, "depreciationAndAmortization": 42300000, "ebitda": 65100000, "ebitdaratio": 0.0917159763, "operatingIncome": 34300000, "operatingIncomeRatio": 0.0483234714, "totalOtherIncomeExpensesNet": 11500000, "incomeBeforeTax": 22200000, "incomeBeforeTaxRatio": 0.0312764159, "incomeTaxExpense": 8900000, "netIncome": 13300000, "netIncomeRatio": 0.0187376726, "eps": 0.21, "epsdiluted": 0.21, "weightedAverageShsOut": 62588235, "weightedAverageShsOutDil": 62588235, "link": "", "finalLink": "", "calculatedOtherExpenses": 42300000, "calculatedOperatingExpenses": 300500000, "calculatedNetInterest": 0, "calculatedOtherIncome": -12100000, "calculatedIncomeNonControlling": 0, "calculatedEbitda": 76600000}, {"date": "1986-12-31", "symbol": "ALK", "reportedCurrency": "USD", "cik": "0000766421", "fillingDate": "1986-12-31", "acceptedDate": "1986-12-30 19:00:00", "calendarYear": "1986", "period": "FY", "revenue": 468300000, "costOfRevenue": 228300000, "grossProfit": 240000000, "grossProfitRatio": 0.5124919923, "researchAndDevelopmentExpenses": 0, "generalAndAdministrativeExpenses": 0, "sellingAndMarketingExpenses": 0, "sellingGeneralAndAdministrativeExpenses": 168800000, "otherExpenses": 33400000, "operatingExpenses": 202200000, "costAndExpenses": 430500000, "interestIncome": 0, "interestExpense": 0, "depreciationAndAmortization": 33400000, "ebitda": 59500000, "ebitdaratio": 0.1270553064, "operatingIncome": 37800000, "operatingIncomeRatio": 0.0807174888, "totalOtherIncomeExpensesNet": 11700000, "incomeBeforeTax": 27900000, "incomeBeforeTaxRatio": 0.0595771941, "incomeTaxExpense": 10200000, "netIncome": 17700000, "netIncomeRatio": 0.0377962844, "eps": 0.35, "epsdiluted": 0.33, "weightedAverageShsOut": 50212766, "weightedAverageShsOutDil": 54461538, "link": "", "finalLink": "", "calculatedOtherExpenses": 33400000, "calculatedOperatingExpenses": 202200000, "calculatedNetInterest": 0, "calculatedOtherIncome": -9900000, "calculatedIncomeNonControlling": 0, "calculatedEbitda": 71200000}, {"date": "1985-12-31", "symbol": "ALK", "reportedCurrency": "USD", "cik": "0000766421", "fillingDate": "1985-12-31", "acceptedDate": "1985-12-30 19:00:00", "calendarYear": "1985", "period": "FY", "revenue": 433200000, "costOfRevenue": 230900000, "grossProfit": 202300000, "grossProfitRatio": 0.466989843, "researchAndDevelopmentExpenses": 0, "generalAndAdministrativeExpenses": 0, "sellingAndMarketingExpenses": 0, "sellingGeneralAndAdministrativeExpenses": 149700000, "otherExpenses": 21500000, "operatingExpenses": 171200000, "costAndExpenses": 402100000, "interestIncome": 0, "interestExpense": 0, "depreciationAndAmortization": 21500000, "ebitda": 37100000, "ebitdaratio": 0.0856417359, "operatingIncome": 31100000, "operatingIncomeRatio": 0.0717913204, "totalOtherIncomeExpensesNet": 15500000, "incomeBeforeTax": 33800000, "incomeBeforeTaxRatio": 0.0780240074, "incomeTaxExpense": 7900000, "netIncome": 25900000, "netIncomeRatio": 0.059787627, "eps": 0.53, "epsdiluted": 0.46, "weightedAverageShsOut": 49333333, "weightedAverageShsOutDil": 56000000, "link": "", "finalLink": "", "calculatedOtherExpenses": 21500000, "calculatedOperatingExpenses": 171200000, "calculatedNetInterest": 0, "calculatedOtherIncome": 2700000, "calculatedIncomeNonControlling": 0, "calculatedEbitda": 52600000}]}