{"originalCurrency": "USD", "convertedCurrency": "USD", "report": [{"date": "2023-12-31", "symbol": "ALL", "reportedCurrency": "USD", "cik": "0000899051", "fillingDate": "2024-02-21", "acceptedDate": "2024-02-21 14:09:58", "calendarYear": "2023", "period": "FY", "revenue": 57094000000, "costOfRevenue": 7137000000, "grossProfit": 49957000000, "grossProfitRatio": 0.8749956213, "researchAndDevelopmentExpenses": 0, "generalAndAdministrativeExpenses": 9000000, "sellingAndMarketingExpenses": 0, "sellingGeneralAndAdministrativeExpenses": 9000000, "otherExpenses": 50305000000, "operatingExpenses": 50305000000, "costAndExpenses": 57442000000, "interestIncome": 0, "interestExpense": 379000000, "depreciationAndAmortization": 704000000, "ebitda": -213000000, "ebitdaratio": -0.0037306897, "operatingIncome": -213000000, "operatingIncomeRatio": -0.0037306897, "totalOtherIncomeExpensesNet": 2400000000, "incomeBeforeTax": -348000000, "incomeBeforeTaxRatio": -0.0060952114, "incomeTaxExpense": -135000000, "netIncome": -188000000, "netIncomeRatio": -0.0032928154, "eps": -0.72, "epsdiluted": -0.72, "weightedAverageShsOut": 262500000, "weightedAverageShsOutDil": 262500000, "link": "https://www.sec.gov/Archives/edgar/data/899051/000089905124000013/0000899051-24-000013-index.htm", "finalLink": "https://www.sec.gov/Archives/edgar/data/899051/000089905124000013/all-20231231.htm", "calculatedOtherExpenses": 50161000000, "calculatedOperatingExpenses": 50170000000, "calculatedNetInterest": -379000000, "calculatedOtherIncome": 244000000, "calculatedIncomeNonControlling": -25000000, "calculatedEbitda": 491000000}, {"date": "2022-12-31", "symbol": "ALL", "reportedCurrency": "USD", "cik": "0000899051", "fillingDate": "2023-02-16", "acceptedDate": "2023-02-16 17:32:22", "calendarYear": "2022", "period": "FY", "revenue": 51412000000, "costOfRevenue": 7446000000, "grossProfit": 43966000000, "grossProfitRatio": 0.8551699992, "researchAndDevelopmentExpenses": 0, "generalAndAdministrativeExpenses": 116000000, "sellingAndMarketingExpenses": 0, "sellingGeneralAndAdministrativeExpenses": 116000000, "otherExpenses": 53154000000, "operatingExpenses": 53270000000, "costAndExpenses": 53270000000, "interestIncome": 335000000, "interestExpense": 335000000, "depreciationAndAmortization": 353000000, "ebitda": -1117000000, "ebitdaratio": -0.0217264452, "operatingIncome": -1470000000, "operatingIncomeRatio": -0.0285925465, "totalOtherIncomeExpensesNet": -388000000, "incomeBeforeTax": -1858000000, "incomeBeforeTaxRatio": -0.0361394227, "incomeTaxExpense": -494000000, "netIncome": -1364000000, "netIncomeRatio": -0.026530771, "eps": -5.03, "epsdiluted": -5.03, "weightedAverageShsOut": 271200000, "weightedAverageShsOutDil": 271200000, "link": "https://www.sec.gov/Archives/edgar/data/899051/000089905123000020/0000899051-23-000020-index.htm", "finalLink": "https://www.sec.gov/Archives/edgar/data/899051/000089905123000020/all-20221231.htm", "calculatedOtherExpenses": 45320000000, "calculatedOperatingExpenses": 45436000000, "calculatedNetInterest": 0, "calculatedOtherIncome": -388000000, "calculatedIncomeNonControlling": 0, "calculatedEbitda": -1117000000}, {"date": "2021-12-31", "symbol": "ALL", "reportedCurrency": "USD", "cik": "0000899051", "fillingDate": "2022-02-18", "acceptedDate": "2022-02-18 15:17:10", "calendarYear": "2021", "period": "FY", "revenue": 50588000000, "costOfRevenue": 7260000000, "grossProfit": 43328000000, "grossProfitRatio": 0.8564877046, "researchAndDevelopmentExpenses": 0, "generalAndAdministrativeExpenses": -644000000, "sellingAndMarketingExpenses": 0, "sellingGeneralAndAdministrativeExpenses": -644000000, "otherExpenses": -49228000000, "operatingExpenses": -49872000000, "costAndExpenses": 44140000000, "interestIncome": 330000000, "interestExpense": 330000000, "depreciationAndAmortization": 376000000, "ebitda": 1092000000, "ebitdaratio": 0.0215861469, "operatingIncome": 716000000, "operatingIncomeRatio": 0.0141535542, "totalOtherIncomeExpensesNet": 5732000000, "incomeBeforeTax": 6448000000, "incomeBeforeTaxRatio": 0.127461058, "incomeTaxExpense": 1289000000, "netIncome": 5159000000, "netIncomeRatio": 0.1019807069, "eps": 17.5, "epsdiluted": 17.25, "weightedAverageShsOut": 294800000, "weightedAverageShsOutDil": 299100000, "link": "https://www.sec.gov/Archives/edgar/data/899051/000089905122000015/0000899051-22-000015-index.htm", "finalLink": "https://www.sec.gov/Archives/edgar/data/899051/000089905122000015/all-20211231.htm", "calculatedOtherExpenses": 43256000000, "calculatedOperatingExpenses": 42612000000, "calculatedNetInterest": 0, "calculatedOtherIncome": 5732000000, "calculatedIncomeNonControlling": 0, "calculatedEbitda": 1092000000}, {"date": "2020-12-31", "symbol": "ALL", "reportedCurrency": "USD", "cik": "0000899051", "fillingDate": "2021-02-22", "acceptedDate": "2021-02-19 17:37:16", "calendarYear": "2020", "period": "FY", "revenue": 44791000000, "costOfRevenue": 5732000000, "grossProfit": 39059000000, "grossProfitRatio": 0.8720278627, "researchAndDevelopmentExpenses": 0, "generalAndAdministrativeExpenses": -51000000, "sellingAndMarketingExpenses": 0, "sellingGeneralAndAdministrativeExpenses": -51000000, "otherExpenses": -38846000000, "operatingExpenses": -38897000000, "costAndExpenses": 37832000000, "interestIncome": 318000000, "interestExpense": 318000000, "depreciationAndAmortization": 118000000, "ebitda": 6012000000, "ebitdaratio": 0.1342233931, "operatingIncome": 5894000000, "operatingIncomeRatio": 0.1315889353, "totalOtherIncomeExpensesNet": 1065000000, "incomeBeforeTax": 6959000000, "incomeBeforeTaxRatio": 0.1553660334, "incomeTaxExpense": 1383000000, "netIncome": 5576000000, "netIncomeRatio": 0.1244892947, "eps": 17.53, "epsdiluted": 17.31, "weightedAverageShsOut": 311600000, "weightedAverageShsOutDil": 315500000, "link": "https://www.sec.gov/Archives/edgar/data/899051/000089905121000011/0000899051-21-000011-index.htm", "finalLink": "https://www.sec.gov/Archives/edgar/data/899051/000089905121000011/all-20201231.htm", "calculatedOtherExpenses": 33216000000, "calculatedOperatingExpenses": 33165000000, "calculatedNetInterest": 0, "calculatedOtherIncome": 1065000000, "calculatedIncomeNonControlling": 0, "calculatedEbitda": 6012000000}, {"date": "2019-12-31", "symbol": "ALL", "reportedCurrency": "USD", "cik": "0000899051", "fillingDate": "2020-02-21", "acceptedDate": "2020-02-21 11:07:49", "calendarYear": "2019", "period": "FY", "revenue": 44675000000, "costOfRevenue": 5690000000, "grossProfit": 38985000000, "grossProfitRatio": 0.8726357023, "researchAndDevelopmentExpenses": 0, "generalAndAdministrativeExpenses": 114000000, "sellingAndMarketingExpenses": 0, "sellingGeneralAndAdministrativeExpenses": 114000000, "otherExpenses": -39754000000, "operatingExpenses": -39640000000, "costAndExpenses": 38586000000, "interestIncome": 327000000, "interestExpense": 327000000, "depreciationAndAmortization": 126000000, "ebitda": 5161000000, "ebitdaratio": 0.1155232233, "operatingIncome": 5035000000, "operatingIncomeRatio": 0.1127028539, "totalOtherIncomeExpensesNet": 1054000000, "incomeBeforeTax": 6089000000, "incomeBeforeTaxRatio": 0.1362954673, "incomeTaxExpense": 1242000000, "netIncome": 4847000000, "netIncomeRatio": 0.1084946838, "eps": 14.25, "epsdiluted": 14.03, "weightedAverageShsOut": 328200000, "weightedAverageShsOutDil": 333500000, "link": "https://www.sec.gov/Archives/edgar/data/899051/000089905120000013/0000899051-20-000013-index.htm", "finalLink": "https://www.sec.gov/Archives/edgar/data/899051/000089905120000013/allcorp-12311910xk.htm", "calculatedOtherExpenses": 33836000000, "calculatedOperatingExpenses": 33950000000, "calculatedNetInterest": 0, "calculatedOtherIncome": 1054000000, "calculatedIncomeNonControlling": 0, "calculatedEbitda": 5161000000}, {"date": "2018-12-31", "symbol": "ALL", "reportedCurrency": "USD", "cik": "0000899051", "fillingDate": "2019-02-15", "acceptedDate": "2019-02-15 13:43:51", "calendarYear": "2018", "period": "FY", "revenue": 39815000000, "costOfRevenue": 5869000000, "grossProfit": 33946000000, "grossProfitRatio": 0.8525932438, "researchAndDevelopmentExpenses": 0, "generalAndAdministrativeExpenses": 468000000, "sellingAndMarketingExpenses": 0, "sellingGeneralAndAdministrativeExpenses": 468000000, "otherExpenses": 36719000000, "operatingExpenses": 37187000000, "costAndExpenses": 37187000000, "interestIncome": 0, "interestExpense": 332000000, "depreciationAndAmortization": 511000000, "ebitda": 3587000000, "ebitdaratio": 0.090091674, "operatingIncome": 3076000000, "operatingIncomeRatio": 0.0772573151, "totalOtherIncomeExpensesNet": 939000000, "incomeBeforeTax": 2744000000, "incomeBeforeTaxRatio": 0.0689187492, "incomeTaxExpense": 492000000, "netIncome": 2160000000, "netIncomeRatio": 0.0542509105, "eps": 6.21, "epsdiluted": 6.12, "weightedAverageShsOut": 347800000, "weightedAverageShsOutDil": 353200000, "link": "https://www.sec.gov/Archives/edgar/data/899051/000089905119000007/0000899051-19-000007-index.htm", "finalLink": "https://www.sec.gov/Archives/edgar/data/899051/000089905119000007/allcorp-12311810xk.htm", "calculatedOtherExpenses": 30402000000, "calculatedOperatingExpenses": 30870000000, "calculatedNetInterest": -332000000, "calculatedOtherIncome": 0, "calculatedIncomeNonControlling": 92000000, "calculatedEbitda": 3587000000}, {"date": "2017-12-31", "symbol": "ALL", "reportedCurrency": "USD", "cik": "0000899051", "fillingDate": "2018-02-26", "acceptedDate": "2018-02-26 17:10:16", "calendarYear": "2017", "period": "FY", "revenue": 38524000000, "costOfRevenue": 4658000000, "grossProfit": 33866000000, "grossProfitRatio": 0.8790883605, "researchAndDevelopmentExpenses": 0, "generalAndAdministrativeExpenses": 4658000000, "sellingAndMarketingExpenses": 0, "sellingGeneralAndAdministrativeExpenses": 4658000000, "otherExpenses": 29875000000, "operatingExpenses": 34533000000, "costAndExpenses": 34533000000, "interestIncome": 0, "interestExpense": 335000000, "depreciationAndAmortization": 483000000, "ebitda": 4809000000, "ebitdaratio": 0.124831274, "operatingIncome": 3971000000, "operatingIncomeRatio": 0.1030786004, "totalOtherIncomeExpensesNet": 20000000, "incomeBeforeTax": 3991000000, "incomeBeforeTaxRatio": 0.1035977572, "incomeTaxExpense": 802000000, "netIncome": 3189000000, "netIncomeRatio": 0.082779566, "eps": 9.5, "epsdiluted": 9.35, "weightedAverageShsOut": 362000000, "weightedAverageShsOutDil": 367800000, "link": "https://www.sec.gov/Archives/edgar/data/899051/000089905118000007/0000899051-18-000007-index.htm", "finalLink": "https://www.sec.gov/Archives/edgar/data/899051/000089905118000007/allcorp-12311710xk.htm", "calculatedOtherExpenses": 25237000000, "calculatedOperatingExpenses": 29895000000, "calculatedNetInterest": -335000000, "calculatedOtherIncome": 355000000, "calculatedIncomeNonControlling": 0, "calculatedEbitda": 4454000000}, {"date": "2016-12-31", "symbol": "ALL", "reportedCurrency": "USD", "cik": "0000899051", "fillingDate": "2017-02-17", "acceptedDate": "2017-02-17 14:43:26", "calendarYear": "2016", "period": "FY", "revenue": 36534000000, "costOfRevenue": 4106000000, "grossProfit": 32428000000, "grossProfitRatio": 0.8876115399, "researchAndDevelopmentExpenses": 0, "generalAndAdministrativeExpenses": 4106000000, "sellingAndMarketingExpenses": 0, "sellingGeneralAndAdministrativeExpenses": 4106000000, "otherExpenses": 29674000000, "operatingExpenses": 33780000000, "costAndExpenses": 33780000000, "interestIncome": 0, "interestExpense": 295000000, "depreciationAndAmortization": 382000000, "ebitda": 3431000000, "ebitdaratio": 0.0939125198, "operatingIncome": 5000000, "operatingIncomeRatio": 0.0001368588, "totalOtherIncomeExpensesNet": 2749000000, "incomeBeforeTax": 2754000000, "incomeBeforeTaxRatio": 0.0753818361, "incomeTaxExpense": 877000000, "netIncome": 1877000000, "netIncomeRatio": 0.0513767997, "eps": 4.72, "epsdiluted": 4.67, "weightedAverageShsOut": 372800000, "weightedAverageShsOutDil": 377300000, "link": "https://www.sec.gov/Archives/edgar/data/899051/000089905117000005/0000899051-17-000005-index.htm", "finalLink": "https://www.sec.gov/Archives/edgar/data/899051/000089905117000005/allcorp-12311610xk.htm", "calculatedOtherExpenses": 28317000000, "calculatedOperatingExpenses": 32423000000, "calculatedNetInterest": -295000000, "calculatedOtherIncome": 3044000000, "calculatedIncomeNonControlling": 0, "calculatedEbitda": 387000000}, {"date": "2015-12-31", "symbol": "ALL", "reportedCurrency": "USD", "cik": "0000899051", "fillingDate": "2016-02-19", "acceptedDate": "2016-02-19 14:04:26", "calendarYear": "2015", "period": "FY", "revenue": 35653000000, "costOfRevenue": 4081000000, "grossProfit": 31572000000, "grossProfitRatio": 0.8855355791, "researchAndDevelopmentExpenses": 0, "generalAndAdministrativeExpenses": 4081000000, "sellingAndMarketingExpenses": 0, "sellingGeneralAndAdministrativeExpenses": 4081000000, "otherExpenses": 28290000000, "operatingExpenses": 32371000000, "costAndExpenses": 32371000000, "interestIncome": 0, "interestExpense": 292000000, "depreciationAndAmortization": 371000000, "ebitda": 3945000000, "ebitdaratio": 0.1106498752, "operatingIncome": 3000000, "operatingIncomeRatio": 8.41444e-05, "totalOtherIncomeExpensesNet": 3279000000, "incomeBeforeTax": 3282000000, "incomeBeforeTaxRatio": 0.0920539646, "incomeTaxExpense": 1111000000, "netIncome": 2171000000, "netIncomeRatio": 0.0608924915, "eps": 5.12, "epsdiluted": 5.05, "weightedAverageShsOut": 401100000, "weightedAverageShsOutDil": 406800000, "link": "https://www.sec.gov/Archives/edgar/data/899051/000089905116000040/0000899051-16-000040-index.htm", "finalLink": "https://www.sec.gov/Archives/edgar/data/899051/000089905116000040/allcorp-12311510xk.htm", "calculatedOtherExpenses": 27488000000, "calculatedOperatingExpenses": 31569000000, "calculatedNetInterest": -292000000, "calculatedOtherIncome": 3571000000, "calculatedIncomeNonControlling": 0, "calculatedEbitda": 374000000}, {"date": "2014-12-31", "symbol": "ALL", "reportedCurrency": "USD", "cik": "0000899051", "fillingDate": "2015-02-19", "acceptedDate": "2015-02-19 09:41:19", "calendarYear": "2014", "period": "FY", "revenue": 35239000000, "costOfRevenue": 4341000000, "grossProfit": 30898000000, "grossProfitRatio": 0.8768126224, "researchAndDevelopmentExpenses": 0, "generalAndAdministrativeExpenses": 4341000000, "sellingAndMarketingExpenses": 0, "sellingGeneralAndAdministrativeExpenses": 4341000000, "otherExpenses": 26662000000, "operatingExpenses": 31003000000, "costAndExpenses": 31003000000, "interestIncome": 0, "interestExpense": 322000000, "depreciationAndAmortization": 366000000, "ebitda": 4924000000, "ebitdaratio": 0.1397315474, "operatingIncome": -74000000, "operatingIncomeRatio": -0.0020999461, "totalOtherIncomeExpensesNet": 4310000000, "incomeBeforeTax": 4236000000, "incomeBeforeTaxRatio": 0.1202077244, "incomeTaxExpense": 1386000000, "netIncome": 2850000000, "netIncomeRatio": 0.0808763018, "eps": 6.37, "epsdiluted": 6.27, "weightedAverageShsOut": 431400000, "weightedAverageShsOutDil": 438200000, "link": "https://www.sec.gov/Archives/edgar/data/899051/000104746915000935/0001047469-15-000935-index.htm", "finalLink": "https://www.sec.gov/Archives/edgar/data/899051/000104746915000935/a2223004z10-k.htm", "calculatedOtherExpenses": 26631000000, "calculatedOperatingExpenses": 30972000000, "calculatedNetInterest": -322000000, "calculatedOtherIncome": 4632000000, "calculatedIncomeNonControlling": 0, "calculatedEbitda": 292000000}, {"date": "2013-12-31", "symbol": "ALL", "reportedCurrency": "USD", "cik": "0000899051", "fillingDate": "2014-02-20", "acceptedDate": "2014-02-20 12:59:44", "calendarYear": "2013", "period": "FY", "revenue": 34507000000, "costOfRevenue": 0, "grossProfit": 34507000000, "grossProfitRatio": 1, "researchAndDevelopmentExpenses": 0, "generalAndAdministrativeExpenses": 4387000000, "sellingAndMarketingExpenses": 0, "sellingGeneralAndAdministrativeExpenses": 4387000000, "otherExpenses": 26724000000, "operatingExpenses": 31111000000, "costAndExpenses": 31111000000, "interestIncome": 0, "interestExpense": 367000000, "depreciationAndAmortization": 368000000, "ebitda": 4131000000, "ebitdaratio": 0.1197148405, "operatingIncome": 3763000000, "operatingIncomeRatio": 0.1090503376, "totalOtherIncomeExpensesNet": -367000000, "incomeBeforeTax": 3396000000, "incomeBeforeTaxRatio": 0.0984148144, "incomeTaxExpense": 1116000000, "netIncome": 2280000000, "netIncomeRatio": 0.0660735503, "eps": 4.87, "epsdiluted": 4.81, "weightedAverageShsOut": 464400000, "weightedAverageShsOutDil": 470300000, "link": "https://www.sec.gov/Archives/edgar/data/899051/000104746914001083/0001047469-14-001083-index.htm", "finalLink": "https://www.sec.gov/Archives/edgar/data/899051/000104746914001083/a2218256z10-k.htm", "calculatedOtherExpenses": 26357000000, "calculatedOperatingExpenses": 30744000000, "calculatedNetInterest": -367000000, "calculatedOtherIncome": 0, "calculatedIncomeNonControlling": 0, "calculatedEbitda": 4131000000}, {"date": "2012-12-31", "symbol": "ALL", "reportedCurrency": "USD", "cik": "0000899051", "fillingDate": "2013-02-20", "acceptedDate": "2013-02-20 09:42:11", "calendarYear": "2012", "period": "FY", "revenue": 33315000000, "costOfRevenue": 4118000000, "grossProfit": 29197000000, "grossProfitRatio": 0.8763920156, "researchAndDevelopmentExpenses": 0, "generalAndAdministrativeExpenses": 4118000000, "sellingAndMarketingExpenses": 0, "sellingGeneralAndAdministrativeExpenses": 4118000000, "otherExpenses": 25891000000, "operatingExpenses": 30009000000, "costAndExpenses": 30009000000, "interestIncome": 0, "interestExpense": 373000000, "depreciationAndAmortization": 388000000, "ebitda": 4067000000, "ebitdaratio": 0.1220771424, "operatingIncome": 18000000, "operatingIncomeRatio": 0.0005402972, "totalOtherIncomeExpensesNet": 3288000000, "incomeBeforeTax": 3306000000, "incomeBeforeTaxRatio": 0.099234579, "incomeTaxExpense": 1000000000, "netIncome": 2306000000, "netIncomeRatio": 0.0692180699, "eps": 4.71, "epsdiluted": 4.68, "weightedAverageShsOut": 489400000, "weightedAverageShsOutDil": 493000000, "link": "https://www.sec.gov/Archives/edgar/data/899051/000104746913001288/0001047469-13-001288-index.htm", "finalLink": "https://www.sec.gov/Archives/edgar/data/899051/000104746913001288/a2212802z10-k.htm", "calculatedOtherExpenses": 25061000000, "calculatedOperatingExpenses": 29179000000, "calculatedNetInterest": -373000000, "calculatedOtherIncome": 3661000000, "calculatedIncomeNonControlling": 0, "calculatedEbitda": 406000000}, {"date": "2011-12-31", "symbol": "ALL", "reportedCurrency": "USD", "cik": "0000899051", "fillingDate": "2012-02-22", "acceptedDate": "2012-02-22 09:12:00", "calendarYear": "2011", "period": "FY", "revenue": 32654000000, "costOfRevenue": 3468000000, "grossProfit": 29186000000, "grossProfitRatio": 0.8937955534, "researchAndDevelopmentExpenses": 0, "generalAndAdministrativeExpenses": 0, "sellingAndMarketingExpenses": 0, "sellingGeneralAndAdministrativeExpenses": 3468000000, "otherExpenses": 28226000000, "operatingExpenses": 31694000000, "costAndExpenses": 31694000000, "interestIncome": 0, "interestExpense": 367000000, "depreciationAndAmortization": 252000000, "ebitda": 1579000000, "ebitdaratio": 0.0483554848, "operatingIncome": -15000000, "operatingIncomeRatio": -0.0004593618, "totalOtherIncomeExpensesNet": 975000000, "incomeBeforeTax": 960000000, "incomeBeforeTaxRatio": 0.0293991548, "incomeTaxExpense": 172000000, "netIncome": 788000000, "netIncomeRatio": 0.0241318062, "eps": 1.51, "epsdiluted": 1.5, "weightedAverageShsOut": 520700000, "weightedAverageShsOutDil": 523100000, "link": "https://www.sec.gov/Archives/edgar/data/899051/000104746912001250/0001047469-12-001250-index.htm", "finalLink": "https://www.sec.gov/Archives/edgar/data/899051/000104746912001250/a2207294z10-k.htm", "calculatedOtherExpenses": 25733000000, "calculatedOperatingExpenses": 29201000000, "calculatedNetInterest": -367000000, "calculatedOtherIncome": 1342000000, "calculatedIncomeNonControlling": 0, "calculatedEbitda": 237000000}, {"date": "2010-12-31", "symbol": "ALL", "reportedCurrency": "USD", "cik": "0000899051", "fillingDate": "2011-02-24", "acceptedDate": "2011-02-24 16:50:58", "calendarYear": "2010", "period": "FY", "revenue": 31400000000, "costOfRevenue": 3281000000, "grossProfit": 28119000000, "grossProfitRatio": 0.8955095541, "researchAndDevelopmentExpenses": 0, "generalAndAdministrativeExpenses": 0, "sellingAndMarketingExpenses": 0, "sellingGeneralAndAdministrativeExpenses": 0, "otherExpenses": 30274000000, "operatingExpenses": 30274000000, "costAndExpenses": 30274000000, "interestIncome": 0, "interestExpense": 367000000, "depreciationAndAmortization": 94000000, "ebitda": 1587000000, "ebitdaratio": 0.0505414013, "operatingIncome": 11000000, "operatingIncomeRatio": 0.0003503185, "totalOtherIncomeExpensesNet": 2168000000, "incomeBeforeTax": 1126000000, "incomeBeforeTaxRatio": 0.0358598726, "incomeTaxExpense": 198000000, "netIncome": 928000000, "netIncomeRatio": 0.0295541401, "eps": 1.69, "epsdiluted": 1.68, "weightedAverageShsOut": 540300000, "weightedAverageShsOutDil": 542500000, "link": "https://www.sec.gov/Archives/edgar/data/899051/000104746911001286/0001047469-11-001286-index.htm", "finalLink": "https://www.sec.gov/Archives/edgar/data/899051/000104746911001286/a2202090z10-k.htm", "calculatedOtherExpenses": 28108000000, "calculatedOperatingExpenses": 28108000000, "calculatedNetInterest": -367000000, "calculatedOtherIncome": 1482000000, "calculatedIncomeNonControlling": 0, "calculatedEbitda": 105000000}, {"date": "2009-12-31", "symbol": "ALL", "reportedCurrency": "USD", "cik": "0000899051", "fillingDate": "2010-02-25", "acceptedDate": "2010-02-25 16:32:16", "calendarYear": "2009", "period": "FY", "revenue": 32013000000, "costOfRevenue": 3007000000, "grossProfit": 29006000000, "grossProfitRatio": 0.9060694093, "researchAndDevelopmentExpenses": 0, "generalAndAdministrativeExpenses": 0, "sellingAndMarketingExpenses": 0, "sellingGeneralAndAdministrativeExpenses": 0, "otherExpenses": 30765000000, "operatingExpenses": 30765000000, "costAndExpenses": 30765000000, "interestIncome": 0, "interestExpense": 392000000, "depreciationAndAmortization": -91000000, "ebitda": 1549000000, "ebitdaratio": 0.0483865929, "operatingIncome": 7000000, "operatingIncomeRatio": 0.0002186612, "totalOtherIncomeExpensesNet": 1241000000, "incomeBeforeTax": 1248000000, "incomeBeforeTaxRatio": 0.0389841627, "incomeTaxExpense": 394000000, "netIncome": 854000000, "netIncomeRatio": 0.0266766626, "eps": 1.58, "epsdiluted": 1.58, "weightedAverageShsOut": 539600000, "weightedAverageShsOutDil": 540900000, "link": "https://www.sec.gov/Archives/edgar/data/899051/000104746910001355/0001047469-10-001355-index.htm", "finalLink": "https://www.sec.gov/Archives/edgar/data/899051/000104746910001355/a2196655z10-k.htm", "calculatedOtherExpenses": 28999000000, "calculatedOperatingExpenses": 28999000000, "calculatedNetInterest": -392000000, "calculatedOtherIncome": 1633000000, "calculatedIncomeNonControlling": 0, "calculatedEbitda": -84000000}, {"date": "2008-12-31", "symbol": "ALL", "reportedCurrency": "USD", "cik": "0000899051", "fillingDate": "2009-02-26", "acceptedDate": "2009-02-26 15:31:45", "calendarYear": "2008", "period": "FY", "revenue": 29394000000, "costOfRevenue": 3273000000, "grossProfit": 26121000000, "grossProfitRatio": 0.8886507451, "researchAndDevelopmentExpenses": 0, "generalAndAdministrativeExpenses": 0, "sellingAndMarketingExpenses": 0, "sellingGeneralAndAdministrativeExpenses": 0, "otherExpenses": 32419000000, "operatingExpenses": 32419000000, "costAndExpenses": 32419000000, "interestIncome": 0, "interestExpense": 351000000, "depreciationAndAmortization": -376000000, "ebitda": -3050000000, "ebitdaratio": -0.1037626727, "operatingIncome": -6000000, "operatingIncomeRatio": -0.0002041233, "totalOtherIncomeExpensesNet": 23772000000, "incomeBeforeTax": -3025000000, "incomeBeforeTaxRatio": -0.1029121589, "incomeTaxExpense": -1346000000, "netIncome": -1679000000, "netIncomeRatio": -0.0571205008, "eps": -3.07, "epsdiluted": -3.07, "weightedAverageShsOut": 546100000, "weightedAverageShsOutDil": 546100000, "link": "https://www.sec.gov/Archives/edgar/data/899051/000104746909001878/0001047469-09-001878-index.htm", "finalLink": "https://www.sec.gov/Archives/edgar/data/899051/000104746909001878/a2189233z10-k.htm", "calculatedOtherExpenses": 26127000000, "calculatedOperatingExpenses": 26127000000, "calculatedNetInterest": -351000000, "calculatedOtherIncome": -2668000000, "calculatedIncomeNonControlling": 0, "calculatedEbitda": -382000000}, {"date": "2007-12-31", "symbol": "ALL", "reportedCurrency": "USD", "cik": "0000899051", "fillingDate": "2008-02-27", "acceptedDate": "2008-02-27 17:19:32", "calendarYear": "2007", "period": "FY", "revenue": 36769000000, "costOfRevenue": 3103000000, "grossProfit": 33666000000, "grossProfitRatio": 0.915608257, "researchAndDevelopmentExpenses": 0, "generalAndAdministrativeExpenses": 0, "sellingAndMarketingExpenses": 0, "sellingGeneralAndAdministrativeExpenses": 0, "otherExpenses": 30116000000, "operatingExpenses": 30116000000, "costAndExpenses": 30116000000, "interestIncome": 0, "interestExpense": 333000000, "depreciationAndAmortization": -257000000, "ebitda": 6729000000, "ebitdaratio": 0.1830074247, "operatingIncome": -10000000, "operatingIncomeRatio": -0.0002719682, "totalOtherIncomeExpensesNet": 6663000000, "incomeBeforeTax": 6653000000, "incomeBeforeTaxRatio": 0.1809404662, "incomeTaxExpense": 2017000000, "netIncome": 4636000000, "netIncomeRatio": 0.1260844733, "eps": 7.83, "epsdiluted": 7.77, "weightedAverageShsOut": 592400000, "weightedAverageShsOutDil": 596700000, "link": "https://www.sec.gov/Archives/edgar/data/899051/000104746908001846/0001047469-08-001846-index.htm", "finalLink": "https://www.sec.gov/Archives/edgar/data/899051/000104746908001846/a2182971z10-k.htm", "calculatedOtherExpenses": 33676000000, "calculatedOperatingExpenses": 33676000000, "calculatedNetInterest": -333000000, "calculatedOtherIncome": 6996000000, "calculatedIncomeNonControlling": 0, "calculatedEbitda": -267000000}, {"date": "2006-12-31", "symbol": "ALL", "reportedCurrency": "USD", "cik": "0000899051", "fillingDate": "2007-02-22", "acceptedDate": "2007-02-22 17:15:21", "calendarYear": "2006", "period": "FY", "revenue": 35796000000, "costOfRevenue": 3033000000, "grossProfit": 32763000000, "grossProfitRatio": 0.9152698626, "researchAndDevelopmentExpenses": 0, "generalAndAdministrativeExpenses": 0, "sellingAndMarketingExpenses": 0, "sellingGeneralAndAdministrativeExpenses": 0, "otherExpenses": 28618000000, "operatingExpenses": 28618000000, "costAndExpenses": 28618000000, "interestIncome": 0, "interestExpense": 357000000, "depreciationAndAmortization": -188000000, "ebitda": 7347000000, "ebitdaratio": 0.2052463962, "operatingIncome": -93000000, "operatingIncomeRatio": -0.0025980556, "totalOtherIncomeExpensesNet": 7271000000, "incomeBeforeTax": 7178000000, "incomeBeforeTaxRatio": 0.2005251983, "incomeTaxExpense": 2185000000, "netIncome": 4993000000, "netIncomeRatio": 0.1394848586, "eps": 7.89, "epsdiluted": 7.84, "weightedAverageShsOut": 632500000, "weightedAverageShsOutDil": 637200000, "link": "https://www.sec.gov/Archives/edgar/data/899051/000104746907001347/0001047469-07-001347-index.htm", "finalLink": "https://www.sec.gov/Archives/edgar/data/899051/000104746907001347/a2175845z10-k.htm", "calculatedOtherExpenses": 32856000000, "calculatedOperatingExpenses": 32856000000, "calculatedNetInterest": -357000000, "calculatedOtherIncome": 7628000000, "calculatedIncomeNonControlling": 0, "calculatedEbitda": -281000000}, {"date": "2005-12-31", "symbol": "ALL", "reportedCurrency": "USD", "cik": "0000899051", "fillingDate": "2006-02-23", "acceptedDate": "2006-02-23 16:14:00", "calendarYear": "2005", "period": "FY", "revenue": 35383000000, "costOfRevenue": 2997000000, "grossProfit": 32386000000, "grossProfitRatio": 0.9152983071, "researchAndDevelopmentExpenses": 0, "generalAndAdministrativeExpenses": 0, "sellingAndMarketingExpenses": 0, "sellingGeneralAndAdministrativeExpenses": 0, "otherExpenses": 33295000000, "operatingExpenses": 33295000000, "costAndExpenses": 33295000000, "interestIncome": 0, "interestExpense": 330000000, "depreciationAndAmortization": -67000000, "ebitda": 2351000000, "ebitdaratio": 0.0664443377, "operatingIncome": -13000000, "operatingIncomeRatio": -0.0003674081, "totalOtherIncomeExpensesNet": 2101000000, "incomeBeforeTax": 2088000000, "incomeBeforeTaxRatio": 0.0590113897, "incomeTaxExpense": 323000000, "netIncome": 1765000000, "netIncomeRatio": 0.049882712, "eps": 2.67, "epsdiluted": 2.64, "weightedAverageShsOut": 661700000, "weightedAverageShsOutDil": 667300000, "link": "https://www.sec.gov/Archives/edgar/data/899051/000104746906002356/0001047469-06-002356-index.htm", "finalLink": "https://www.sec.gov/Archives/edgar/data/899051/000104746906002356/a2167600z10-k.htm", "calculatedOtherExpenses": 32399000000, "calculatedOperatingExpenses": 32399000000, "calculatedNetInterest": -330000000, "calculatedOtherIncome": 2431000000, "calculatedIncomeNonControlling": 0, "calculatedEbitda": -80000000}, {"date": "2004-12-31", "symbol": "ALL", "reportedCurrency": "USD", "cik": "0000899051", "fillingDate": "2005-02-24", "acceptedDate": "2005-02-24 16:56:54", "calendarYear": "2004", "period": "FY", "revenue": 33936000000, "costOfRevenue": 3040000000, "grossProfit": 30896000000, "grossProfitRatio": 0.9104196134, "researchAndDevelopmentExpenses": 0, "generalAndAdministrativeExpenses": 0, "sellingAndMarketingExpenses": 0, "sellingGeneralAndAdministrativeExpenses": 0, "otherExpenses": 29350000000, "operatingExpenses": 29350000000, "costAndExpenses": 29350000000, "interestIncome": 0, "interestExpense": 308000000, "depreciationAndAmortization": -4000000, "ebitda": 4715000000, "ebitdaratio": 0.1389380009, "operatingIncome": -24000000, "operatingIncomeRatio": -0.0007072136, "totalOtherIncomeExpensesNet": 4610000000, "incomeBeforeTax": 4586000000, "incomeBeforeTaxRatio": 0.135136728, "incomeTaxExpense": 1230000000, "netIncome": 3181000000, "netIncomeRatio": 0.0937352664, "eps": 4.57, "epsdiluted": 4.54, "weightedAverageShsOut": 695600000, "weightedAverageShsOutDil": 700300000, "link": "https://www.sec.gov/Archives/edgar/data/899051/000104746905004614/0001047469-05-004614-index.htm", "finalLink": "https://www.sec.gov/Archives/edgar/data/899051/000104746905004614/a2151333z10-k.htm", "calculatedOtherExpenses": 30920000000, "calculatedOperatingExpenses": 30920000000, "calculatedNetInterest": -308000000, "calculatedOtherIncome": 4918000000, "calculatedIncomeNonControlling": 175000000, "calculatedEbitda": -28000000}, {"date": "2003-12-31", "symbol": "ALL", "reportedCurrency": "USD", "cik": "0000899051", "fillingDate": "2004-03-11", "acceptedDate": "2004-03-10 18:10:26", "calendarYear": "2003", "period": "FY", "revenue": 32149000000, "costOfRevenue": 3001000000, "grossProfit": 29148000000, "grossProfitRatio": 0.9066533951, "researchAndDevelopmentExpenses": 0, "generalAndAdministrativeExpenses": 0, "sellingAndMarketingExpenses": 0, "sellingGeneralAndAdministrativeExpenses": 0, "otherExpenses": 28578000000, "operatingExpenses": 28578000000, "costAndExpenses": 28578000000, "interestIncome": 0, "interestExpense": 275000000, "depreciationAndAmortization": -3000000, "ebitda": 3823000000, "ebitdaratio": 0.1189150518, "operatingIncome": -41000000, "operatingIncomeRatio": -0.0012753118, "totalOtherIncomeExpensesNet": 3612000000, "incomeBeforeTax": 3571000000, "incomeBeforeTaxRatio": 0.1110765498, "incomeTaxExpense": 846000000, "netIncome": 2705000000, "netIncomeRatio": 0.0841394756, "eps": 3.85, "epsdiluted": 3.83, "weightedAverageShsOut": 703500000, "weightedAverageShsOutDil": 706200000, "link": "https://www.sec.gov/Archives/edgar/data/899051/000104746904007369/0001047469-04-007369-index.htm", "finalLink": "https://www.sec.gov/Archives/edgar/data/899051/000104746904007369/a2129645z10-k.htm", "calculatedOtherExpenses": 29189000000, "calculatedOperatingExpenses": 29189000000, "calculatedNetInterest": -275000000, "calculatedOtherIncome": 3887000000, "calculatedIncomeNonControlling": 20000000, "calculatedEbitda": -44000000}, {"date": "2002-12-31", "symbol": "ALL", "reportedCurrency": "USD", "cik": "0000899051", "fillingDate": "2003-03-28", "acceptedDate": "2003-03-28 14:27:46", "calendarYear": "2002", "period": "FY", "revenue": 29579000000, "costOfRevenue": 13000000, "grossProfit": 29566000000, "grossProfitRatio": 0.999560499, "researchAndDevelopmentExpenses": 0, "generalAndAdministrativeExpenses": 0, "sellingAndMarketingExpenses": 0, "sellingGeneralAndAdministrativeExpenses": 0, "otherExpenses": 28039000000, "operatingExpenses": 28039000000, "costAndExpenses": 28039000000, "interestIncome": 0, "interestExpense": 278000000, "depreciationAndAmortization": -62000000, "ebitda": 1415000000, "ebitdaratio": 0.0478379932, "operatingIncome": 1477000000, "operatingIncomeRatio": 0.0499340749, "totalOtherIncomeExpensesNet": 63000000, "incomeBeforeTax": 1540000000, "incomeBeforeTaxRatio": 0.0520639643, "incomeTaxExpense": 65000000, "netIncome": 1134000000, "netIncomeRatio": 0.0383380101, "eps": 1.6, "epsdiluted": 1.6, "weightedAverageShsOut": 707100000, "weightedAverageShsOutDil": 709900000, "link": "https://www.sec.gov/Archives/edgar/data/899051/000104746903010828/0001047469-03-010828-index.htm", "finalLink": "https://www.sec.gov/Archives/edgar/data/899051/000104746903010828/a2104961z10-k.htm", "calculatedOtherExpenses": 28089000000, "calculatedOperatingExpenses": 28089000000, "calculatedNetInterest": -278000000, "calculatedOtherIncome": 341000000, "calculatedIncomeNonControlling": 341000000, "calculatedEbitda": 1415000000}, {"date": "2001-12-31", "symbol": "ALL", "reportedCurrency": "USD", "cik": "0000899051", "fillingDate": "2002-03-26", "acceptedDate": "2002-03-26 00:00:00", "calendarYear": "2001", "period": "FY", "revenue": 28865000000, "costOfRevenue": 11000000, "grossProfit": 28854000000, "grossProfitRatio": 0.9996189156, "researchAndDevelopmentExpenses": 0, "generalAndAdministrativeExpenses": 0, "sellingAndMarketingExpenses": 0, "sellingGeneralAndAdministrativeExpenses": 0, "otherExpenses": 27580000000, "operatingExpenses": 27580000000, "costAndExpenses": 27580000000, "interestIncome": 0, "interestExpense": 248000000, "depreciationAndAmortization": -106000000, "ebitda": 1373000000, "ebitdaratio": 0.0475662567, "operatingIncome": 1479000000, "operatingIncomeRatio": 0.0512385242, "totalOtherIncomeExpensesNet": -194000000, "incomeBeforeTax": 1285000000, "incomeBeforeTaxRatio": 0.0445175818, "incomeTaxExpense": 73000000, "netIncome": 1158000000, "netIncomeRatio": 0.0401177897, "eps": 1.61, "epsdiluted": 1.6, "weightedAverageShsOut": 720200000, "weightedAverageShsOutDil": 723300000, "link": "https://www.sec.gov/Archives/edgar/data/899051/000091205702011595/0000912057-02-011595-index.htm", "finalLink": "https://www.sec.gov/Archives/edgar/data/899051/000091205702011595/a2073498z10-k.htm", "calculatedOtherExpenses": 27375000000, "calculatedOperatingExpenses": 27375000000, "calculatedNetInterest": -248000000, "calculatedOtherIncome": 54000000, "calculatedIncomeNonControlling": 54000000, "calculatedEbitda": 1373000000}, {"date": "2000-12-31", "symbol": "ALL", "reportedCurrency": "USD", "cik": "0000899051", "fillingDate": "2001-03-26", "acceptedDate": "2001-03-26 00:00:00", "calendarYear": "2000", "period": "FY", "revenue": 29134000000, "costOfRevenue": 6000000, "grossProfit": 29128000000, "grossProfitRatio": 0.9997940551, "researchAndDevelopmentExpenses": 0, "generalAndAdministrativeExpenses": 0, "sellingAndMarketingExpenses": 0, "sellingGeneralAndAdministrativeExpenses": 0, "otherExpenses": 26087000000, "operatingExpenses": 26087000000, "costAndExpenses": 26087000000, "interestIncome": 0, "interestExpense": 229000000, "depreciationAndAmortization": -47000000, "ebitda": 3188000000, "ebitdaratio": 0.1094254136, "operatingIncome": 3235000000, "operatingIncomeRatio": 0.111038649, "totalOtherIncomeExpensesNet": -188000000, "incomeBeforeTax": 3047000000, "incomeBeforeTaxRatio": 0.1045857074, "incomeTaxExpense": 795000000, "netIncome": 2211000000, "netIncomeRatio": 0.0758907119, "eps": 2.97, "epsdiluted": 2.95, "weightedAverageShsOut": 744000000, "weightedAverageShsOutDil": 748700000, "link": "https://www.sec.gov/Archives/edgar/data/899051/000091205701008238/0000912057-01-008238-index.htm", "finalLink": "https://www.sec.gov/Archives/edgar/data/899051/000091205701008238/a2042391z10-k405.htm", "calculatedOtherExpenses": 25893000000, "calculatedOperatingExpenses": 25893000000, "calculatedNetInterest": -229000000, "calculatedOtherIncome": 41000000, "calculatedIncomeNonControlling": 41000000, "calculatedEbitda": 3188000000}, {"date": "1999-12-31", "symbol": "ALL", "reportedCurrency": "USD", "cik": "0000899051", "fillingDate": "2000-03-28", "acceptedDate": "2000-03-28 00:00:00", "calendarYear": "1999", "period": "FY", "revenue": 26959000000, "costOfRevenue": 0, "grossProfit": 26959000000, "grossProfitRatio": 1, "researchAndDevelopmentExpenses": 0, "generalAndAdministrativeExpenses": 0, "sellingAndMarketingExpenses": 0, "sellingGeneralAndAdministrativeExpenses": 0, "otherExpenses": 23052000000, "operatingExpenses": 23052000000, "costAndExpenses": 23052000000, "interestIncome": 0, "interestExpense": 357000000, "depreciationAndAmortization": -17000000, "ebitda": 4208000000, "ebitdaratio": 0.1560888757, "operatingIncome": 4225000000, "operatingIncomeRatio": 0.1567194629, "totalOtherIncomeExpensesNet": -318000000, "incomeBeforeTax": 3907000000, "incomeBeforeTaxRatio": 0.1449237731, "incomeTaxExpense": 1148000000, "netIncome": 2720000000, "netIncomeRatio": 0.1008939501, "eps": 3.4, "epsdiluted": 3.38, "weightedAverageShsOut": 800200000, "weightedAverageShsOutDil": 803800000, "link": "https://www.sec.gov/Archives/edgar/data/899051/000091205700013918/0000912057-00-013918-index.htm", "finalLink": "https://www.sec.gov/Archives/edgar/data/899051/000091205700013918/", "calculatedOtherExpenses": 22734000000, "calculatedOperatingExpenses": 22734000000, "calculatedNetInterest": -357000000, "calculatedOtherIncome": 39000000, "calculatedIncomeNonControlling": 39000000, "calculatedEbitda": 4208000000}, {"date": "1998-12-31", "symbol": "ALL", "reportedCurrency": "USD", "cik": "0000899051", "fillingDate": "1999-03-26", "acceptedDate": "1999-03-26 00:00:00", "calendarYear": "1998", "period": "FY", "revenue": 25879000000, "costOfRevenue": 0, "grossProfit": 25879000000, "grossProfitRatio": 1, "researchAndDevelopmentExpenses": 0, "generalAndAdministrativeExpenses": 0, "sellingAndMarketingExpenses": 0, "sellingGeneralAndAdministrativeExpenses": 0, "otherExpenses": 21134000000, "operatingExpenses": 21134000000, "costAndExpenses": 21134000000, "interestIncome": 0, "interestExpense": 118000000, "depreciationAndAmortization": -22000000, "ebitda": 4812000000, "ebitdaratio": 0.1859422698, "operatingIncome": 4834000000, "operatingIncomeRatio": 0.1867923799, "totalOtherIncomeExpensesNet": -89000000, "incomeBeforeTax": 4745000000, "incomeBeforeTaxRatio": 0.183353298, "incomeTaxExpense": 1422000000, "netIncome": 3294000000, "netIncomeRatio": 0.127284671, "eps": 3.96, "epsdiluted": 3.94, "weightedAverageShsOut": 832200000, "weightedAverageShsOutDil": 836600000, "link": "https://www.sec.gov/Archives/edgar/data/899051/000089905199000005/0000899051-99-000005-index.htm", "finalLink": "https://www.sec.gov/Archives/edgar/data/899051/000089905199000005/", "calculatedOtherExpenses": 21045000000, "calculatedOperatingExpenses": 21045000000, "calculatedNetInterest": -118000000, "calculatedOtherIncome": 29000000, "calculatedIncomeNonControlling": 29000000, "calculatedEbitda": 4812000000}, {"date": "1997-12-31", "symbol": "ALL", "reportedCurrency": "USD", "cik": "0000899051", "fillingDate": "1998-03-27", "acceptedDate": "1998-03-27 00:00:00", "calendarYear": "1997", "period": "FY", "revenue": 24949000000, "costOfRevenue": 0, "grossProfit": 24949000000, "grossProfitRatio": 1, "researchAndDevelopmentExpenses": 0, "generalAndAdministrativeExpenses": 0, "sellingAndMarketingExpenses": 0, "sellingGeneralAndAdministrativeExpenses": 0, "otherExpenses": 20515000000, "operatingExpenses": 20515000000, "costAndExpenses": 20515000000, "interestIncome": 0, "interestExpense": 100000000, "depreciationAndAmortization": -22000000, "ebitda": 4507000000, "ebitdaratio": 0.180648523, "operatingIncome": 4529000000, "operatingIncomeRatio": 0.1815303219, "totalOtherIncomeExpensesNet": -95000000, "incomeBeforeTax": 4434000000, "incomeBeforeTaxRatio": 0.177722554, "incomeTaxExpense": 1324000000, "netIncome": 3105000000, "netIncomeRatio": 0.1244538859, "eps": 3.58, "epsdiluted": 3.56, "weightedAverageShsOut": 868000000, "weightedAverageShsOutDil": 873000000, "link": "https://www.sec.gov/Archives/edgar/data/899051/000089905198000014/0000899051-98-000014-index.htm", "finalLink": "https://www.sec.gov/Archives/edgar/data/899051/000089905198000014/", "calculatedOtherExpenses": 20420000000, "calculatedOperatingExpenses": 20420000000, "calculatedNetInterest": -100000000, "calculatedOtherIncome": 5000000, "calculatedIncomeNonControlling": 5000000, "calculatedEbitda": 4507000000}, {"date": "1996-12-31", "symbol": "ALL", "reportedCurrency": "USD", "cik": "0000899051", "fillingDate": "1997-03-27", "acceptedDate": "1997-03-27 00:00:00", "calendarYear": "1996", "period": "FY", "revenue": 24299000000, "costOfRevenue": 0, "grossProfit": 24299000000, "grossProfitRatio": 1, "researchAndDevelopmentExpenses": 0, "generalAndAdministrativeExpenses": 0, "sellingAndMarketingExpenses": 0, "sellingGeneralAndAdministrativeExpenses": 0, "otherExpenses": 21630000000, "operatingExpenses": 21630000000, "costAndExpenses": 21630000000, "interestIncome": 0, "interestExpense": 76000000, "depreciationAndAmortization": -19000000, "ebitda": 2751000000, "ebitdaratio": 0.1132145356, "operatingIncome": 2770000000, "operatingIncomeRatio": 0.1139964608, "totalOtherIncomeExpensesNet": -101000000, "incomeBeforeTax": 2669000000, "incomeBeforeTaxRatio": 0.1098399111, "incomeTaxExpense": 619000000, "netIncome": 2075000000, "netIncomeRatio": 0.0853944607, "eps": 2.33, "epsdiluted": 2.32, "weightedAverageShsOut": 896400000, "weightedAverageShsOutDil": 897400000, "link": "https://www.sec.gov/Archives/edgar/data/899051/000089905197000017/0000899051-97-000017-index.htm", "finalLink": "https://www.sec.gov/Archives/edgar/data/899051/000089905197000017/", "calculatedOtherExpenses": 21529000000, "calculatedOperatingExpenses": 21529000000, "calculatedNetInterest": -76000000, "calculatedOtherIncome": -25000000, "calculatedIncomeNonControlling": -25000000, "calculatedEbitda": 2751000000}, {"date": "1995-12-31", "symbol": "ALL", "reportedCurrency": "USD", "cik": "0000899051", "fillingDate": "1996-08-27", "acceptedDate": "1996-08-27 00:00:00", "calendarYear": "1995", "period": "FY", "revenue": 23008000000, "costOfRevenue": 0, "grossProfit": 23008000000, "grossProfitRatio": 1, "researchAndDevelopmentExpenses": 0, "generalAndAdministrativeExpenses": 0, "sellingAndMarketingExpenses": 0, "sellingGeneralAndAdministrativeExpenses": 0, "otherExpenses": 2215000000, "operatingExpenses": 2215000000, "costAndExpenses": 2215000000, "interestIncome": 0, "interestExpense": 72000000, "depreciationAndAmortization": -3000000, "ebitda": 2546000000, "ebitdaratio": 0.1106571627, "operatingIncome": 2549000000, "operatingIncomeRatio": 0.1107875522, "totalOtherIncomeExpensesNet": 4100000000, "incomeBeforeTax": 6649000000, "incomeBeforeTaxRatio": 0.2889864395, "incomeTaxExpense": 573000000, "netIncome": 1904000000, "netIncomeRatio": 0.0827538248, "eps": 2.13, "epsdiluted": 2.12, "weightedAverageShsOut": 898990000, "weightedAverageShsOutDil": 898990000, "link": "https://www.sec.gov/Archives/edgar/data/899051/000095013796001555/0000950137-96-001555-index.htm", "finalLink": "https://www.sec.gov/Archives/edgar/data/899051/000095013796001555/", "calculatedOtherExpenses": 20459000000, "calculatedOperatingExpenses": 20459000000, "calculatedNetInterest": -72000000, "calculatedOtherIncome": 4172000000, "calculatedIncomeNonControlling": 4172000000, "calculatedEbitda": 2546000000}, {"date": "1994-12-31", "symbol": "ALL", "reportedCurrency": "USD", "cik": "0000899051", "fillingDate": "1994-12-31", "acceptedDate": "1994-12-30 19:00:00", "calendarYear": "1994", "period": "FY", "revenue": 21464000000, "costOfRevenue": 0, "grossProfit": 21464000000, "grossProfitRatio": 1, "researchAndDevelopmentExpenses": 0, "generalAndAdministrativeExpenses": 0, "sellingAndMarketingExpenses": 0, "sellingGeneralAndAdministrativeExpenses": 0, "otherExpenses": 3257000000, "operatingExpenses": 3257000000, "costAndExpenses": 3257000000, "interestIncome": 0, "interestExpense": 59000000, "depreciationAndAmortization": 52000000, "ebitda": 339000000, "ebitdaratio": 0.0157938874, "operatingIncome": 287000000, "operatingIncomeRatio": 0.0133712262, "totalOtherIncomeExpensesNet": 3603000000, "incomeBeforeTax": 3890000000, "incomeBeforeTaxRatio": 0.1812336936, "incomeTaxExpense": -256000000, "netIncome": 484000000, "netIncomeRatio": 0.022549385, "eps": 0.54, "epsdiluted": 0.54, "weightedAverageShsOut": 899649000, "weightedAverageShsOutDil": 899649000, "link": "", "finalLink": "", "calculatedOtherExpenses": 21177000000, "calculatedOperatingExpenses": 21177000000, "calculatedNetInterest": -59000000, "calculatedOtherIncome": 3662000000, "calculatedIncomeNonControlling": 3662000000, "calculatedEbitda": 339000000}, {"date": "1993-12-31", "symbol": "ALL", "reportedCurrency": "USD", "cik": "0000899051", "fillingDate": "1993-12-31", "acceptedDate": "1993-12-30 19:00:00", "calendarYear": "1993", "period": "FY", "revenue": 20946000000, "costOfRevenue": 0, "grossProfit": 20946000000, "grossProfitRatio": 1, "researchAndDevelopmentExpenses": 0, "generalAndAdministrativeExpenses": 0, "sellingAndMarketingExpenses": 0, "sellingGeneralAndAdministrativeExpenses": 0, "otherExpenses": 3361000000, "operatingExpenses": 3361000000, "costAndExpenses": 3361000000, "interestIncome": 0, "interestExpense": 82000000, "depreciationAndAmortization": 26000000, "ebitda": 1485000000, "ebitdaratio": 0.0708965912, "operatingIncome": 1459000000, "operatingIncomeRatio": 0.0696553041, "totalOtherIncomeExpensesNet": 3544000000, "incomeBeforeTax": 5003000000, "incomeBeforeTaxRatio": 0.2388522868, "incomeTaxExpense": 75000000, "netIncome": 1302000000, "netIncomeRatio": 0.0621598396, "eps": 1.5, "epsdiluted": 1.5, "weightedAverageShsOut": 900000000, "weightedAverageShsOutDil": 900000000, "link": "", "finalLink": "", "calculatedOtherExpenses": 19487000000, "calculatedOperatingExpenses": 19487000000, "calculatedNetInterest": -82000000, "calculatedOtherIncome": 3626000000, "calculatedIncomeNonControlling": 3626000000, "calculatedEbitda": 1485000000}, {"date": "1992-12-31", "symbol": "ALL", "reportedCurrency": "USD", "cik": "0000899051", "fillingDate": "1992-12-31", "acceptedDate": "1992-12-30 19:00:00", "calendarYear": "1992", "period": "FY", "revenue": 20228000000, "costOfRevenue": 0, "grossProfit": 20228000000, "grossProfitRatio": 1, "researchAndDevelopmentExpenses": 0, "generalAndAdministrativeExpenses": 0, "sellingAndMarketingExpenses": 0, "sellingGeneralAndAdministrativeExpenses": 0, "otherExpenses": 3154000000, "operatingExpenses": 3154000000, "costAndExpenses": 3154000000, "interestIncome": 0, "interestExpense": 0, "depreciationAndAmortization": 112000000, "ebitda": -1640000000, "ebitdaratio": -0.0810757366, "operatingIncome": -1752000000, "operatingIncomeRatio": -0.0866126162, "totalOtherIncomeExpensesNet": 3362000000, "incomeBeforeTax": 1610000000, "incomeBeforeTaxRatio": 0.0795926439, "incomeTaxExpense": -926000000, "netIncome": -826000000, "netIncomeRatio": -0.0408344868, "eps": -1.15, "epsdiluted": -1.15, "weightedAverageShsOut": 721000000, "weightedAverageShsOutDil": 721000000, "link": "", "finalLink": "", "calculatedOtherExpenses": 21980000000, "calculatedOperatingExpenses": 21980000000, "calculatedNetInterest": 0, "calculatedOtherIncome": 3362000000, "calculatedIncomeNonControlling": 3362000000, "calculatedEbitda": -1640000000}]}