{"originalCurrency": "USD", "convertedCurrency": "USD", "report": [{"date": "2023-12-31", "symbol": "ALLY", "reportedCurrency": "USD", "cik": "0000040729", "fillingDate": "2024-02-20", "acceptedDate": "2024-02-20 16:38:24", "calendarYear": "2023", "period": "FY", "revenue": 9070000000, "costOfRevenue": 0, "grossProfit": 9070000000, "grossProfitRatio": 1, "researchAndDevelopmentExpenses": 0, "generalAndAdministrativeExpenses": 3169000000, "sellingAndMarketingExpenses": 424000000, "sellingGeneralAndAdministrativeExpenses": 3593000000, "otherExpenses": -3113000000, "operatingExpenses": 3113000000, "costAndExpenses": 14831000000, "interestIncome": 13958000000, "interestExpense": 6897000000, "depreciationAndAmortization": 1247000000, "ebitda": 2328000000, "ebitdaratio": 0.2566703418, "operatingIncome": 1081000000, "operatingIncomeRatio": 0.1191841235, "totalOtherIncomeExpensesNet": 2000000, "incomeBeforeTax": 1083000000, "incomeBeforeTaxRatio": 0.1194046307, "incomeTaxExpense": 61000000, "netIncome": 1020000000, "netIncomeRatio": 0.1124586549, "eps": 3, "epsdiluted": 2.98, "weightedAverageShsOut": 303751000, "weightedAverageShsOutDil": 305135000, "link": "https://www.sec.gov/Archives/edgar/data/40729/000004072924000004/0000040729-24-000004-index.htm", "finalLink": "https://www.sec.gov/Archives/edgar/data/40729/000004072924000004/ally-20231231.htm", "calculatedOtherExpenses": 4396000000, "calculatedOperatingExpenses": 7989000000, "calculatedNetInterest": 7061000000, "calculatedOtherIncome": -7059000000, "calculatedIncomeNonControlling": 2000000, "calculatedEbitda": 2328000000}, {"date": "2022-12-31", "symbol": "ALLY", "reportedCurrency": "USD", "cik": "0000040729", "fillingDate": "2023-02-24", "acceptedDate": "2023-02-24 16:08:33", "calendarYear": "2022", "period": "FY", "revenue": 7943000000, "costOfRevenue": 0, "grossProfit": 7943000000, "grossProfitRatio": 1, "researchAndDevelopmentExpenses": 0, "generalAndAdministrativeExpenses": 2180000000, "sellingAndMarketingExpenses": 366000000, "sellingGeneralAndAdministrativeExpenses": 3217000000, "otherExpenses": -2502000000, "operatingExpenses": 5509000000, "costAndExpenses": 5509000000, "interestIncome": 10621000000, "interestExpense": 2857000000, "depreciationAndAmortization": 914000000, "ebitda": 2232000000, "ebitdaratio": 0.2810021402, "operatingIncome": 1318000000, "operatingIncomeRatio": 0.1659322674, "totalOtherIncomeExpensesNet": 2342000000, "incomeBeforeTax": 2342000000, "incomeBeforeTaxRatio": 0.294850812, "incomeTaxExpense": 627000000, "netIncome": 1714000000, "netIncomeRatio": 0.2157874858, "eps": 5.06, "epsdiluted": 5.03, "weightedAverageShsOut": 316690000, "weightedAverageShsOutDil": 318629000, "link": "https://www.sec.gov/Archives/edgar/data/40729/000004072923000005/0000040729-23-000005-index.htm", "finalLink": "https://www.sec.gov/Archives/edgar/data/40729/000004072923000005/ally-20221231.htm", "calculatedOtherExpenses": 3408000000, "calculatedOperatingExpenses": 6625000000, "calculatedNetInterest": 7764000000, "calculatedOtherIncome": -6740000000, "calculatedIncomeNonControlling": 1000000, "calculatedEbitda": 2232000000}, {"date": "2021-12-31", "symbol": "ALLY", "reportedCurrency": "USD", "cik": "0000040729", "fillingDate": "2022-02-25", "acceptedDate": "2022-02-25 16:04:07", "calendarYear": "2021", "period": "FY", "revenue": 8671000000, "costOfRevenue": 0, "grossProfit": 8671000000, "grossProfitRatio": 1, "researchAndDevelopmentExpenses": 0, "generalAndAdministrativeExpenses": 1904000000, "sellingAndMarketingExpenses": 241000000, "sellingGeneralAndAdministrativeExpenses": 2507000000, "otherExpenses": -2090000000, "operatingExpenses": -5062000000, "costAndExpenses": -5062000000, "interestIncome": 8651000000, "interestExpense": 1914000000, "depreciationAndAmortization": 570000000, "ebitda": 3798000000, "ebitdaratio": 0.4380117633, "operatingIncome": 3228000000, "operatingIncomeRatio": 0.3722754008, "totalOtherIncomeExpensesNet": 3855000000, "incomeBeforeTax": 3855000000, "incomeBeforeTaxRatio": 0.4445853996, "incomeTaxExpense": 790000000, "netIncome": 3060000000, "netIncomeRatio": 0.3529004728, "eps": 8.28, "epsdiluted": 8.22, "weightedAverageShsOut": 362583000, "weightedAverageShsOutDil": 365180000, "link": "https://www.sec.gov/Archives/edgar/data/40729/000004072922000007/0000040729-22-000007-index.htm", "finalLink": "https://www.sec.gov/Archives/edgar/data/40729/000004072922000007/ally-20211231.htm", "calculatedOtherExpenses": 2936000000, "calculatedOperatingExpenses": 5443000000, "calculatedNetInterest": 6737000000, "calculatedOtherIncome": -6110000000, "calculatedIncomeNonControlling": 5000000, "calculatedEbitda": 3798000000}, {"date": "2020-12-31", "symbol": "ALLY", "reportedCurrency": "USD", "cik": "0000040729", "fillingDate": "2021-02-24", "acceptedDate": "2021-02-24 17:05:13", "calendarYear": "2020", "period": "FY", "revenue": 6200000000, "costOfRevenue": 0, "grossProfit": 6200000000, "grossProfitRatio": 1, "researchAndDevelopmentExpenses": 0, "generalAndAdministrativeExpenses": 1739000000, "sellingAndMarketingExpenses": 171000000, "sellingGeneralAndAdministrativeExpenses": 2452000000, "otherExpenses": -2113000000, "operatingExpenses": -6225000000, "costAndExpenses": -6225000000, "interestIncome": 8797000000, "interestExpense": 3243000000, "depreciationAndAmortization": 851000000, "ebitda": 1414000000, "ebitdaratio": 0.2280645161, "operatingIncome": 563000000, "operatingIncomeRatio": 0.0908064516, "totalOtherIncomeExpensesNet": 1414000000, "incomeBeforeTax": 1414000000, "incomeBeforeTaxRatio": 0.2280645161, "incomeTaxExpense": 328000000, "netIncome": 1085000000, "netIncomeRatio": 0.175, "eps": 2.89, "epsdiluted": 2.88, "weightedAverageShsOut": 375629000, "weightedAverageShsOutDil": 377101000, "link": "https://www.sec.gov/Archives/edgar/data/40729/000004072921000008/0000040729-21-000008-index.htm", "finalLink": "https://www.sec.gov/Archives/edgar/data/40729/000004072921000008/ally-20201231.htm", "calculatedOtherExpenses": 3185000000, "calculatedOperatingExpenses": 5637000000, "calculatedNetInterest": 5554000000, "calculatedOtherIncome": -4703000000, "calculatedIncomeNonControlling": 1000000, "calculatedEbitda": 1414000000}, {"date": "2019-12-31", "symbol": "ALLY", "reportedCurrency": "USD", "cik": "0000040729", "fillingDate": "2020-02-25", "acceptedDate": "2020-02-25 16:15:17", "calendarYear": "2019", "period": "FY", "revenue": 6379000000, "costOfRevenue": 0, "grossProfit": 6379000000, "grossProfitRatio": 1, "researchAndDevelopmentExpenses": 0, "generalAndAdministrativeExpenses": 1543000000, "sellingAndMarketingExpenses": 180000000, "sellingGeneralAndAdministrativeExpenses": 2440000000, "otherExpenses": -1915000000, "operatingExpenses": -5415000000, "costAndExpenses": -5415000000, "interestIncome": 9857000000, "interestExpense": 4243000000, "depreciationAndAmortization": 981000000, "ebitda": 1967000000, "ebitdaratio": 0.3083555416, "operatingIncome": 986000000, "operatingIncomeRatio": 0.1545696818, "totalOtherIncomeExpensesNet": 1967000000, "incomeBeforeTax": 1967000000, "incomeBeforeTaxRatio": 0.3083555416, "incomeTaxExpense": 246000000, "netIncome": 1715000000, "netIncomeRatio": 0.2688509171, "eps": 4.36, "epsdiluted": 4.34, "weightedAverageShsOut": 393234000, "weightedAverageShsOutDil": 395395000, "link": "https://www.sec.gov/Archives/edgar/data/40729/000004072920000005/0000040729-20-000005-index.htm", "finalLink": "https://www.sec.gov/Archives/edgar/data/40729/000004072920000005/ally2019123110-k.htm", "calculatedOtherExpenses": 2953000000, "calculatedOperatingExpenses": 5393000000, "calculatedNetInterest": 5614000000, "calculatedOtherIncome": -4633000000, "calculatedIncomeNonControlling": 6000000, "calculatedEbitda": 1967000000}, {"date": "2018-12-31", "symbol": "ALLY", "reportedCurrency": "USD", "cik": "0000040729", "fillingDate": "2019-02-20", "acceptedDate": "2019-02-20 09:24:54", "calendarYear": "2018", "period": "FY", "revenue": 5912000000, "costOfRevenue": 0, "grossProfit": 5912000000, "grossProfitRatio": 1, "researchAndDevelopmentExpenses": 0, "generalAndAdministrativeExpenses": 1450000000, "sellingAndMarketingExpenses": 172000000, "sellingGeneralAndAdministrativeExpenses": 2402000000, "otherExpenses": -1837000000, "operatingExpenses": -1524000000, "costAndExpenses": -1524000000, "interestIncome": 9052000000, "interestExpense": 3637000000, "depreciationAndAmortization": 1025000000, "ebitda": 1622000000, "ebitdaratio": 0.2743572395, "operatingIncome": 597000000, "operatingIncomeRatio": 0.1009810555, "totalOtherIncomeExpensesNet": 1622000000, "incomeBeforeTax": 1622000000, "incomeBeforeTaxRatio": 0.2743572395, "incomeTaxExpense": 359000000, "netIncome": 1263000000, "netIncomeRatio": 0.2136332882, "eps": 2.97, "epsdiluted": 2.95, "weightedAverageShsOut": 425165000, "weightedAverageShsOutDil": 427680000, "link": "https://www.sec.gov/Archives/edgar/data/40729/000004072919000010/0000040729-19-000010-index.htm", "finalLink": "https://www.sec.gov/Archives/edgar/data/40729/000004072919000010/ally2018123110-k.htm", "calculatedOtherExpenses": 2913000000, "calculatedOperatingExpenses": 5315000000, "calculatedNetInterest": 5415000000, "calculatedOtherIncome": -4390000000, "calculatedIncomeNonControlling": 0, "calculatedEbitda": 1622000000}, {"date": "2017-12-31", "symbol": "ALLY", "reportedCurrency": "USD", "cik": "0000040729", "fillingDate": "2018-02-21", "acceptedDate": "2018-02-21 16:16:29", "calendarYear": "2017", "period": "FY", "revenue": 5861000000, "costOfRevenue": 0, "grossProfit": 5861000000, "grossProfitRatio": 1, "researchAndDevelopmentExpenses": 0, "generalAndAdministrativeExpenses": 1427000000, "sellingAndMarketingExpenses": 133000000, "sellingGeneralAndAdministrativeExpenses": 2521000000, "otherExpenses": -1749000000, "operatingExpenses": -2034000000, "costAndExpenses": -2034000000, "interestIncome": 8322000000, "interestExpense": 2857000000, "depreciationAndAmortization": 1244000000, "ebitda": 1507000000, "ebitdaratio": 0.2571233578, "operatingIncome": 1507000000, "operatingIncomeRatio": 0.2571233578, "totalOtherIncomeExpensesNet": 1507000000, "incomeBeforeTax": 1507000000, "incomeBeforeTaxRatio": 0.2571233578, "incomeTaxExpense": 581000000, "netIncome": 929000000, "netIncomeRatio": 0.1585053745, "eps": 2.04, "epsdiluted": 2.03, "weightedAverageShsOut": 455350000, "weightedAverageShsOutDil": 456157635, "link": "https://www.sec.gov/Archives/edgar/data/40729/000004072918000035/0000040729-18-000035-index.htm", "finalLink": "https://www.sec.gov/Archives/edgar/data/40729/000004072918000035/ally2017123110-k.htm", "calculatedOtherExpenses": 1833000000, "calculatedOperatingExpenses": 4354000000, "calculatedNetInterest": 5465000000, "calculatedOtherIncome": -5465000000, "calculatedIncomeNonControlling": -3000000, "calculatedEbitda": 2751000000}, {"date": "2016-12-31", "symbol": "ALLY", "reportedCurrency": "USD", "cik": "0000040729", "fillingDate": "2017-02-27", "acceptedDate": "2017-02-27 08:36:54", "calendarYear": "2016", "period": "FY", "revenue": 6289000000, "costOfRevenue": 0, "grossProfit": 6289000000, "grossProfitRatio": 1, "researchAndDevelopmentExpenses": 0, "generalAndAdministrativeExpenses": 1334000000, "sellingAndMarketingExpenses": 112000000, "sellingGeneralAndAdministrativeExpenses": 2924000000, "otherExpenses": -1692000000, "operatingExpenses": -2433000000, "costAndExpenses": -2433000000, "interestIncome": 8305000000, "interestExpense": 2629000000, "depreciationAndAmortization": 1769000000, "ebitda": 1551000000, "ebitdaratio": 0.2466210844, "operatingIncome": 1581000000, "operatingIncomeRatio": 0.2513913182, "totalOtherIncomeExpensesNet": 1581000000, "incomeBeforeTax": 1581000000, "incomeBeforeTaxRatio": 0.2513913182, "incomeTaxExpense": 470000000, "netIncome": 1067000000, "netIncomeRatio": 0.1696613134, "eps": 2.25, "epsdiluted": 2.24, "weightedAverageShsOut": 482182000, "weightedAverageShsOutDil": 482589285, "link": "https://www.sec.gov/Archives/edgar/data/40729/000004072917000067/0000040729-17-000067-index.htm", "finalLink": "https://www.sec.gov/Archives/edgar/data/40729/000004072917000067/ally2016123110-k.htm", "calculatedOtherExpenses": 1784000000, "calculatedOperatingExpenses": 4708000000, "calculatedNetInterest": 5676000000, "calculatedOtherIncome": -5676000000, "calculatedIncomeNonControlling": 44000000, "calculatedEbitda": 3350000000}, {"date": "2015-12-31", "symbol": "ALLY", "reportedCurrency": "USD", "cik": "0000040729", "fillingDate": "2016-02-24", "acceptedDate": "2016-02-24 17:07:05", "calendarYear": "2015", "period": "FY", "revenue": 6760000000, "costOfRevenue": 0, "grossProfit": 6760000000, "grossProfitRatio": 1, "researchAndDevelopmentExpenses": 0, "generalAndAdministrativeExpenses": 1256000000, "sellingAndMarketingExpenses": 107000000, "sellingGeneralAndAdministrativeExpenses": 3370000000, "otherExpenses": 0, "operatingExpenses": -2701000000, "costAndExpenses": -2701000000, "interestIncome": 8397000000, "interestExpense": 2429000000, "depreciationAndAmortization": 2249000000, "ebitda": -1178000000, "ebitdaratio": -0.174260355, "operatingIncome": 1750000000, "operatingIncomeRatio": 0.2588757396, "totalOtherIncomeExpensesNet": 1393000000, "incomeBeforeTax": 1393000000, "incomeBeforeTaxRatio": 0.2060650888, "incomeTaxExpense": 496000000, "netIncome": -1674000000, "netIncomeRatio": -0.2476331361, "eps": -3.47, "epsdiluted": -3.47, "weightedAverageShsOut": 482420749, "weightedAverageShsOutDil": 482873000, "link": "https://www.sec.gov/Archives/edgar/data/40729/000004072916000473/0000040729-16-000473-index.htm", "finalLink": "https://www.sec.gov/Archives/edgar/data/40729/000004072916000473/ally2015123110k.htm", "calculatedOtherExpenses": 1640000000, "calculatedOperatingExpenses": 5010000000, "calculatedNetInterest": 5968000000, "calculatedOtherIncome": -6325000000, "calculatedIncomeNonControlling": 2571000000, "calculatedEbitda": 3999000000}, {"date": "2014-12-31", "symbol": "ALLY", "reportedCurrency": "USD", "cik": "0000040729", "fillingDate": "2015-02-27", "acceptedDate": "2015-02-27 16:05:15", "calendarYear": "2014", "period": "FY", "revenue": 6629000000, "costOfRevenue": 0, "grossProfit": 6629000000, "grossProfitRatio": 1, "researchAndDevelopmentExpenses": 0, "generalAndAdministrativeExpenses": 1357000000, "sellingAndMarketingExpenses": 111000000, "sellingGeneralAndAdministrativeExpenses": 3341000000, "otherExpenses": 0, "operatingExpenses": -2129000000, "costAndExpenses": -2129000000, "interestIncome": 8391000000, "interestExpense": 2783000000, "depreciationAndAmortization": 2233000000, "ebitda": 978000000, "ebitdaratio": 0.1475335646, "operatingIncome": 1448000000, "operatingIncomeRatio": 0.218434153, "totalOtherIncomeExpensesNet": 1246000000, "incomeBeforeTax": 1246000000, "incomeBeforeTaxRatio": 0.1879619852, "incomeTaxExpense": 321000000, "netIncome": 657000000, "netIncomeRatio": 0.0991099713, "eps": 1.36, "epsdiluted": 1.36, "weightedAverageShsOut": 481934000, "weightedAverageShsOutDil": 483088235, "link": "https://www.sec.gov/Archives/edgar/data/40729/000004072915000092/0000040729-15-000092-index.htm", "finalLink": "https://www.sec.gov/Archives/edgar/data/40729/000004072915000092/ally2014123110k.htm", "calculatedOtherExpenses": 1840000000, "calculatedOperatingExpenses": 5181000000, "calculatedNetInterest": 5608000000, "calculatedOtherIncome": -5810000000, "calculatedIncomeNonControlling": 268000000, "calculatedEbitda": 3681000000}, {"date": "2013-12-31", "symbol": "ALLY", "reportedCurrency": "USD", "cik": "0000040729", "fillingDate": "2014-03-03", "acceptedDate": "2014-03-03 16:23:08", "calendarYear": "2013", "period": "FY", "revenue": 5816000000, "costOfRevenue": 0, "grossProfit": 5816000000, "grossProfitRatio": 1, "researchAndDevelopmentExpenses": 0, "generalAndAdministrativeExpenses": 1424000000, "sellingAndMarketingExpenses": 136000000, "sellingGeneralAndAdministrativeExpenses": 3197000000, "otherExpenses": 0, "operatingExpenses": -1827000000, "costAndExpenses": -1827000000, "interestIncome": 8093000000, "interestExpense": 3319000000, "depreciationAndAmortization": 1995000000, "ebitda": -575000000, "ebitdaratio": -0.0988651994, "operatingIncome": 521000000, "operatingIncomeRatio": 0.0895804677, "totalOtherIncomeExpensesNet": 357000000, "incomeBeforeTax": 357000000, "incomeBeforeTaxRatio": 0.0613823934, "incomeTaxExpense": 59000000, "netIncome": -634000000, "netIncomeRatio": -0.1090096286, "eps": -1.51, "epsdiluted": -1.51, "weightedAverageShsOut": 419867549, "weightedAverageShsOutDil": 420166188, "link": "https://www.sec.gov/Archives/edgar/data/40729/000004072914000007/0000040729-14-000007-index.htm", "finalLink": "https://www.sec.gov/Archives/edgar/data/40729/000004072914000007/gjm2013123110k.htm", "calculatedOtherExpenses": 2098000000, "calculatedOperatingExpenses": 5295000000, "calculatedNetInterest": 4774000000, "calculatedOtherIncome": -4938000000, "calculatedIncomeNonControlling": 932000000, "calculatedEbitda": 2516000000}, {"date": "2012-12-31", "symbol": "ALLY", "reportedCurrency": "USD", "cik": "0000040729", "fillingDate": "2013-03-01", "acceptedDate": "2013-03-01 16:34:46", "calendarYear": "2012", "period": "FY", "revenue": 5683000000, "costOfRevenue": 0, "grossProfit": 5683000000, "grossProfitRatio": 1, "researchAndDevelopmentExpenses": 0, "generalAndAdministrativeExpenses": 1826000000, "sellingAndMarketingExpenses": 202000000, "sellingGeneralAndAdministrativeExpenses": 2568000000, "otherExpenses": 0, "operatingExpenses": -1351000000, "costAndExpenses": -1351000000, "interestIncome": 7468000000, "interestExpense": 4200000000, "depreciationAndAmortization": 1399000000, "ebitda": 1424000000, "ebitdaratio": 0.250571881, "operatingIncome": 662000000, "operatingIncomeRatio": 0.1164877705, "totalOtherIncomeExpensesNet": 514000000, "incomeBeforeTax": 514000000, "incomeBeforeTaxRatio": 0.0904451874, "incomeTaxExpense": 856000000, "netIncome": 568000000, "netIncomeRatio": 0.099947211, "eps": 1.38, "epsdiluted": 1.38, "weightedAverageShsOut": 412600700, "weightedAverageShsOutDil": 412600889, "link": "https://www.sec.gov/Archives/edgar/data/40729/000004072913000005/0000040729-13-000005-index.htm", "finalLink": "https://www.sec.gov/Archives/edgar/data/40729/000004072913000005/gjm2012123110k.htm", "calculatedOtherExpenses": 2453000000, "calculatedOperatingExpenses": 5021000000, "calculatedNetInterest": 3268000000, "calculatedOtherIncome": -3416000000, "calculatedIncomeNonControlling": -910000000, "calculatedEbitda": 2061000000}, {"date": "2011-12-31", "symbol": "ALLY", "reportedCurrency": "USD", "cik": "0000040729", "fillingDate": "2012-02-28", "acceptedDate": "2012-02-28 17:01:42", "calendarYear": "2011", "period": "FY", "revenue": 7087000000, "costOfRevenue": 0, "grossProfit": 7087000000, "grossProfitRatio": 1, "researchAndDevelopmentExpenses": 0, "generalAndAdministrativeExpenses": 2769000000, "sellingAndMarketingExpenses": 319000000, "sellingGeneralAndAdministrativeExpenses": 3088000000, "otherExpenses": 64000000, "operatingExpenses": 3152000000, "costAndExpenses": 3152000000, "interestIncome": 9736000000, "interestExpense": 6223000000, "depreciationAndAmortization": 2713000000, "ebitda": 8958000000, "ebitdaratio": 1.2640045153, "operatingIncome": 6245000000, "operatingIncomeRatio": 0.8811909129, "totalOtherIncomeExpensesNet": -6178000000, "incomeBeforeTax": 67000000, "incomeBeforeTaxRatio": 0.0094539297, "incomeTaxExpense": 179000000, "netIncome": -157000000, "netIncomeRatio": -0.0221532383, "eps": -0.38, "epsdiluted": -0.38, "weightedAverageShsOut": 412600700, "weightedAverageShsOutDil": 412600700, "link": "https://www.sec.gov/Archives/edgar/data/40729/000004072912000011/0000040729-12-000011-index.htm", "finalLink": "https://www.sec.gov/Archives/edgar/data/40729/000004072912000011/gjm2011123110k.htm", "calculatedOtherExpenses": -2246000000, "calculatedOperatingExpenses": 842000000, "calculatedNetInterest": 3513000000, "calculatedOtherIncome": -9691000000, "calculatedIncomeNonControlling": 45000000, "calculatedEbitda": 8958000000}, {"date": "2010-12-31", "symbol": "ALLY", "reportedCurrency": "USD", "cik": "0000040729", "fillingDate": "2011-02-25", "acceptedDate": "2011-02-25 17:39:55", "calendarYear": "2010", "period": "FY", "revenue": 9999000000, "costOfRevenue": 0, "grossProfit": 9999000000, "grossProfitRatio": 1, "researchAndDevelopmentExpenses": 0, "generalAndAdministrativeExpenses": 3085000000, "sellingAndMarketingExpenses": 360000000, "sellingGeneralAndAdministrativeExpenses": 3445000000, "otherExpenses": 123000000, "operatingExpenses": 3568000000, "costAndExpenses": 3568000000, "interestIncome": 11447000000, "interestExpense": 6836000000, "depreciationAndAmortization": 4972000000, "ebitda": 13036000000, "ebitdaratio": 1.303730373, "operatingIncome": 8064000000, "operatingIncomeRatio": 0.8064806481, "totalOtherIncomeExpensesNet": -6885000000, "incomeBeforeTax": 1179000000, "incomeBeforeTaxRatio": 0.1179117912, "incomeTaxExpense": 153000000, "netIncome": 1075000000, "netIncomeRatio": 0.1075107511, "eps": -3.16, "epsdiluted": -3.16, "weightedAverageShsOut": 248185070, "weightedAverageShsOutDil": 248185070, "link": "https://www.sec.gov/Archives/edgar/data/40729/000119312511047688/0001193125-11-047688-index.htm", "finalLink": "https://www.sec.gov/Archives/edgar/data/40729/000119312511047688/d10k.htm", "calculatedOtherExpenses": -1510000000, "calculatedOperatingExpenses": 1935000000, "calculatedNetInterest": 4611000000, "calculatedOtherIncome": -11496000000, "calculatedIncomeNonControlling": -49000000, "calculatedEbitda": 13036000000}, {"date": "2009-12-31", "symbol": "ALLY", "reportedCurrency": "USD", "cik": "0000040729", "fillingDate": "2010-03-01", "acceptedDate": "2010-02-26 18:18:23", "calendarYear": "2009", "period": "FY", "revenue": 9327000000, "costOfRevenue": 0, "grossProfit": 9327000000, "grossProfitRatio": 1, "researchAndDevelopmentExpenses": 0, "generalAndAdministrativeExpenses": 3401000000, "sellingAndMarketingExpenses": 399000000, "sellingGeneralAndAdministrativeExpenses": 3800000000, "otherExpenses": -665000000, "operatingExpenses": 3135000000, "costAndExpenses": 3135000000, "interestIncome": 13444000000, "interestExpense": 7659000000, "depreciationAndAmortization": 6100000000, "ebitda": 3539000000, "ebitdaratio": 0.3794360459, "operatingIncome": -2561000000, "operatingIncomeRatio": -0.2745791787, "totalOtherIncomeExpensesNet": -5377000000, "incomeBeforeTax": -7938000000, "incomeBeforeTaxRatio": -0.8510775169, "incomeTaxExpense": 78000000, "netIncome": -10298000000, "netIncomeRatio": -1.1041063579, "eps": -62.75, "epsdiluted": -62.75, "weightedAverageShsOut": 164111520, "weightedAverageShsOutDil": 164111520, "link": "https://www.sec.gov/Archives/edgar/data/40729/000119312510043252/0001193125-10-043252-index.htm", "finalLink": "https://www.sec.gov/Archives/edgar/data/40729/000119312510043252/d10k.htm", "calculatedOtherExpenses": 8088000000, "calculatedOperatingExpenses": 11888000000, "calculatedNetInterest": 5785000000, "calculatedOtherIncome": -11162000000, "calculatedIncomeNonControlling": 2282000000, "calculatedEbitda": 3539000000}, {"date": "2008-12-31", "symbol": "ALLY", "reportedCurrency": "USD", "cik": "0000040729", "fillingDate": "2009-02-27", "acceptedDate": "2009-02-26 21:45:25", "calendarYear": "2008", "period": "FY", "revenue": 10947000000, "costOfRevenue": 0, "grossProfit": 10947000000, "grossProfitRatio": 1, "researchAndDevelopmentExpenses": 0, "generalAndAdministrativeExpenses": 5871000000, "sellingAndMarketingExpenses": 520000000, "sellingGeneralAndAdministrativeExpenses": 6391000000, "otherExpenses": 0, "operatingExpenses": 114554000, "costAndExpenses": 114554000, "interestIncome": 19406000000, "interestExpense": 11870000000, "depreciationAndAmortization": 8972000000, "ebitda": 22703000000, "ebitdaratio": 2.0739015255, "operatingIncome": 13731000000, "operatingIncomeRatio": 1.254316251, "totalOtherIncomeExpensesNet": -11870000000, "incomeBeforeTax": 1861000000, "incomeBeforeTaxRatio": 0.1700009135, "incomeTaxExpense": -7000000, "netIncome": 1868000000, "netIncomeRatio": 0.1706403581, "eps": 4.53, "epsdiluted": 4.53, "weightedAverageShsOut": 412600700, "weightedAverageShsOutDil": 412600700, "link": "https://www.sec.gov/Archives/edgar/data/40729/000119312509039567/0001193125-09-039567-index.htm", "finalLink": "https://www.sec.gov/Archives/edgar/data/40729/000119312509039567/d10k.htm", "calculatedOtherExpenses": -9175000000, "calculatedOperatingExpenses": -2784000000, "calculatedNetInterest": 7536000000, "calculatedOtherIncome": -19406000000, "calculatedIncomeNonControlling": 0, "calculatedEbitda": 22703000000}, {"date": "2007-12-31", "symbol": "ALLY", "reportedCurrency": "USD", "cik": "0000040729", "fillingDate": "2008-02-27", "acceptedDate": "2008-02-27 17:03:37", "calendarYear": "2007", "period": "FY", "revenue": 16151000000, "costOfRevenue": 0, "grossProfit": 16151000000, "grossProfitRatio": 1, "researchAndDevelopmentExpenses": 0, "generalAndAdministrativeExpenses": 6078000000, "sellingAndMarketingExpenses": 502000000, "sellingGeneralAndAdministrativeExpenses": 6580000000, "otherExpenses": -9897000000, "operatingExpenses": -3317000000, "costAndExpenses": -3317000000, "interestIncome": 22720000000, "interestExpense": 14776000000, "depreciationAndAmortization": 7197000000, "ebitda": 20031000000, "ebitdaratio": 1.2402328029, "operatingIncome": 12834000000, "operatingIncomeRatio": 0.7946257198, "totalOtherIncomeExpensesNet": -14776000000, "incomeBeforeTax": -1942000000, "incomeBeforeTaxRatio": -0.1202402328, "incomeTaxExpense": 390000000, "netIncome": -2332000000, "netIncomeRatio": -0.1443873444, "eps": -5.65, "epsdiluted": -5.65, "weightedAverageShsOut": 412600700, "weightedAverageShsOutDil": 412600700, "link": "https://www.sec.gov/Archives/edgar/data/40729/000095012408000900/0000950124-08-000900-index.htm", "finalLink": "https://www.sec.gov/Archives/edgar/data/40729/000095012408000900/k23730e10vk.htm", "calculatedOtherExpenses": -3263000000, "calculatedOperatingExpenses": 3317000000, "calculatedNetInterest": 7944000000, "calculatedOtherIncome": -22720000000, "calculatedIncomeNonControlling": 0, "calculatedEbitda": 20031000000}, {"date": "2006-12-31", "symbol": "ALLY", "reportedCurrency": "USD", "cik": "0000040729", "fillingDate": "2007-03-13", "acceptedDate": "2007-03-13 17:25:16", "calendarYear": "2006", "period": "FY", "revenue": 19775000000, "costOfRevenue": 0, "grossProfit": 19775000000, "grossProfitRatio": 1, "researchAndDevelopmentExpenses": 0, "generalAndAdministrativeExpenses": 6119000000, "sellingAndMarketingExpenses": 651000000, "sellingGeneralAndAdministrativeExpenses": 6770000000, "otherExpenses": -8757000000, "operatingExpenses": -1987000000, "costAndExpenses": -1987000000, "interestIncome": 24823000000, "interestExpense": 15560000000, "depreciationAndAmortization": 7302000000, "ebitda": 25090000000, "ebitdaratio": 1.2687737042, "operatingIncome": 17788000000, "operatingIncomeRatio": 0.8995195954, "totalOtherIncomeExpensesNet": -15560000000, "incomeBeforeTax": 2228000000, "incomeBeforeTaxRatio": 0.1126675095, "incomeTaxExpense": 103000000, "netIncome": 2125000000, "netIncomeRatio": 0.1074589128, "eps": 5.15, "epsdiluted": 5.15, "weightedAverageShsOut": 412600700, "weightedAverageShsOutDil": 412600700, "link": "https://www.sec.gov/Archives/edgar/data/40729/000095012407001471/0000950124-07-001471-index.htm", "finalLink": "https://www.sec.gov/Archives/edgar/data/40729/000095012407001471/k12221e10vk.htm", "calculatedOtherExpenses": -4783000000, "calculatedOperatingExpenses": 1987000000, "calculatedNetInterest": 9263000000, "calculatedOtherIncome": -24823000000, "calculatedIncomeNonControlling": 0, "calculatedEbitda": 25090000000}, {"date": "2005-12-31", "symbol": "ALLY", "reportedCurrency": "USD", "cik": "0000040729", "fillingDate": "2006-03-28", "acceptedDate": "2006-03-28 16:24:36", "calendarYear": "2005", "period": "FY", "revenue": 21030000000, "costOfRevenue": 0, "grossProfit": 21030000000, "grossProfitRatio": 1, "researchAndDevelopmentExpenses": 0, "generalAndAdministrativeExpenses": 6691000000, "sellingAndMarketingExpenses": 546000000, "sellingGeneralAndAdministrativeExpenses": 7237000000, "otherExpenses": -11682000000, "operatingExpenses": -4445000000, "costAndExpenses": -4445000000, "interestIncome": 22974000000, "interestExpense": 13106000000, "depreciationAndAmortization": 6746000000, "ebitda": 23331000000, "ebitdaratio": 1.1094151213, "operatingIncome": 16585000000, "operatingIncomeRatio": 0.7886352829, "totalOtherIncomeExpensesNet": -13106000000, "incomeBeforeTax": 3479000000, "incomeBeforeTaxRatio": 0.1654303376, "incomeTaxExpense": 1197000000, "netIncome": 2282000000, "netIncomeRatio": 0.10851165, "eps": 5.53, "epsdiluted": 5.53, "weightedAverageShsOut": 412600700, "weightedAverageShsOutDil": 412600700, "link": "https://www.sec.gov/Archives/edgar/data/40729/000095012406001524/0000950124-06-001524-index.htm", "finalLink": "https://www.sec.gov/Archives/edgar/data/40729/000095012406001524/k01870e10vk.htm", "calculatedOtherExpenses": -2792000000, "calculatedOperatingExpenses": 4445000000, "calculatedNetInterest": 9868000000, "calculatedOtherIncome": -22974000000, "calculatedIncomeNonControlling": 0, "calculatedEbitda": 23331000000}, {"date": "2004-12-31", "symbol": "ALLY", "reportedCurrency": "USD", "cik": "0000040729", "fillingDate": "2005-03-16", "acceptedDate": "2005-03-16 11:25:31", "calendarYear": "2004", "period": "FY", "revenue": 21646000000, "costOfRevenue": 0, "grossProfit": 21646000000, "grossProfitRatio": 1, "researchAndDevelopmentExpenses": 0, "generalAndAdministrativeExpenses": 6468000000, "sellingAndMarketingExpenses": 673000000, "sellingGeneralAndAdministrativeExpenses": 7141000000, "otherExpenses": -14872000000, "operatingExpenses": -7731000000, "costAndExpenses": -7731000000, "interestIncome": 21296000000, "interestExpense": 9659000000, "depreciationAndAmortization": 6817000000, "ebitda": 20732000000, "ebitdaratio": 0.9577751086, "operatingIncome": 13915000000, "operatingIncomeRatio": 0.6428439435, "totalOtherIncomeExpensesNet": -9659000000, "incomeBeforeTax": 4256000000, "incomeBeforeTaxRatio": 0.1966183129, "incomeTaxExpense": 1362000000, "netIncome": 2894000000, "netIncomeRatio": 0.1336967569, "eps": 7.01, "epsdiluted": 7.01, "weightedAverageShsOut": 412600700, "weightedAverageShsOutDil": 412600700, "link": "https://www.sec.gov/Archives/edgar/data/40729/000095012405001563/0000950124-05-001563-index.htm", "finalLink": "https://www.sec.gov/Archives/edgar/data/40729/000095012405001563/k91417e10vk.htm", "calculatedOtherExpenses": 590000000, "calculatedOperatingExpenses": 7731000000, "calculatedNetInterest": 11637000000, "calculatedOtherIncome": -21296000000, "calculatedIncomeNonControlling": 0, "calculatedEbitda": 20732000000}, {"date": "2003-12-31", "symbol": "ALLY", "reportedCurrency": "USD", "cik": "0000040729", "fillingDate": "2004-03-09", "acceptedDate": "2004-03-09 16:55:31", "calendarYear": "2003", "period": "FY", "revenue": 20140000000, "costOfRevenue": 7564000000, "grossProfit": 12576000000, "grossProfitRatio": 0.624428997, "researchAndDevelopmentExpenses": 0, "generalAndAdministrativeExpenses": 15756000000, "sellingAndMarketingExpenses": 0, "sellingGeneralAndAdministrativeExpenses": 15756000000, "otherExpenses": 7564000000, "operatingExpenses": 23320000000, "costAndExpenses": 3932000000, "interestIncome": 0, "interestExpense": 7564000000, "depreciationAndAmortization": 5340000000, "ebitda": 17288000000, "ebitdaratio": 0.8583912612, "operatingIncome": 4384000000, "operatingIncomeRatio": 0.2176762661, "totalOtherIncomeExpensesNet": 0, "incomeBeforeTax": 4384000000, "incomeBeforeTaxRatio": 0.2176762661, "incomeTaxExpense": 1591000000, "netIncome": 2793000000, "netIncomeRatio": 0.1386792453, "eps": 17.02, "epsdiluted": 17.02, "weightedAverageShsOut": 164111520, "weightedAverageShsOutDil": 164111520, "link": "https://www.sec.gov/Archives/edgar/data/40729/000095012404000762/0000950124-04-000762-index.htm", "finalLink": "https://www.sec.gov/Archives/edgar/data/40729/000095012404000762/k82520e10vk.htm", "calculatedOtherExpenses": -7564000000, "calculatedOperatingExpenses": 8192000000, "calculatedNetInterest": -7564000000, "calculatedOtherIncome": 7564000000, "calculatedIncomeNonControlling": 0, "calculatedEbitda": 9724000000}, {"date": "2002-12-31", "symbol": "ALLY", "reportedCurrency": "USD", "cik": "0000040729", "fillingDate": "2003-03-13", "acceptedDate": "2003-03-13 15:17:50", "calendarYear": "2002", "period": "FY", "revenue": 17676000000, "costOfRevenue": 6834000000, "grossProfit": 10842000000, "grossProfitRatio": 0.6133740665, "researchAndDevelopmentExpenses": 0, "generalAndAdministrativeExpenses": 14735000000, "sellingAndMarketingExpenses": 0, "sellingGeneralAndAdministrativeExpenses": 14735000000, "otherExpenses": 6834000000, "operatingExpenses": 21569000000, "costAndExpenses": 4215000000, "interestIncome": 0, "interestExpense": 6834000000, "depreciationAndAmortization": 4842000000, "ebitda": 14617000000, "ebitdaratio": 0.8269404843, "operatingIncome": 2941000000, "operatingIncomeRatio": 0.1663837972, "totalOtherIncomeExpensesNet": 0, "incomeBeforeTax": 2941000000, "incomeBeforeTaxRatio": 0.1663837972, "incomeTaxExpense": 1071000000, "netIncome": 1870000000, "netIncomeRatio": 0.1057931659, "eps": 11.39, "epsdiluted": 11.39, "weightedAverageShsOut": 164111520, "weightedAverageShsOutDil": 164111520, "link": "https://www.sec.gov/Archives/edgar/data/40729/000095012403000626/0000950124-03-000626-index.htm", "finalLink": "https://www.sec.gov/Archives/edgar/data/40729/000095012403000626/k74335e10vk.htm", "calculatedOtherExpenses": -6834000000, "calculatedOperatingExpenses": 7901000000, "calculatedNetInterest": -6834000000, "calculatedOtherIncome": 6834000000, "calculatedIncomeNonControlling": 0, "calculatedEbitda": 7783000000}, {"date": "2001-12-31", "symbol": "ALLY", "reportedCurrency": "USD", "cik": "0000040729", "fillingDate": "2002-03-11", "acceptedDate": "2002-03-11 00:00:00", "calendarYear": "2001", "period": "FY", "revenue": 11528000000, "costOfRevenue": 7729000000, "grossProfit": 3799000000, "grossProfitRatio": 0.3295454545, "researchAndDevelopmentExpenses": 0, "generalAndAdministrativeExpenses": 8729000000, "sellingAndMarketingExpenses": 0, "sellingGeneralAndAdministrativeExpenses": 8729000000, "otherExpenses": 7729000000, "operatingExpenses": 16458000000, "costAndExpenses": 24187000000, "interestIncome": 0, "interestExpense": 7729000000, "depreciationAndAmortization": 5297000000, "ebitda": 15859000000, "ebitdaratio": 1.3756939625, "operatingIncome": 2799000000, "operatingIncomeRatio": 0.2428001388, "totalOtherIncomeExpensesNet": 0, "incomeBeforeTax": 2799000000, "incomeBeforeTaxRatio": 0.2428001388, "incomeTaxExpense": 1047000000, "netIncome": 1786000000, "netIncomeRatio": 0.1549271339, "eps": 10.88, "epsdiluted": 10.88, "weightedAverageShsOut": 164111520, "weightedAverageShsOutDil": 164111520, "link": "https://www.sec.gov/Archives/edgar/data/40729/000004072902000015/0000040729-02-000015-index.htm", "finalLink": "https://www.sec.gov/Archives/edgar/data/40729/000004072902000015/gmac10k2001.txt", "calculatedOtherExpenses": -7729000000, "calculatedOperatingExpenses": 1000000000, "calculatedNetInterest": -7729000000, "calculatedOtherIncome": 7729000000, "calculatedIncomeNonControlling": -34000000, "calculatedEbitda": 8096000000}, {"date": "2000-12-31", "symbol": "ALLY", "reportedCurrency": "USD", "cik": "0000040729", "fillingDate": "2001-03-05", "acceptedDate": "2001-03-05 00:00:00", "calendarYear": "2000", "period": "FY", "revenue": 9621000000, "costOfRevenue": 8295000000, "grossProfit": 1326000000, "grossProfitRatio": 0.1378235111, "researchAndDevelopmentExpenses": 0, "generalAndAdministrativeExpenses": 7065000000, "sellingAndMarketingExpenses": 0, "sellingGeneralAndAdministrativeExpenses": 7065000000, "otherExpenses": 8295000000, "operatingExpenses": 15360000000, "costAndExpenses": 23655000000, "interestIncome": 0, "interestExpense": 8295000000, "depreciationAndAmortization": 5490000000, "ebitda": 16341000000, "ebitdaratio": 1.6984720923, "operatingIncome": 2556000000, "operatingIncomeRatio": 0.2656688494, "totalOtherIncomeExpensesNet": 0, "incomeBeforeTax": 2556000000, "incomeBeforeTaxRatio": 0.2656688494, "incomeTaxExpense": 954000000, "netIncome": 1602000000, "netIncomeRatio": 0.1665107577, "eps": 9.76, "epsdiluted": 9.76, "weightedAverageShsOut": 164111520, "weightedAverageShsOutDil": 164111520, "link": "https://www.sec.gov/Archives/edgar/data/40729/000004072901500062/0000040729-01-500062-index.htm", "finalLink": "https://www.sec.gov/Archives/edgar/data/40729/000004072901500062/gmac10k2000.txt", "calculatedOtherExpenses": -8295000000, "calculatedOperatingExpenses": -1230000000, "calculatedNetInterest": -8295000000, "calculatedOtherIncome": 8295000000, "calculatedIncomeNonControlling": 0, "calculatedEbitda": 8046000000}, {"date": "1999-12-31", "symbol": "ALLY", "reportedCurrency": "USD", "cik": "0000040729", "fillingDate": "2000-03-10", "acceptedDate": "2000-03-10 00:00:00", "calendarYear": "1999", "period": "FY", "revenue": 13692000000, "costOfRevenue": 6526000000, "grossProfit": 7166000000, "grossProfitRatio": 0.5233713117, "researchAndDevelopmentExpenses": 0, "generalAndAdministrativeExpenses": 11205000000, "sellingAndMarketingExpenses": 0, "sellingGeneralAndAdministrativeExpenses": 11205000000, "otherExpenses": 6526000000, "operatingExpenses": 17731000000, "costAndExpenses": 24257000000, "interestIncome": 0, "interestExpense": 6526000000, "depreciationAndAmortization": 5025000000, "ebitda": 14038000000, "ebitdaratio": 1.0252702308, "operatingIncome": 2487000000, "operatingIncomeRatio": 0.1816389132, "totalOtherIncomeExpensesNet": 0, "incomeBeforeTax": 2487000000, "incomeBeforeTaxRatio": 0.1816389132, "incomeTaxExpense": 960000000, "netIncome": 1527000000, "netIncomeRatio": 0.1115249781, "eps": 9.3, "epsdiluted": 9.3, "weightedAverageShsOut": 164111520, "weightedAverageShsOutDil": 164111520, "link": "https://www.sec.gov/Archives/edgar/data/40729/000095012400001150/0000950124-00-001150-index.htm", "finalLink": "https://www.sec.gov/Archives/edgar/data/40729/000095012400001150/0000950124-00-001150.txt", "calculatedOtherExpenses": -6526000000, "calculatedOperatingExpenses": 4679000000, "calculatedNetInterest": -6526000000, "calculatedOtherIncome": 6526000000, "calculatedIncomeNonControlling": 0, "calculatedEbitda": 7512000000}, {"date": "1998-12-31", "symbol": "ALLY", "reportedCurrency": "USD", "cik": "0000040729", "fillingDate": "1999-03-10", "acceptedDate": "1999-03-10 00:00:00", "calendarYear": "1998", "period": "FY", "revenue": 12128000000, "costOfRevenue": 5787000000, "grossProfit": 6341000000, "grossProfitRatio": 0.5228397098, "researchAndDevelopmentExpenses": 0, "generalAndAdministrativeExpenses": 10189000000, "sellingAndMarketingExpenses": 0, "sellingGeneralAndAdministrativeExpenses": 10189000000, "otherExpenses": 5787000000, "operatingExpenses": 15976000000, "costAndExpenses": 21763000000, "interestIncome": 0, "interestExpense": 5787000000, "depreciationAndAmortization": 4782000000, "ebitda": 12508000000, "ebitdaratio": 1.0313324538, "operatingIncome": 1939000000, "operatingIncomeRatio": 0.1598779683, "totalOtherIncomeExpensesNet": 0, "incomeBeforeTax": 1939000000, "incomeBeforeTaxRatio": 0.1598779683, "incomeTaxExpense": 612000000, "netIncome": 1327000000, "netIncomeRatio": 0.1094162269, "eps": 8.09, "epsdiluted": 8.09, "weightedAverageShsOut": 164111520, "weightedAverageShsOutDil": 164111520, "link": "https://www.sec.gov/Archives/edgar/data/40729/000004072999000046/0000040729-99-000046-index.htm", "finalLink": "https://www.sec.gov/Archives/edgar/data/40729/000004072999000046/", "calculatedOtherExpenses": -5787000000, "calculatedOperatingExpenses": 4402000000, "calculatedNetInterest": -5787000000, "calculatedOtherIncome": 5787000000, "calculatedIncomeNonControlling": 0, "calculatedEbitda": 6721000000}]}