{"originalCurrency": "USD", "convertedCurrency": "USD", "report": [{"date": "2023-12-31", "symbol": "ALPN", "reportedCurrency": "USD", "cik": "0001626199", "fillingDate": "2024-03-20", "acceptedDate": "2024-03-19 19:29:15", "calendarYear": "2023", "period": "FY", "revenue": 58876000, "costOfRevenue": 576000, "grossProfit": 58300000, "grossProfitRatio": 0.9902167267, "researchAndDevelopmentExpenses": 80328000, "generalAndAdministrativeExpenses": 22222000, "sellingAndMarketingExpenses": 0, "sellingGeneralAndAdministrativeExpenses": 22222000, "otherExpenses": 415000, "operatingExpenses": 102550000, "costAndExpenses": 103126000, "interestIncome": 11852000, "interestExpense": 98000, "depreciationAndAmortization": 576000, "ebitda": -43674000, "ebitdaratio": -0.7417963177, "operatingIncome": -44250000, "operatingIncomeRatio": -0.751579591, "totalOtherIncomeExpensesNet": 12168999, "incomeBeforeTax": -32081000, "incomeBeforeTaxRatio": -0.5448909573, "incomeTaxExpense": 103000, "netIncome": -32183999, "netIncomeRatio": -0.5466403798, "eps": -0.64, "epsdiluted": -0.64, "weightedAverageShsOut": 50000339, "weightedAverageShsOutDil": 50000339, "link": "https://www.sec.gov/Archives/edgar/data/1626199/000162619924000048/0001626199-24-000048-index.htm", "finalLink": "https://www.sec.gov/Archives/edgar/data/1626199/000162619924000048/alpn-20231231.htm", "calculatedOtherExpenses": 0, "calculatedOperatingExpenses": 102550000, "calculatedNetInterest": 11754000, "calculatedOtherIncome": 415000, "calculatedIncomeNonControlling": -1, "calculatedEbitda": -43674000}, {"date": "2022-12-31", "symbol": "ALPN", "reportedCurrency": "USD", "cik": "0001626199", "fillingDate": "2023-03-23", "acceptedDate": "2023-03-23 17:16:06", "calendarYear": "2022", "period": "FY", "revenue": 30064000, "costOfRevenue": 597000, "grossProfit": 29467000, "grossProfitRatio": 0.980142363, "researchAndDevelopmentExpenses": 70243000, "generalAndAdministrativeExpenses": 17968000, "sellingAndMarketingExpenses": 0, "sellingGeneralAndAdministrativeExpenses": 17968000, "otherExpenses": -97000, "operatingExpenses": 88211000, "costAndExpenses": 88211000, "interestIncome": 3288000, "interestExpense": 476000, "depreciationAndAmortization": 3191000, "ebitda": -54956000, "ebitdaratio": -1.8279670037, "operatingIncome": -58147000, "operatingIncomeRatio": -1.9341072379, "totalOtherIncomeExpensesNet": 2715000, "incomeBeforeTax": -55432000, "incomeBeforeTaxRatio": -1.8437998936, "incomeTaxExpense": 2330000, "netIncome": -57762000, "netIncomeRatio": -1.9213012241, "eps": -1.73, "epsdiluted": -1.73, "weightedAverageShsOut": 33435280, "weightedAverageShsOutDil": 33435280, "link": "https://www.sec.gov/Archives/edgar/data/1626199/000162619923000037/0001626199-23-000037-index.htm", "finalLink": "https://www.sec.gov/Archives/edgar/data/1626199/000162619923000037/alpn-20221231.htm", "calculatedOtherExpenses": -597000, "calculatedOperatingExpenses": 87614000, "calculatedNetInterest": 2812000, "calculatedOtherIncome": -97000, "calculatedIncomeNonControlling": 0, "calculatedEbitda": -54956000}, {"date": "2021-12-31", "symbol": "ALPN", "reportedCurrency": "USD", "cik": "0001626199", "fillingDate": "2022-03-17", "acceptedDate": "2022-03-17 16:17:53", "calendarYear": "2021", "period": "FY", "revenue": 23443000, "costOfRevenue": 620000, "grossProfit": 22823000, "grossProfitRatio": 0.9735528729, "researchAndDevelopmentExpenses": 58742000, "generalAndAdministrativeExpenses": 14560000, "sellingAndMarketingExpenses": 0, "sellingGeneralAndAdministrativeExpenses": 14560000, "otherExpenses": -4000, "operatingExpenses": 73302000, "costAndExpenses": 73302000, "interestIncome": 259000, "interestExpense": 816000, "depreciationAndAmortization": 255000, "ebitda": -49604000, "ebitdaratio": -2.1159407926, "operatingIncome": -49859000, "operatingIncomeRatio": -2.12681824, "totalOtherIncomeExpensesNet": -561000, "incomeBeforeTax": -50420000, "incomeBeforeTaxRatio": -2.1507486243, "incomeTaxExpense": -87000, "netIncome": -50333000, "netIncomeRatio": -2.1470374952, "eps": -1.98, "epsdiluted": -1.98, "weightedAverageShsOut": 25476889, "weightedAverageShsOutDil": 25476889, "link": "https://www.sec.gov/Archives/edgar/data/1626199/000162619922000032/0001626199-22-000032-index.htm", "finalLink": "https://www.sec.gov/Archives/edgar/data/1626199/000162619922000032/alpn-20211231.htm", "calculatedOtherExpenses": -620000, "calculatedOperatingExpenses": 72682000, "calculatedNetInterest": -557000, "calculatedOtherIncome": -4000, "calculatedIncomeNonControlling": 0, "calculatedEbitda": -49604000}, {"date": "2020-12-31", "symbol": "ALPN", "reportedCurrency": "USD", "cik": "0001626199", "fillingDate": "2021-03-18", "acceptedDate": "2021-03-18 16:12:21", "calendarYear": "2020", "period": "FY", "revenue": 9335000, "costOfRevenue": 27185000, "grossProfit": -17850000, "grossProfitRatio": -1.9121585431, "researchAndDevelopmentExpenses": 27185000, "generalAndAdministrativeExpenses": 10899000, "sellingAndMarketingExpenses": 0, "sellingGeneralAndAdministrativeExpenses": 10899000, "otherExpenses": 1333000, "operatingExpenses": 38084000, "costAndExpenses": 38084000, "interestIncome": 245000, "interestExpense": 775000, "depreciationAndAmortization": 1578000, "ebitda": -27171000, "ebitdaratio": -2.9106588109, "operatingIncome": -28749000, "operatingIncomeRatio": -3.0797000536, "totalOtherIncomeExpensesNet": 803000, "incomeBeforeTax": -27946000, "incomeBeforeTaxRatio": -2.9936797001, "incomeTaxExpense": -6000, "netIncome": -27940000, "netIncomeRatio": -2.9930369577, "eps": -1.34, "epsdiluted": -1.34, "weightedAverageShsOut": 20826466, "weightedAverageShsOutDil": 20826466, "link": "https://www.sec.gov/Archives/edgar/data/1626199/000162619921000038/0001626199-21-000038-index.htm", "finalLink": "https://www.sec.gov/Archives/edgar/data/1626199/000162619921000038/alpn-20201231.htm", "calculatedOtherExpenses": -27185000, "calculatedOperatingExpenses": 10899000, "calculatedNetInterest": -530000, "calculatedOtherIncome": 1333000, "calculatedIncomeNonControlling": 0, "calculatedEbitda": -27171000}, {"date": "2019-12-31", "symbol": "ALPN", "reportedCurrency": "USD", "cik": "0001626199", "fillingDate": "2020-03-30", "acceptedDate": "2020-03-30 16:11:35", "calendarYear": "2019", "period": "FY", "revenue": 1740000, "costOfRevenue": 35847000, "grossProfit": -34107000, "grossProfitRatio": -19.6017241379, "researchAndDevelopmentExpenses": 35847000, "generalAndAdministrativeExpenses": 9467000, "sellingAndMarketingExpenses": 0, "sellingGeneralAndAdministrativeExpenses": 9467000, "otherExpenses": 812000, "operatingExpenses": 45314000, "costAndExpenses": 45314000, "interestIncome": 1248000, "interestExpense": 338000, "depreciationAndAmortization": 2060000, "ebitda": -41514000, "ebitdaratio": -23.8586206897, "operatingIncome": -43574000, "operatingIncomeRatio": -25.0425287356, "totalOtherIncomeExpensesNet": 1722000, "incomeBeforeTax": -41852000, "incomeBeforeTaxRatio": -24.0528735632, "incomeTaxExpense": 682000, "netIncome": -42534000, "netIncomeRatio": -24.4448275862, "eps": -2.32, "epsdiluted": -2.32, "weightedAverageShsOut": 18358864, "weightedAverageShsOutDil": 18358864, "link": "https://www.sec.gov/Archives/edgar/data/1626199/000162619920000009/0001626199-20-000009-index.htm", "finalLink": "https://www.sec.gov/Archives/edgar/data/1626199/000162619920000009/a10k2019.htm", "calculatedOtherExpenses": -35847000, "calculatedOperatingExpenses": 9467000, "calculatedNetInterest": 910000, "calculatedOtherIncome": 812000, "calculatedIncomeNonControlling": 0, "calculatedEbitda": -41514000}, {"date": "2018-12-31", "symbol": "ALPN", "reportedCurrency": "USD", "cik": "0001626199", "fillingDate": "2019-03-18", "acceptedDate": "2019-03-18 16:02:34", "calendarYear": "2018", "period": "FY", "revenue": 705000, "costOfRevenue": 28970000, "grossProfit": -28265000, "grossProfitRatio": -40.0921985816, "researchAndDevelopmentExpenses": 28970000, "generalAndAdministrativeExpenses": 8362000, "sellingAndMarketingExpenses": 0, "sellingGeneralAndAdministrativeExpenses": 8362000, "otherExpenses": 1203000, "operatingExpenses": 37332000, "costAndExpenses": 37332000, "interestIncome": 1296000, "interestExpense": 319000, "depreciationAndAmortization": 388000, "ebitda": -35331000, "ebitdaratio": -50.114893617, "operatingIncome": -37830000, "operatingIncomeRatio": -53.6595744681, "totalOtherIncomeExpensesNet": -1203000, "incomeBeforeTax": -36853000, "incomeBeforeTaxRatio": -52.2737588652, "incomeTaxExpense": -366000, "netIncome": -36487000, "netIncomeRatio": -51.7546099291, "eps": -2.63, "epsdiluted": -2.63, "weightedAverageShsOut": 13849470, "weightedAverageShsOutDil": 13849470, "link": "https://www.sec.gov/Archives/edgar/data/1626199/000162619919000010/0001626199-19-000010-index.htm", "finalLink": "https://www.sec.gov/Archives/edgar/data/1626199/000162619919000010/a10k_2018.htm", "calculatedOtherExpenses": -27767000, "calculatedOperatingExpenses": 9565000, "calculatedNetInterest": 977000, "calculatedOtherIncome": 0, "calculatedIncomeNonControlling": 0, "calculatedEbitda": -37442000}, {"date": "2017-12-31", "symbol": "ALPN", "reportedCurrency": "USD", "cik": "0001626199", "fillingDate": "2018-03-28", "acceptedDate": "2018-03-28 08:26:10", "calendarYear": "2017", "period": "FY", "revenue": 1731000, "costOfRevenue": 10626000, "grossProfit": -8895000, "grossProfitRatio": -5.1386481802, "researchAndDevelopmentExpenses": 10626000, "generalAndAdministrativeExpenses": 6079000, "sellingAndMarketingExpenses": 0, "sellingGeneralAndAdministrativeExpenses": 6079000, "otherExpenses": 0, "operatingExpenses": 16705000, "costAndExpenses": 16705000, "interestIncome": 542000, "interestExpense": 152000, "depreciationAndAmortization": 241000, "ebitda": -14191000, "ebitdaratio": -8.1981513576, "operatingIncome": -14974000, "operatingIncomeRatio": -8.6504910456, "totalOtherIncomeExpensesNet": 6601000, "incomeBeforeTax": -7983000, "incomeBeforeTaxRatio": -4.6117850953, "incomeTaxExpense": -200000, "netIncome": -7783000, "netIncomeRatio": -4.4962449451, "eps": -1.2, "epsdiluted": -1.2, "weightedAverageShsOut": 6481665, "weightedAverageShsOutDil": 6481665, "link": "https://www.sec.gov/Archives/edgar/data/1626199/000156459018006916/0001564590-18-006916-index.htm", "finalLink": "https://www.sec.gov/Archives/edgar/data/1626199/000156459018006916/alpn-10k_20171231.htm", "calculatedOtherExpenses": -10626000, "calculatedOperatingExpenses": 6079000, "calculatedNetInterest": 390000, "calculatedOtherIncome": 6601000, "calculatedIncomeNonControlling": 0, "calculatedEbitda": -14733000}, {"date": "2016-12-31", "symbol": "ALPN", "reportedCurrency": "USD", "cik": "0001626199", "fillingDate": "2017-02-13", "acceptedDate": "2017-02-13 17:01:28", "calendarYear": "2016", "period": "FY", "revenue": 2950000, "costOfRevenue": 143000, "grossProfit": 2807000, "grossProfitRatio": 0.9515254237, "researchAndDevelopmentExpenses": 23316000, "generalAndAdministrativeExpenses": 8586000, "sellingAndMarketingExpenses": 0, "sellingGeneralAndAdministrativeExpenses": 8586000, "otherExpenses": 0, "operatingExpenses": 31902000, "costAndExpenses": 31902000, "interestIncome": 439000, "interestExpense": 0, "depreciationAndAmortization": 143000, "ebitda": -31902000, "ebitdaratio": -10.8142372881, "operatingIncome": -31902000, "operatingIncomeRatio": -10.8142372881, "totalOtherIncomeExpensesNet": 439000, "incomeBeforeTax": -31463000, "incomeBeforeTaxRatio": -10.6654237288, "incomeTaxExpense": -143000, "netIncome": -31463000, "netIncomeRatio": -10.6654237288, "eps": -8.12, "epsdiluted": -8.12, "weightedAverageShsOut": 3873000, "weightedAverageShsOutDil": 3873000, "link": "https://www.sec.gov/Archives/edgar/data/1626199/000155837017000560/0001558370-17-000560-index.htm", "finalLink": "https://www.sec.gov/Archives/edgar/data/1626199/000155837017000560/nvls-20161231x10k.htm", "calculatedOtherExpenses": 2807000, "calculatedOperatingExpenses": 34709000, "calculatedNetInterest": 439000, "calculatedOtherIncome": 0, "calculatedIncomeNonControlling": 143000, "calculatedEbitda": -31759000}, {"date": "2015-12-31", "symbol": "ALPN", "reportedCurrency": "USD", "cik": "0001626199", "fillingDate": "2016-03-08", "acceptedDate": "2016-03-08 17:01:29", "calendarYear": "2015", "period": "FY", "revenue": 492000, "costOfRevenue": 66000, "grossProfit": 426000, "grossProfitRatio": 0.8658536585, "researchAndDevelopmentExpenses": 16054000, "generalAndAdministrativeExpenses": 6844000, "sellingAndMarketingExpenses": 0, "sellingGeneralAndAdministrativeExpenses": 6844000, "otherExpenses": 80000, "operatingExpenses": 22898000, "costAndExpenses": 22898000, "interestIncome": 80000, "interestExpense": 0, "depreciationAndAmortization": 66000, "ebitda": -22898000, "ebitdaratio": -46.5406504065, "operatingIncome": -22898000, "operatingIncomeRatio": -46.5406504065, "totalOtherIncomeExpensesNet": 80000, "incomeBeforeTax": -22818000, "incomeBeforeTaxRatio": -46.3780487805, "incomeTaxExpense": -66000, "netIncome": -22818000, "netIncomeRatio": -46.3780487805, "eps": -9.74, "epsdiluted": -9.74, "weightedAverageShsOut": 2342750, "weightedAverageShsOutDil": 2342750, "link": "https://www.sec.gov/Archives/edgar/data/1626199/000155837016003896/0001558370-16-003896-index.htm", "finalLink": "https://www.sec.gov/Archives/edgar/data/1626199/000155837016003896/nvls-20151231x10k.htm", "calculatedOtherExpenses": 426000, "calculatedOperatingExpenses": 23324000, "calculatedNetInterest": 80000, "calculatedOtherIncome": 0, "calculatedIncomeNonControlling": 66000, "calculatedEbitda": -22832000}, {"date": "2014-12-31", "symbol": "ALPN", "reportedCurrency": "USD", "cik": "0001626199", "fillingDate": "2014-12-31", "acceptedDate": "2014-12-30 19:00:00", "calendarYear": "2014", "period": "FY", "revenue": 0, "costOfRevenue": 0, "grossProfit": 0, "grossProfitRatio": 0, "researchAndDevelopmentExpenses": 12199547, "generalAndAdministrativeExpenses": 2287709, "sellingAndMarketingExpenses": 0, "sellingGeneralAndAdministrativeExpenses": 2287709, "otherExpenses": 296343, "operatingExpenses": 14487256, "costAndExpenses": 14487256, "interestIncome": 0, "interestExpense": 845099, "depreciationAndAmortization": 86440, "ebitda": -14104473, "ebitdaratio": 0, "operatingIncome": -14487256, "operatingIncomeRatio": 0, "totalOtherIncomeExpensesNet": 296343, "incomeBeforeTax": -15036012, "incomeBeforeTaxRatio": 0, "incomeTaxExpense": 1141442, "netIncome": -15036012, "netIncomeRatio": 0, "eps": -6.59, "epsdiluted": -6.59, "weightedAverageShsOut": 2281089, "weightedAverageShsOutDil": 2281089, "link": "", "finalLink": "", "calculatedOtherExpenses": 0, "calculatedOperatingExpenses": 14487256, "calculatedNetInterest": -845099, "calculatedOtherIncome": 296343, "calculatedIncomeNonControlling": -1141442, "calculatedEbitda": -14400816}, {"date": "2013-12-31", "symbol": "ALPN", "reportedCurrency": "USD", "cik": "0001626199", "fillingDate": "2013-12-31", "acceptedDate": "2013-12-30 19:00:00", "calendarYear": "2013", "period": "FY", "revenue": 0, "costOfRevenue": 0, "grossProfit": 0, "grossProfitRatio": 0, "researchAndDevelopmentExpenses": 13136000, "generalAndAdministrativeExpenses": 2141000, "sellingAndMarketingExpenses": 0, "sellingGeneralAndAdministrativeExpenses": 2141000, "otherExpenses": 0, "operatingExpenses": 15277000, "costAndExpenses": 15277000, "interestIncome": 10000, "interestExpense": 931000, "depreciationAndAmortization": 219000, "ebitda": -15048000, "ebitdaratio": 0, "operatingIncome": -15277000, "operatingIncomeRatio": 0, "totalOtherIncomeExpensesNet": 10000, "incomeBeforeTax": -16198000, "incomeBeforeTaxRatio": 0, "incomeTaxExpense": 941000, "netIncome": -16198000, "netIncomeRatio": 0, "eps": -7.1, "epsdiluted": -7.1, "weightedAverageShsOut": 2281089, "weightedAverageShsOutDil": 2281089, "link": "", "finalLink": "", "calculatedOtherExpenses": 0, "calculatedOperatingExpenses": 15277000, "calculatedNetInterest": -921000, "calculatedOtherIncome": 0, "calculatedIncomeNonControlling": -941000, "calculatedEbitda": -15058000}, {"date": "2012-12-31", "symbol": "ALPN", "reportedCurrency": "USD", "cik": "0001626199", "fillingDate": "2012-12-31", "acceptedDate": "2012-12-30 19:00:00", "calendarYear": "2012", "period": "FY", "revenue": 0, "costOfRevenue": 0, "grossProfit": 0, "grossProfitRatio": 0, "researchAndDevelopmentExpenses": 7100267, "generalAndAdministrativeExpenses": 1929357, "sellingAndMarketingExpenses": 0, "sellingGeneralAndAdministrativeExpenses": 1929357, "otherExpenses": 150937, "operatingExpenses": 9029624, "costAndExpenses": 9029624, "interestIncome": 0, "interestExpense": 694073, "depreciationAndAmortization": 212033, "ebitda": -8666654, "ebitdaratio": 0, "operatingIncome": -9029624, "operatingIncomeRatio": 0, "totalOtherIncomeExpensesNet": 150937, "incomeBeforeTax": -9572760, "incomeBeforeTaxRatio": 0, "incomeTaxExpense": 845010, "netIncome": -9572760, "netIncomeRatio": 0, "eps": -4.2, "epsdiluted": -4.2, "weightedAverageShsOut": 2281089, "weightedAverageShsOutDil": 2281089, "link": "", "finalLink": "", "calculatedOtherExpenses": 0, "calculatedOperatingExpenses": 9029624, "calculatedNetInterest": -694073, "calculatedOtherIncome": 150937, "calculatedIncomeNonControlling": -845010, "calculatedEbitda": -8817591}]}