{"originalCurrency": "USD", "convertedCurrency": "USD", "report": [{"date": "2023-12-31", "symbol": "ALRM", "reportedCurrency": "USD", "cik": "0001459200", "fillingDate": "2024-02-22", "acceptedDate": "2024-02-22 16:33:16", "calendarYear": "2023", "period": "FY", "revenue": 881682000, "costOfRevenue": 325159000, "grossProfit": 556523000, "grossProfitRatio": 0.6312060357, "researchAndDevelopmentExpenses": 245114000, "generalAndAdministrativeExpenses": 112930000, "sellingAndMarketingExpenses": 100226000, "sellingGeneralAndAdministrativeExpenses": 213156000, "otherExpenses": 4624000, "operatingExpenses": 489694000, "costAndExpenses": 814853000, "interestIncome": 29801000, "interestExpense": 3429000, "depreciationAndAmortization": 44121000, "ebitda": 145375000, "ebitdaratio": 0.1648837109, "operatingIncome": 66829000, "operatingIncomeRatio": 0.0757971695, "totalOtherIncomeExpensesNet": 4624000, "incomeBeforeTax": 97825000, "incomeBeforeTaxRatio": 0.1109527018, "incomeTaxExpense": 17485000, "netIncome": 81043000, "netIncomeRatio": 0.0919186283, "eps": 1.63, "epsdiluted": 1.53, "weightedAverageShsOut": 54625434, "weightedAverageShsOutDil": 54625434, "link": "https://www.sec.gov/Archives/edgar/data/1459200/000145920024000008/0001459200-24-000008-index.htm", "finalLink": "https://www.sec.gov/Archives/edgar/data/1459200/000145920024000008/alrm-20231231.htm", "calculatedOtherExpenses": 31424000, "calculatedOperatingExpenses": 489694000, "calculatedNetInterest": 26372000, "calculatedOtherIncome": 4624000, "calculatedIncomeNonControlling": -703000, "calculatedEbitda": 110950000}, {"date": "2022-12-31", "symbol": "ALRM", "reportedCurrency": "USD", "cik": "0001459200", "fillingDate": "2023-02-24", "acceptedDate": "2023-02-24 16:07:52", "calendarYear": "2022", "period": "FY", "revenue": 842559000, "costOfRevenue": 342581000, "grossProfit": 499978000, "grossProfitRatio": 0.5934041414, "researchAndDevelopmentExpenses": 218635000, "generalAndAdministrativeExpenses": 106688000, "sellingAndMarketingExpenses": 92748000, "sellingGeneralAndAdministrativeExpenses": 199436000, "otherExpenses": 30870000, "operatingExpenses": 448941000, "costAndExpenses": 791522000, "interestIncome": 8759000, "interestExpense": 3144000, "depreciationAndAmortization": 40929000, "ebitda": 91966000, "ebitdaratio": 0.1091508132, "operatingIncome": 51037000, "operatingIncomeRatio": 0.0605737996, "totalOtherIncomeExpensesNet": 5556000, "incomeBeforeTax": 56593000, "incomeBeforeTaxRatio": 0.0671679965, "incomeTaxExpense": 962000, "netIncome": 56338000, "netIncomeRatio": 0.0668653471, "eps": 1.13, "epsdiluted": 1.07, "weightedAverageShsOut": 52731334, "weightedAverageShsOutDil": 54932757, "link": "https://www.sec.gov/Archives/edgar/data/1459200/000145920023000006/0001459200-23-000006-index.htm", "finalLink": "https://www.sec.gov/Archives/edgar/data/1459200/000145920023000006/alrm-20221231.htm", "calculatedOtherExpenses": 30870000, "calculatedOperatingExpenses": 448941000, "calculatedNetInterest": 5615000, "calculatedOtherIncome": -59000, "calculatedIncomeNonControlling": -707000, "calculatedEbitda": 91966000}, {"date": "2021-12-31", "symbol": "ALRM", "reportedCurrency": "USD", "cik": "0001459200", "fillingDate": "2022-02-24", "acceptedDate": "2022-02-24 16:34:45", "calendarYear": "2021", "period": "FY", "revenue": 748969000, "costOfRevenue": 305899000, "grossProfit": 443070000, "grossProfitRatio": 0.591573216, "researchAndDevelopmentExpenses": 177713000, "generalAndAdministrativeExpenses": 87406000, "sellingAndMarketingExpenses": 86664000, "sellingGeneralAndAdministrativeExpenses": 174070000, "otherExpenses": 29715000, "operatingExpenses": 381498000, "costAndExpenses": 687397000, "interestIncome": 587000, "interestExpense": 15956000, "depreciationAndAmortization": 41100000, "ebitda": 102672000, "ebitdaratio": 0.1370844454, "operatingIncome": 61572000, "operatingIncomeRatio": 0.08220901, "totalOtherIncomeExpensesNet": -15503000, "incomeBeforeTax": 46069000, "incomeBeforeTaxRatio": 0.0615098889, "incomeTaxExpense": -5106000, "netIncome": 52259000, "netIncomeRatio": 0.0697745835, "eps": 1.05, "epsdiluted": 1.01, "weightedAverageShsOut": 49869857, "weightedAverageShsOutDil": 51919902, "link": "https://www.sec.gov/Archives/edgar/data/1459200/000145920022000008/0001459200-22-000008-index.htm", "finalLink": "https://www.sec.gov/Archives/edgar/data/1459200/000145920022000008/alrm-20211231.htm", "calculatedOtherExpenses": 29715000, "calculatedOperatingExpenses": 381498000, "calculatedNetInterest": -15369000, "calculatedOtherIncome": -134000, "calculatedIncomeNonControlling": -1084000, "calculatedEbitda": 102672000}, {"date": "2020-12-31", "symbol": "ALRM", "reportedCurrency": "USD", "cik": "0001459200", "fillingDate": "2021-02-25", "acceptedDate": "2021-02-25 16:43:46", "calendarYear": "2020", "period": "FY", "revenue": 618003000, "costOfRevenue": 227428000, "grossProfit": 390575000, "grossProfitRatio": 0.6319953139, "researchAndDevelopmentExpenses": 152147000, "generalAndAdministrativeExpenses": 78643000, "sellingAndMarketingExpenses": 75967000, "sellingGeneralAndAdministrativeExpenses": 154610000, "otherExpenses": 27520000, "operatingExpenses": 334277000, "costAndExpenses": 561705000, "interestIncome": 870000, "interestExpense": 2596000, "depreciationAndAmortization": 37290000, "ebitda": 120046000, "ebitdaratio": 0.194248248, "operatingIncome": 82756000, "operatingIncomeRatio": 0.1339087351, "totalOtherIncomeExpensesNet": -2596000, "incomeBeforeTax": 80160000, "incomeBeforeTaxRatio": 0.1297081082, "incomeTaxExpense": 3500000, "netIncome": 77853000, "netIncomeRatio": 0.1259751166, "eps": 1.59, "epsdiluted": 1.53, "weightedAverageShsOut": 48950328, "weightedAverageShsOutDil": 50963190, "link": "https://www.sec.gov/Archives/edgar/data/1459200/000145920021000012/0001459200-21-000012-index.htm", "finalLink": "https://www.sec.gov/Archives/edgar/data/1459200/000145920021000012/alrm-20201231.htm", "calculatedOtherExpenses": 1062000, "calculatedOperatingExpenses": 307819000, "calculatedNetInterest": -1726000, "calculatedOtherIncome": -870000, "calculatedIncomeNonControlling": -1193000, "calculatedEbitda": 120046000}, {"date": "2019-12-31", "symbol": "ALRM", "reportedCurrency": "USD", "cik": "0001459200", "fillingDate": "2020-02-26", "acceptedDate": "2020-02-25 18:07:04", "calendarYear": "2019", "period": "FY", "revenue": 502363000, "costOfRevenue": 183599000, "grossProfit": 318764000, "grossProfitRatio": 0.6345292149, "researchAndDevelopmentExpenses": 114443000, "generalAndAdministrativeExpenses": 69959000, "sellingAndMarketingExpenses": 61815000, "sellingGeneralAndAdministrativeExpenses": 131774000, "otherExpenses": 22134000, "operatingExpenses": 268351000, "costAndExpenses": 451950000, "interestIncome": 4922000, "interestExpense": 2974000, "depreciationAndAmortization": 41891000, "ebitda": 92304000, "ebitdaratio": 0.1837396464, "operatingIncome": 50413000, "operatingIncomeRatio": 0.1003517377, "totalOtherIncomeExpensesNet": 8483000, "incomeBeforeTax": 58896000, "incomeBeforeTaxRatio": 0.1172379335, "incomeTaxExpense": 5566000, "netIncome": 53531000, "netIncomeRatio": 0.106558405, "eps": 1.11, "epsdiluted": 1.06, "weightedAverageShsOut": 48427446, "weightedAverageShsOutDil": 50273889, "link": "https://www.sec.gov/Archives/edgar/data/1459200/000145920020000005/0001459200-20-000005-index.htm", "finalLink": "https://www.sec.gov/Archives/edgar/data/1459200/000145920020000005/alarmcom10-kdecember31.htm", "calculatedOtherExpenses": 22134000, "calculatedOperatingExpenses": 268351000, "calculatedNetInterest": 1948000, "calculatedOtherIncome": 6535000, "calculatedIncomeNonControlling": -201000, "calculatedEbitda": 92304000}, {"date": "2018-12-31", "symbol": "ALRM", "reportedCurrency": "USD", "cik": "0001459200", "fillingDate": "2019-03-01", "acceptedDate": "2019-03-01 16:13:43", "calendarYear": "2018", "period": "FY", "revenue": 420494000, "costOfRevenue": 145715000, "grossProfit": 274779000, "grossProfitRatio": 0.6534671125, "researchAndDevelopmentExpenses": 89204000, "generalAndAdministrativeExpenses": 95750000, "sellingAndMarketingExpenses": 55902000, "sellingGeneralAndAdministrativeExpenses": 151652000, "otherExpenses": 2415000, "operatingExpenses": 262577000, "costAndExpenses": 408292000, "interestIncome": 0, "interestExpense": 2918000, "depreciationAndAmortization": 22621000, "ebitda": 37238000, "ebitdaratio": 0.088557744, "operatingIncome": 12202000, "operatingIncomeRatio": 0.02901825, "totalOtherIncomeExpensesNet": 2415000, "incomeBeforeTax": 11699000, "incomeBeforeTaxRatio": 0.0278220379, "incomeTaxExpense": -9825000, "netIncome": 21524000, "netIncomeRatio": 0.0511874129, "eps": 0.45, "epsdiluted": 0.43, "weightedAverageShsOut": 47633739, "weightedAverageShsOutDil": 49692184, "link": "https://www.sec.gov/Archives/edgar/data/1459200/000145920019000007/0001459200-19-000007-index.htm", "finalLink": "https://www.sec.gov/Archives/edgar/data/1459200/000145920019000007/alarmcom10-kdecember312018.htm", "calculatedOtherExpenses": 21721000, "calculatedOperatingExpenses": 262577000, "calculatedNetInterest": -2918000, "calculatedOtherIncome": 2415000, "calculatedIncomeNonControlling": 0, "calculatedEbitda": 34823000}, {"date": "2017-12-31", "symbol": "ALRM", "reportedCurrency": "USD", "cik": "0001459200", "fillingDate": "2018-02-28", "acceptedDate": "2018-02-27 18:51:28", "calendarYear": "2017", "period": "FY", "revenue": 338937000, "costOfRevenue": 116188000, "grossProfit": 222749000, "grossProfitRatio": 0.6571988305, "researchAndDevelopmentExpenses": 72755000, "generalAndAdministrativeExpenses": 55396000, "sellingAndMarketingExpenses": 43490000, "sellingGeneralAndAdministrativeExpenses": 98886000, "otherExpenses": 1066000, "operatingExpenses": 189375000, "costAndExpenses": 305563000, "interestIncome": 0, "interestExpense": 2199000, "depreciationAndAmortization": 18699000, "ebitda": 53139000, "ebitdaratio": 0.1567813487, "operatingIncome": 33374000, "operatingIncomeRatio": 0.0984666767, "totalOtherIncomeExpensesNet": 1066000, "incomeBeforeTax": 32241000, "incomeBeforeTaxRatio": 0.0951238726, "incomeTaxExpense": 2990000, "netIncome": 29251000, "netIncomeRatio": 0.0863021742, "eps": 0.63, "epsdiluted": 0.59, "weightedAverageShsOut": 46682141, "weightedAverageShsOutDil": 49153948, "link": "https://www.sec.gov/Archives/edgar/data/1459200/000145920018000013/0001459200-18-000013-index.htm", "finalLink": "https://www.sec.gov/Archives/edgar/data/1459200/000145920018000013/alarmcom10-kdecember312017.htm", "calculatedOtherExpenses": 17734000, "calculatedOperatingExpenses": 189375000, "calculatedNetInterest": -2199000, "calculatedOtherIncome": 1066000, "calculatedIncomeNonControlling": 0, "calculatedEbitda": 52073000}, {"date": "2016-12-31", "symbol": "ALRM", "reportedCurrency": "USD", "cik": "0001459200", "fillingDate": "2017-03-16", "acceptedDate": "2017-03-15 18:50:44", "calendarYear": "2016", "period": "FY", "revenue": 261106000, "costOfRevenue": 99380000, "grossProfit": 161726000, "grossProfitRatio": 0.6193882944, "researchAndDevelopmentExpenses": 44272000, "generalAndAdministrativeExpenses": 57926000, "sellingAndMarketingExpenses": 38980000, "sellingGeneralAndAdministrativeExpenses": 96906000, "otherExpenses": 513000, "operatingExpenses": 147668000, "costAndExpenses": 247048000, "interestIncome": 0, "interestExpense": 190000, "depreciationAndAmortization": 7276000, "ebitda": 21847000, "ebitdaratio": 0.0836709995, "operatingIncome": 14058000, "operatingIncomeRatio": 0.0538402028, "totalOtherIncomeExpensesNet": 513000, "incomeBeforeTax": 14381000, "incomeBeforeTaxRatio": 0.0550772483, "incomeTaxExpense": 4227000, "netIncome": 10154000, "netIncomeRatio": 0.0388884208, "eps": 0.22, "epsdiluted": 0.21, "weightedAverageShsOut": 45716757, "weightedAverageShsOutDil": 47875522, "link": "https://www.sec.gov/Archives/edgar/data/1459200/000145920017000007/0001459200-17-000007-index.htm", "finalLink": "https://www.sec.gov/Archives/edgar/data/1459200/000145920017000007/alarmcom10-kdecember312016.htm", "calculatedOtherExpenses": 6490000, "calculatedOperatingExpenses": 147668000, "calculatedNetInterest": -190000, "calculatedOtherIncome": 513000, "calculatedIncomeNonControlling": 0, "calculatedEbitda": 21334000}, {"date": "2015-12-31", "symbol": "ALRM", "reportedCurrency": "USD", "cik": "0001459200", "fillingDate": "2016-02-29", "acceptedDate": "2016-02-29 17:07:32", "calendarYear": "2015", "period": "FY", "revenue": 208888000, "costOfRevenue": 77374000, "grossProfit": 131514000, "grossProfitRatio": 0.629590977, "researchAndDevelopmentExpenses": 40002000, "generalAndAdministrativeExpenses": 35473000, "sellingAndMarketingExpenses": 32240000, "sellingGeneralAndAdministrativeExpenses": 67713000, "otherExpenses": -348000, "operatingExpenses": 113523000, "costAndExpenses": 190897000, "interestIncome": 0, "interestExpense": 178000, "depreciationAndAmortization": 6199000, "ebitda": 23842000, "ebitdaratio": 0.1141377197, "operatingIncome": 17991000, "operatingIncomeRatio": 0.0861274942, "totalOtherIncomeExpensesNet": -348000, "incomeBeforeTax": 17465000, "incomeBeforeTaxRatio": 0.0836093983, "incomeTaxExpense": 5697000, "netIncome": 11768000, "netIncomeRatio": 0.0563364099, "eps": -0.3, "epsdiluted": -0.3, "weightedAverageShsOut": 24063333, "weightedAverageShsOutDil": 24108362, "link": "https://www.sec.gov/Archives/edgar/data/1459200/000145920016000024/0001459200-16-000024-index.htm", "finalLink": "https://www.sec.gov/Archives/edgar/data/1459200/000145920016000024/alarmcom10-k2015dec312015.htm", "calculatedOtherExpenses": 5808000, "calculatedOperatingExpenses": 113523000, "calculatedNetInterest": -178000, "calculatedOtherIncome": -348000, "calculatedIncomeNonControlling": 0, "calculatedEbitda": 24190000}, {"date": "2014-12-31", "symbol": "ALRM", "reportedCurrency": "USD", "cik": "0001459200", "fillingDate": "2014-12-31", "acceptedDate": "2014-12-30 19:00:00", "calendarYear": "2014", "period": "FY", "revenue": 167312000, "costOfRevenue": 67179000, "grossProfit": 100133000, "grossProfitRatio": 0.5984806828, "researchAndDevelopmentExpenses": 23193000, "generalAndAdministrativeExpenses": 26113000, "sellingAndMarketingExpenses": 25836000, "sellingGeneralAndAdministrativeExpenses": 51949000, "otherExpenses": -485000, "operatingExpenses": 79133000, "costAndExpenses": 146312000, "interestIncome": 0, "interestExpense": 196000, "depreciationAndAmortization": 4192000, "ebitda": 24707000, "ebitdaratio": 0.1476702209, "operatingIncome": 21000000, "operatingIncomeRatio": 0.1255140098, "totalOtherIncomeExpensesNet": -485000, "incomeBeforeTax": 20319000, "incomeBeforeTaxRatio": 0.1214437697, "incomeTaxExpense": 6817000, "netIncome": 13502000, "netIncomeRatio": 0.0806995314, "eps": 0.0147, "epsdiluted": 0.0142, "weightedAverageShsOut": 38206840, "weightedAverageShsOutDil": 39742814, "link": "", "finalLink": "", "calculatedOtherExpenses": 3991000, "calculatedOperatingExpenses": 79133000, "calculatedNetInterest": -196000, "calculatedOtherIncome": -485000, "calculatedIncomeNonControlling": 0, "calculatedEbitda": 25192000}, {"date": "2013-12-31", "symbol": "ALRM", "reportedCurrency": "USD", "cik": "0001459200", "fillingDate": "2013-12-31", "acceptedDate": "2013-12-30 19:00:00", "calendarYear": "2013", "period": "FY", "revenue": 130222000, "costOfRevenue": 54958000, "grossProfit": 75264000, "grossProfitRatio": 0.5779668566, "researchAndDevelopmentExpenses": 13085000, "generalAndAdministrativeExpenses": 29928000, "sellingAndMarketingExpenses": 21467000, "sellingGeneralAndAdministrativeExpenses": 51395000, "otherExpenses": 57000, "operatingExpenses": 67840000, "costAndExpenses": 122798000, "interestIncome": 0, "interestExpense": 269000, "depreciationAndAmortization": 3561000, "ebitda": 11042000, "ebitdaratio": 0.0847936601, "operatingIncome": 7424000, "operatingIncomeRatio": 0.0570103362, "totalOtherIncomeExpensesNet": 57000, "incomeBeforeTax": 7212000, "incomeBeforeTaxRatio": 0.0553823471, "incomeTaxExpense": 2688000, "netIncome": 4524000, "netIncomeRatio": 0.0347406736, "eps": 0.0032, "epsdiluted": 0.0031, "weightedAverageShsOut": 38206840, "weightedAverageShsOutDil": 39742814, "link": "", "finalLink": "", "calculatedOtherExpenses": 3360000, "calculatedOperatingExpenses": 67840000, "calculatedNetInterest": -269000, "calculatedOtherIncome": 57000, "calculatedIncomeNonControlling": 0, "calculatedEbitda": 10985000}, {"date": "2012-12-31", "symbol": "ALRM", "reportedCurrency": "USD", "cik": "0001459200", "fillingDate": "2012-12-31", "acceptedDate": "2012-12-30 19:00:00", "calendarYear": "2012", "period": "FY", "revenue": 96475000, "costOfRevenue": 41454000, "grossProfit": 55021000, "grossProfitRatio": 0.5703135527, "researchAndDevelopmentExpenses": 8944000, "generalAndAdministrativeExpenses": 14099000, "sellingAndMarketingExpenses": 13232000, "sellingGeneralAndAdministrativeExpenses": 27331000, "otherExpenses": 5000, "operatingExpenses": 38505000, "costAndExpenses": 79959000, "interestIncome": 0, "interestExpense": 312000, "depreciationAndAmortization": 2432000, "ebitda": 18953000, "ebitdaratio": 0.1964550402, "operatingIncome": 16516000, "operatingIncomeRatio": 0.17119461, "totalOtherIncomeExpensesNet": 5000, "incomeBeforeTax": 16209000, "incomeBeforeTaxRatio": 0.1680124385, "incomeTaxExpense": 7280000, "netIncome": 8929000, "netIncomeRatio": 0.0925524747, "eps": -3.66, "epsdiluted": -3.66, "weightedAverageShsOut": 38206840, "weightedAverageShsOutDil": 39742814, "link": "", "finalLink": "", "calculatedOtherExpenses": 2230000, "calculatedOperatingExpenses": 38505000, "calculatedNetInterest": -312000, "calculatedOtherIncome": 5000, "calculatedIncomeNonControlling": 0, "calculatedEbitda": 18948000}]}