{"originalCurrency": "USD", "convertedCurrency": "USD", "report": [{"date": "2023-12-31", "symbol": "ALSN", "reportedCurrency": "USD", "cik": "0001411207", "fillingDate": "2024-02-14", "acceptedDate": "2024-02-14 16:02:24", "calendarYear": "2023", "period": "FY", "revenue": 3035000000, "costOfRevenue": 1610000000, "grossProfit": 1425000000, "grossProfitRatio": 0.4695222405, "researchAndDevelopmentExpenses": 194000000, "generalAndAdministrativeExpenses": 0, "sellingAndMarketingExpenses": 0, "sellingGeneralAndAdministrativeExpenses": 312000000, "otherExpenses": 0, "operatingExpenses": 506000000, "costAndExpenses": 2116000000, "interestIncome": 0, "interestExpense": 119000000, "depreciationAndAmortization": 154000000, "ebitda": 1073000000, "ebitdaratio": 0.3535420099, "operatingIncome": 919000000, "operatingIncomeRatio": 0.302800659, "totalOtherIncomeExpensesNet": -92000000, "incomeBeforeTax": 827000000, "incomeBeforeTaxRatio": 0.2724876442, "incomeTaxExpense": 154000000, "netIncome": 673000000, "netIncomeRatio": 0.2217462932, "eps": 7.48, "epsdiluted": 7.4, "weightedAverageShsOut": 90000000, "weightedAverageShsOutDil": 91000000, "link": "https://www.sec.gov/Archives/edgar/data/1411207/000095017024015192/0000950170-24-015192-index.htm", "finalLink": "https://www.sec.gov/Archives/edgar/data/1411207/000095017024015192/alsn-20231231.htm", "calculatedOtherExpenses": 0, "calculatedOperatingExpenses": 506000000, "calculatedNetInterest": -119000000, "calculatedOtherIncome": 27000000, "calculatedIncomeNonControlling": 0, "calculatedEbitda": 1073000000}, {"date": "2022-12-31", "symbol": "ALSN", "reportedCurrency": "USD", "cik": "0001411207", "fillingDate": "2023-02-16", "acceptedDate": "2023-02-16 08:52:26", "calendarYear": "2022", "period": "FY", "revenue": 2769000000, "costOfRevenue": 1472000000, "grossProfit": 1297000000, "grossProfitRatio": 0.4684001445, "researchAndDevelopmentExpenses": 185000000, "generalAndAdministrativeExpenses": 0, "sellingAndMarketingExpenses": 0, "sellingGeneralAndAdministrativeExpenses": 328000000, "otherExpenses": -21000000, "operatingExpenses": 513000000, "costAndExpenses": 1985000000, "interestIncome": 118000000, "interestExpense": 118000000, "depreciationAndAmortization": 155000000, "ebitda": 763000000, "ebitdaratio": 0.2755507403, "operatingIncome": 608000000, "operatingIncomeRatio": 0.2195738534, "totalOtherIncomeExpensesNet": 37000000, "incomeBeforeTax": 645000000, "incomeBeforeTaxRatio": 0.232936078, "incomeTaxExpense": 114000000, "netIncome": 531000000, "netIncomeRatio": 0.1917659805, "eps": 5.53, "epsdiluted": 5.53, "weightedAverageShsOut": 96000000, "weightedAverageShsOutDil": 96000000, "link": "https://www.sec.gov/Archives/edgar/data/1411207/000095017023002967/0000950170-23-002967-index.htm", "finalLink": "https://www.sec.gov/Archives/edgar/data/1411207/000095017023002967/alsn-20221231.htm", "calculatedOtherExpenses": 176000000, "calculatedOperatingExpenses": 689000000, "calculatedNetInterest": 0, "calculatedOtherIncome": 37000000, "calculatedIncomeNonControlling": 0, "calculatedEbitda": 763000000}, {"date": "2021-12-31", "symbol": "ALSN", "reportedCurrency": "USD", "cik": "0001411207", "fillingDate": "2022-02-17", "acceptedDate": "2022-02-17 16:26:54", "calendarYear": "2021", "period": "FY", "revenue": 2402000000, "costOfRevenue": 1257000000, "grossProfit": 1145000000, "grossProfitRatio": 0.4766860949, "researchAndDevelopmentExpenses": 171000000, "generalAndAdministrativeExpenses": 0, "sellingAndMarketingExpenses": 0, "sellingGeneralAndAdministrativeExpenses": 305000000, "otherExpenses": 19000000, "operatingExpenses": 476000000, "costAndExpenses": 1733000000, "interestIncome": 116000000, "interestExpense": 116000000, "depreciationAndAmortization": 19000000, "ebitda": 688000000, "ebitdaratio": 0.2864279767, "operatingIncome": 669000000, "operatingIncomeRatio": 0.2785179017, "totalOtherIncomeExpensesNet": -97000000, "incomeBeforeTax": 572000000, "incomeBeforeTaxRatio": 0.2381348876, "incomeTaxExpense": 130000000, "netIncome": 442000000, "netIncomeRatio": 0.1840133222, "eps": 4.13, "epsdiluted": 4.13, "weightedAverageShsOut": 107000000, "weightedAverageShsOutDil": 107000000, "link": "https://www.sec.gov/Archives/edgar/data/1411207/000095017022001427/0000950170-22-001427-index.htm", "finalLink": "https://www.sec.gov/Archives/edgar/data/1411207/000095017022001427/alsn-20211231.htm", "calculatedOtherExpenses": 0, "calculatedOperatingExpenses": 476000000, "calculatedNetInterest": 0, "calculatedOtherIncome": -97000000, "calculatedIncomeNonControlling": 0, "calculatedEbitda": 688000000}, {"date": "2020-12-31", "symbol": "ALSN", "reportedCurrency": "USD", "cik": "0001411207", "fillingDate": "2021-02-18", "acceptedDate": "2021-02-18 17:29:36", "calendarYear": "2020", "period": "FY", "revenue": 2081000000, "costOfRevenue": 1083000000, "grossProfit": 998000000, "grossProfitRatio": 0.4795771264, "researchAndDevelopmentExpenses": 147000000, "generalAndAdministrativeExpenses": 0, "sellingAndMarketingExpenses": 0, "sellingGeneralAndAdministrativeExpenses": 317000000, "otherExpenses": -4000000, "operatingExpenses": 464000000, "costAndExpenses": 1547000000, "interestIncome": 137000000, "interestExpense": 137000000, "depreciationAndAmortization": 148000000, "ebitda": 530000000, "ebitdaratio": 0.2546852475, "operatingIncome": 382000000, "operatingIncomeRatio": 0.1835655935, "totalOtherIncomeExpensesNet": 11000000, "incomeBeforeTax": 393000000, "incomeBeforeTaxRatio": 0.1888515137, "incomeTaxExpense": 94000000, "netIncome": 299000000, "netIncomeRatio": 0.1436809226, "eps": 2.62, "epsdiluted": 2.62, "weightedAverageShsOut": 114000000, "weightedAverageShsOutDil": 114000000, "link": "https://www.sec.gov/Archives/edgar/data/1411207/000156459021006709/0001564590-21-006709-index.htm", "finalLink": "https://www.sec.gov/Archives/edgar/data/1411207/000156459021006709/alsn-10k_20201231.htm", "calculatedOtherExpenses": 152000000, "calculatedOperatingExpenses": 616000000, "calculatedNetInterest": 0, "calculatedOtherIncome": 11000000, "calculatedIncomeNonControlling": 0, "calculatedEbitda": 530000000}, {"date": "2019-12-31", "symbol": "ALSN", "reportedCurrency": "USD", "cik": "0001411207", "fillingDate": "2020-02-27", "acceptedDate": "2020-02-27 16:05:03", "calendarYear": "2019", "period": "FY", "revenue": 2698000000, "costOfRevenue": 1304000000, "grossProfit": 1394000000, "grossProfitRatio": 0.5166790215, "researchAndDevelopmentExpenses": 154000000, "generalAndAdministrativeExpenses": 0, "sellingAndMarketingExpenses": 0, "sellingGeneralAndAdministrativeExpenses": 354000000, "otherExpenses": -8000000, "operatingExpenses": 500000000, "costAndExpenses": 1804000000, "interestIncome": 134000000, "interestExpense": 134000000, "depreciationAndAmortization": 12000000, "ebitda": 904000000, "ebitdaratio": 0.3350630096, "operatingIncome": 892000000, "operatingIncomeRatio": 0.3306152706, "totalOtherIncomeExpensesNet": -124000000, "incomeBeforeTax": 768000000, "incomeBeforeTaxRatio": 0.2846553002, "incomeTaxExpense": 164000000, "netIncome": 604000000, "netIncomeRatio": 0.223869533, "eps": 4.95, "epsdiluted": 4.91, "weightedAverageShsOut": 122000000, "weightedAverageShsOutDil": 123000000, "link": "https://www.sec.gov/Archives/edgar/data/1411207/000156459020007355/0001564590-20-007355-index.htm", "finalLink": "https://www.sec.gov/Archives/edgar/data/1411207/000156459020007355/alsn-10k_20191231.htm", "calculatedOtherExpenses": -6000000, "calculatedOperatingExpenses": 502000000, "calculatedNetInterest": 0, "calculatedOtherIncome": -124000000, "calculatedIncomeNonControlling": 0, "calculatedEbitda": 904000000}, {"date": "2018-12-31", "symbol": "ALSN", "reportedCurrency": "USD", "cik": "0001411207", "fillingDate": "2019-02-26", "acceptedDate": "2019-02-26 16:28:52", "calendarYear": "2018", "period": "FY", "revenue": 2713000000, "costOfRevenue": 1291000000, "grossProfit": 1422000000, "grossProfitRatio": 0.5241430151, "researchAndDevelopmentExpenses": 131000000, "generalAndAdministrativeExpenses": 0, "sellingAndMarketingExpenses": 0, "sellingGeneralAndAdministrativeExpenses": 364000000, "otherExpenses": 3000000, "operatingExpenses": 495000000, "costAndExpenses": 1786000000, "interestIncome": 0, "interestExpense": 121000000, "depreciationAndAmortization": 7000000, "ebitda": 930000000, "ebitdaratio": 0.342793955, "operatingIncome": 923000000, "operatingIncomeRatio": 0.3402137855, "totalOtherIncomeExpensesNet": -118000000, "incomeBeforeTax": 805000000, "incomeBeforeTaxRatio": 0.2967194987, "incomeTaxExpense": 166000000, "netIncome": 639000000, "netIncomeRatio": 0.2355326207, "eps": 4.81, "epsdiluted": 4.78, "weightedAverageShsOut": 132848233, "weightedAverageShsOutDil": 133682008, "link": "https://www.sec.gov/Archives/edgar/data/1411207/000141120719000050/0001411207-19-000050-index.htm", "finalLink": "https://www.sec.gov/Archives/edgar/data/1411207/000141120719000050/alsn-q410xk.htm", "calculatedOtherExpenses": 4000000, "calculatedOperatingExpenses": 499000000, "calculatedNetInterest": -121000000, "calculatedOtherIncome": 3000000, "calculatedIncomeNonControlling": 0, "calculatedEbitda": 930000000}, {"date": "2017-12-31", "symbol": "ALSN", "reportedCurrency": "USD", "cik": "0001411207", "fillingDate": "2018-02-15", "acceptedDate": "2018-02-15 16:07:30", "calendarYear": "2017", "period": "FY", "revenue": 2262000000, "costOfRevenue": 1131000000, "grossProfit": 1131000000, "grossProfitRatio": 0.5, "researchAndDevelopmentExpenses": 105000000, "generalAndAdministrativeExpenses": 342000000, "sellingAndMarketingExpenses": 0, "sellingGeneralAndAdministrativeExpenses": 342000000, "otherExpenses": -22000000, "operatingExpenses": 447000000, "costAndExpenses": 1578000000, "interestIncome": 0, "interestExpense": 103000000, "depreciationAndAmortization": 170000000, "ebitda": 662000000, "ebitdaratio": 0.2926613616, "operatingIncome": 652000000, "operatingIncomeRatio": 0.2882404951, "totalOtherIncomeExpensesNet": -54000000, "incomeBeforeTax": 527000000, "incomeBeforeTaxRatio": 0.232979664, "incomeTaxExpense": 23000000, "netIncome": 504000000, "netIncomeRatio": 0.2228116711, "eps": 3.38, "epsdiluted": 3.36, "weightedAverageShsOut": 149112426, "weightedAverageShsOutDil": 150000000, "link": "https://www.sec.gov/Archives/edgar/data/1411207/000119312518047233/0001193125-18-047233-index.htm", "finalLink": "https://www.sec.gov/Archives/edgar/data/1411207/000119312518047233/d503860d10k.htm", "calculatedOtherExpenses": 32000000, "calculatedOperatingExpenses": 479000000, "calculatedNetInterest": -103000000, "calculatedOtherIncome": -22000000, "calculatedIncomeNonControlling": 0, "calculatedEbitda": 822000000}, {"date": "2016-12-31", "symbol": "ALSN", "reportedCurrency": "USD", "cik": "0001411207", "fillingDate": "2017-02-24", "acceptedDate": "2017-02-24 14:43:33", "calendarYear": "2016", "period": "FY", "revenue": 1840200000, "costOfRevenue": 976000000, "grossProfit": 864200000, "grossProfitRatio": 0.4696228671, "researchAndDevelopmentExpenses": 88800000, "generalAndAdministrativeExpenses": 323900000, "sellingAndMarketingExpenses": 0, "sellingGeneralAndAdministrativeExpenses": 323900000, "otherExpenses": 2400000, "operatingExpenses": 412700000, "costAndExpenses": 1388700000, "interestIncome": 700000, "interestExpense": 100900000, "depreciationAndAmortization": 175900000, "ebitda": 442200000, "ebitdaratio": 0.2402999674, "operatingIncome": 451500000, "operatingIncomeRatio": 0.2453537659, "totalOtherIncomeExpensesNet": 2400000, "incomeBeforeTax": 341300000, "incomeBeforeTaxRatio": 0.1854689708, "incomeTaxExpense": 126400000, "netIncome": 214900000, "netIncomeRatio": 0.1167807847, "eps": 1.28, "epsdiluted": 1.27, "weightedAverageShsOut": 167890625, "weightedAverageShsOutDil": 169212598, "link": "https://www.sec.gov/Archives/edgar/data/1411207/000119312517056079/0001193125-17-056079-index.htm", "finalLink": "https://www.sec.gov/Archives/edgar/data/1411207/000119312517056079/d290286d10k.htm", "calculatedOtherExpenses": 0, "calculatedOperatingExpenses": 412700000, "calculatedNetInterest": -100200000, "calculatedOtherIncome": -10000000, "calculatedIncomeNonControlling": 0, "calculatedEbitda": 627400000}, {"date": "2015-12-31", "symbol": "ALSN", "reportedCurrency": "USD", "cik": "0001411207", "fillingDate": "2016-02-19", "acceptedDate": "2016-02-19 08:49:04", "calendarYear": "2015", "period": "FY", "revenue": 1985800000, "costOfRevenue": 1052000000, "grossProfit": 933800000, "grossProfitRatio": 0.4702386947, "researchAndDevelopmentExpenses": 92500000, "generalAndAdministrativeExpenses": 317100000, "sellingAndMarketingExpenses": 0, "sellingGeneralAndAdministrativeExpenses": 317100000, "otherExpenses": -300000, "operatingExpenses": 423600000, "costAndExpenses": 1475600000, "interestIncome": 700000, "interestExpense": 139800000, "depreciationAndAmortization": 185400000, "ebitda": 509900000, "ebitdaratio": 0.2567730889, "operatingIncome": 428900000, "operatingIncomeRatio": 0.2159834827, "totalOtherIncomeExpensesNet": -81600000, "incomeBeforeTax": 288800000, "incomeBeforeTaxRatio": 0.1454325713, "incomeTaxExpense": 106500000, "netIncome": 182300000, "netIncomeRatio": 0.0918017927, "eps": 1.03, "epsdiluted": 1.03, "weightedAverageShsOut": 175900000, "weightedAverageShsOutDil": 176990291, "link": "https://www.sec.gov/Archives/edgar/data/1411207/000119312516469168/0001193125-16-469168-index.htm", "finalLink": "https://www.sec.gov/Archives/edgar/data/1411207/000119312516469168/d107528d10k.htm", "calculatedOtherExpenses": 95300000, "calculatedOperatingExpenses": 504900000, "calculatedNetInterest": -139100000, "calculatedOtherIncome": -1000000, "calculatedIncomeNonControlling": 0, "calculatedEbitda": 614300000}, {"date": "2014-12-31", "symbol": "ALSN", "reportedCurrency": "USD", "cik": "0001411207", "fillingDate": "2015-02-20", "acceptedDate": "2015-02-20 08:07:13", "calendarYear": "2014", "period": "FY", "revenue": 2127400000, "costOfRevenue": 1151500000, "grossProfit": 975900000, "grossProfitRatio": 0.4587289649, "researchAndDevelopmentExpenses": 103800000, "generalAndAdministrativeExpenses": 344600000, "sellingAndMarketingExpenses": 0, "sellingGeneralAndAdministrativeExpenses": 344600000, "otherExpenses": -5600000, "operatingExpenses": 448400000, "costAndExpenses": 1599900000, "interestIncome": 900000, "interestExpense": 138400000, "depreciationAndAmortization": 192600000, "ebitda": 521900000, "ebitdaratio": 0.2453229294, "operatingIncome": 512100000, "operatingIncomeRatio": 0.2407163674, "totalOtherIncomeExpensesNet": -21000000, "incomeBeforeTax": 368100000, "incomeBeforeTaxRatio": 0.1730281094, "incomeTaxExpense": 139500000, "netIncome": 228600000, "netIncomeRatio": 0.1074551095, "eps": 1.27, "epsdiluted": 1.25, "weightedAverageShsOut": 180000000, "weightedAverageShsOutDil": 182880000, "link": "https://www.sec.gov/Archives/edgar/data/1411207/000119312515055034/0001193125-15-055034-index.htm", "finalLink": "https://www.sec.gov/Archives/edgar/data/1411207/000119312515055034/d825977d10k.htm", "calculatedOtherExpenses": 15400000, "calculatedOperatingExpenses": 463800000, "calculatedNetInterest": -137500000, "calculatedOtherIncome": -6500000, "calculatedIncomeNonControlling": 0, "calculatedEbitda": 704700000}, {"date": "2013-12-31", "symbol": "ALSN", "reportedCurrency": "USD", "cik": "0001411207", "fillingDate": "2014-02-24", "acceptedDate": "2014-02-24 08:35:04", "calendarYear": "2013", "period": "FY", "revenue": 1926800000, "costOfRevenue": 1084900000, "grossProfit": 841900000, "grossProfitRatio": 0.4369420801, "researchAndDevelopmentExpenses": 97100000, "generalAndAdministrativeExpenses": 334900000, "sellingAndMarketingExpenses": 0, "sellingGeneralAndAdministrativeExpenses": 334900000, "otherExpenses": -10900000, "operatingExpenses": 432000000, "costAndExpenses": 1516900000, "interestIncome": 800000, "interestExpense": 132900000, "depreciationAndAmortization": 204000000, "ebitda": 399000000, "ebitdaratio": 0.2070790949, "operatingIncome": 409900000, "operatingIncomeRatio": 0.2127361428, "totalOtherIncomeExpensesNet": -10900000, "incomeBeforeTax": 266100000, "incomeBeforeTaxRatio": 0.1381046294, "incomeTaxExpense": 100700000, "netIncome": 165400000, "netIncomeRatio": 0.0858418103, "eps": 0.9, "epsdiluted": 0.88, "weightedAverageShsOut": 183777778, "weightedAverageShsOutDil": 187954545, "link": "https://www.sec.gov/Archives/edgar/data/1411207/000119312514063895/0001193125-14-063895-index.htm", "finalLink": "https://www.sec.gov/Archives/edgar/data/1411207/000119312514063895/d642995d10k.htm", "calculatedOtherExpenses": 0, "calculatedOperatingExpenses": 432000000, "calculatedNetInterest": -132100000, "calculatedOtherIncome": -11700000, "calculatedIncomeNonControlling": 0, "calculatedEbitda": 613900000}, {"date": "2012-12-31", "symbol": "ALSN", "reportedCurrency": "USD", "cik": "0001411207", "fillingDate": "2013-02-28", "acceptedDate": "2013-02-28 16:07:55", "calendarYear": "2012", "period": "FY", "revenue": 2141800000, "costOfRevenue": 1187500000, "grossProfit": 954300000, "grossProfitRatio": 0.4455598095, "researchAndDevelopmentExpenses": 115100000, "generalAndAdministrativeExpenses": 419000000, "sellingAndMarketingExpenses": 0, "sellingGeneralAndAdministrativeExpenses": 419000000, "otherExpenses": -52800000, "operatingExpenses": 534100000, "costAndExpenses": 1721600000, "interestIncome": 900000, "interestExpense": 151200000, "depreciationAndAmortization": 252500000, "ebitda": 367400000, "ebitdaratio": 0.1715379587, "operatingIncome": 420200000, "operatingIncomeRatio": 0.1961901205, "totalOtherIncomeExpensesNet": -52800000, "incomeBeforeTax": 216200000, "incomeBeforeTaxRatio": 0.1009431319, "incomeTaxExpense": -298000000, "netIncome": 514200000, "netIncomeRatio": 0.2400784387, "eps": 2.83, "epsdiluted": 2.76, "weightedAverageShsOut": 181696113, "weightedAverageShsOutDil": 186304348, "link": "https://www.sec.gov/Archives/edgar/data/1411207/000119312513084136/0001193125-13-084136-index.htm", "finalLink": "https://www.sec.gov/Archives/edgar/data/1411207/000119312513084136/d451267d10k.htm", "calculatedOtherExpenses": 0, "calculatedOperatingExpenses": 534100000, "calculatedNetInterest": -150300000, "calculatedOtherIncome": -53700000, "calculatedIncomeNonControlling": 0, "calculatedEbitda": 672700000}, {"date": "2011-12-31", "symbol": "ALSN", "reportedCurrency": "USD", "cik": "0001411207", "fillingDate": "2011-12-31", "acceptedDate": "2011-12-30 19:00:00", "calendarYear": "2011", "period": "FY", "revenue": 2162800000, "costOfRevenue": 1208300000, "grossProfit": 954500000, "grossProfitRatio": 0.4413260588, "researchAndDevelopmentExpenses": 116400000, "generalAndAdministrativeExpenses": 409100000, "sellingAndMarketingExpenses": 0, "sellingGeneralAndAdministrativeExpenses": 409100000, "otherExpenses": 0, "operatingExpenses": 525500000, "costAndExpenses": 1733800000, "interestIncome": 900000, "interestExpense": 218200000, "depreciationAndAmortization": 255700000, "ebitda": 685600000, "ebitdaratio": 0.316996486, "operatingIncome": 429000000, "operatingIncomeRatio": 0.1983539856, "totalOtherIncomeExpensesNet": -61100000, "incomeBeforeTax": 150600000, "incomeBeforeTaxRatio": 0.0696319586, "incomeTaxExpense": 47600000, "netIncome": 103000000, "netIncomeRatio": 0.0476234511, "eps": 0.57, "epsdiluted": 0.57, "weightedAverageShsOut": 181375783, "weightedAverageShsOutDil": 181375783, "link": "", "finalLink": "", "calculatedOtherExpenses": 0, "calculatedOperatingExpenses": 525500000, "calculatedNetInterest": -217300000, "calculatedOtherIncome": -61100000, "calculatedIncomeNonControlling": 0, "calculatedEbitda": 684700000}, {"date": "2010-12-31", "symbol": "ALSN", "reportedCurrency": "USD", "cik": "0001411207", "fillingDate": "2010-12-31", "acceptedDate": "2010-12-30 19:00:00", "calendarYear": "2010", "period": "FY", "revenue": 1926300000, "costOfRevenue": 1098100000, "grossProfit": 828200000, "grossProfitRatio": 0.4299434148, "researchAndDevelopmentExpenses": 101500000, "generalAndAdministrativeExpenses": 384900000, "sellingAndMarketingExpenses": 0, "sellingGeneralAndAdministrativeExpenses": 384900000, "otherExpenses": 800000, "operatingExpenses": 471000000, "costAndExpenses": 1569100000, "interestIncome": 3500000, "interestExpense": 281000000, "depreciationAndAmortization": 253800000, "ebitda": 615300000, "ebitdaratio": 0.319420651, "operatingIncome": 341800000, "operatingIncomeRatio": 0.1774386129, "totalOtherIncomeExpensesNet": 3600000, "incomeBeforeTax": 83300000, "incomeBeforeTaxRatio": 0.0432435239, "incomeTaxExpense": 53700000, "netIncome": 29600000, "netIncomeRatio": 0.0153662462, "eps": 0.16, "epsdiluted": 0.16, "weightedAverageShsOut": 181400000, "weightedAverageShsOutDil": 181400000, "link": "", "finalLink": "", "calculatedOtherExpenses": 0, "calculatedOperatingExpenses": 486400000, "calculatedNetInterest": -277500000, "calculatedOtherIncome": 19000000, "calculatedIncomeNonControlling": 0, "calculatedEbitda": 595600000}]}