{"originalCurrency": "USD", "convertedCurrency": "USD", "report": [{"date": "2023-12-31", "symbol": "ALTR", "reportedCurrency": "USD", "cik": "0001701732", "fillingDate": "2024-02-22", "acceptedDate": "2024-02-22 16:21:28", "calendarYear": "2023", "period": "FY", "revenue": 612701000, "costOfRevenue": 121791000, "grossProfit": 490910000, "grossProfitRatio": 0.8012227824, "researchAndDevelopmentExpenses": 212645000, "generalAndAdministrativeExpenses": 70887000, "sellingAndMarketingExpenses": 176138000, "sellingGeneralAndAdministrativeExpenses": 247025000, "otherExpenses": 0, "operatingExpenses": 490667000, "costAndExpenses": 612458000, "interestIncome": 16855000, "interestExpense": 6116000, "depreciationAndAmortization": 39124000, "ebitda": 56222000, "ebitdaratio": 0.0917609078, "operatingIncome": 243000, "operatingIncomeRatio": 0.0003966045, "totalOtherIncomeExpensesNet": 1637000, "incomeBeforeTax": 12619000, "incomeBeforeTaxRatio": 0.0205956902, "incomeTaxExpense": 21545000, "netIncome": -8926000, "netIncomeRatio": -0.0145682805, "eps": -0.11, "epsdiluted": -0.11, "weightedAverageShsOut": 80596000, "weightedAverageShsOutDil": 80596000, "link": "https://www.sec.gov/Archives/edgar/data/1701732/000095017024018804/0000950170-24-018804-index.htm", "finalLink": "https://www.sec.gov/Archives/edgar/data/1701732/000095017024018804/altr-20231231.htm", "calculatedOtherExpenses": 30997000, "calculatedOperatingExpenses": 490667000, "calculatedNetInterest": 10739000, "calculatedOtherIncome": 1637000, "calculatedIncomeNonControlling": 0, "calculatedEbitda": 39367000}, {"date": "2022-12-31", "symbol": "ALTR", "reportedCurrency": "USD", "cik": "0001701732", "fillingDate": "2023-02-24", "acceptedDate": "2023-02-24 10:47:03", "calendarYear": "2022", "period": "FY", "revenue": 572221000, "costOfRevenue": 122889000, "grossProfit": 449332000, "grossProfitRatio": 0.7852420656, "researchAndDevelopmentExpenses": 185863000, "generalAndAdministrativeExpenses": 97606000, "sellingAndMarketingExpenses": 155245000, "sellingGeneralAndAdministrativeExpenses": 252851000, "otherExpenses": 17555000, "operatingExpenses": 456269000, "costAndExpenses": 579158000, "interestIncome": 4127000, "interestExpense": 4377000, "depreciationAndAmortization": 35504000, "ebitda": 11668000, "ebitdaratio": 0.0203907232, "operatingIncome": -23836000, "operatingIncomeRatio": -0.0416552346, "totalOtherIncomeExpensesNet": -4377000, "incomeBeforeTax": -28213000, "incomeBeforeTaxRatio": -0.0493043772, "incomeTaxExpense": 15216000, "netIncome": -43429000, "netIncomeRatio": -0.0758955019, "eps": -0.55, "epsdiluted": -0.55, "weightedAverageShsOut": 79472000, "weightedAverageShsOutDil": 79472000, "link": "https://www.sec.gov/Archives/edgar/data/1701732/000095017023004281/0000950170-23-004281-index.htm", "finalLink": "https://www.sec.gov/Archives/edgar/data/1701732/000095017023004281/altr-20221231.htm", "calculatedOtherExpenses": 34454000, "calculatedOperatingExpenses": 473168000, "calculatedNetInterest": -250000, "calculatedOtherIncome": -4127000, "calculatedIncomeNonControlling": 0, "calculatedEbitda": 11668000}, {"date": "2021-12-31", "symbol": "ALTR", "reportedCurrency": "USD", "cik": "0001701732", "fillingDate": "2022-02-28", "acceptedDate": "2022-02-28 16:44:56", "calendarYear": "2021", "period": "FY", "revenue": 532179000, "costOfRevenue": 129666000, "grossProfit": 402513000, "grossProfitRatio": 0.7563488976, "researchAndDevelopmentExpenses": 151049000, "generalAndAdministrativeExpenses": 91500000, "sellingAndMarketingExpenses": 132750000, "sellingGeneralAndAdministrativeExpenses": 224250000, "otherExpenses": 14875000, "operatingExpenses": 390174000, "costAndExpenses": 519840000, "interestIncome": 541000, "interestExpense": 12065000, "depreciationAndAmortization": 25082000, "ebitda": 37421000, "ebitdaratio": 0.0703165664, "operatingIncome": 12339000, "operatingIncomeRatio": 0.0231858078, "totalOtherIncomeExpensesNet": -12627000, "incomeBeforeTax": -288000, "incomeBeforeTaxRatio": -0.0005411713, "incomeTaxExpense": 8506000, "netIncome": -8794000, "netIncomeRatio": -0.0165245152, "eps": -0.12, "epsdiluted": -0.12, "weightedAverageShsOut": 76179000, "weightedAverageShsOutDil": 76179000, "link": "https://www.sec.gov/Archives/edgar/data/1701732/000156459022007651/0001564590-22-007651-index.htm", "finalLink": "https://www.sec.gov/Archives/edgar/data/1701732/000156459022007651/altr-10k_20211231.htm", "calculatedOtherExpenses": 14875000, "calculatedOperatingExpenses": 390174000, "calculatedNetInterest": -11524000, "calculatedOtherIncome": -1103000, "calculatedIncomeNonControlling": 0, "calculatedEbitda": 37421000}, {"date": "2020-12-31", "symbol": "ALTR", "reportedCurrency": "USD", "cik": "0001701732", "fillingDate": "2021-02-26", "acceptedDate": "2021-02-26 16:12:14", "calendarYear": "2020", "period": "FY", "revenue": 469921000, "costOfRevenue": 121305000, "grossProfit": 348616000, "grossProfitRatio": 0.741860866, "researchAndDevelopmentExpenses": 126081000, "generalAndAdministrativeExpenses": 86432000, "sellingAndMarketingExpenses": 111440000, "sellingGeneralAndAdministrativeExpenses": 197872000, "otherExpenses": 12950000, "operatingExpenses": 336903000, "costAndExpenses": 458208000, "interestIncome": 10468000, "interestExpense": 11598000, "depreciationAndAmortization": 25723000, "ebitda": 37436000, "ebitdaratio": 0.0796644542, "operatingIncome": 11713000, "operatingIncomeRatio": 0.0249254662, "totalOtherIncomeExpensesNet": -9681000, "incomeBeforeTax": 2032000, "incomeBeforeTaxRatio": 0.0043241311, "incomeTaxExpense": 12532000, "netIncome": -10500000, "netIncomeRatio": -0.0223441813, "eps": -0.14, "epsdiluted": -0.14, "weightedAverageShsOut": 73241000, "weightedAverageShsOutDil": 73241000, "link": "https://www.sec.gov/Archives/edgar/data/1701732/000156459021009427/0001564590-21-009427-index.htm", "finalLink": "https://www.sec.gov/Archives/edgar/data/1701732/000156459021009427/altr-10k_20201231.htm", "calculatedOtherExpenses": 12950000, "calculatedOperatingExpenses": 336903000, "calculatedNetInterest": -1130000, "calculatedOtherIncome": -8551000, "calculatedIncomeNonControlling": 0, "calculatedEbitda": 37436000}, {"date": "2019-12-31", "symbol": "ALTR", "reportedCurrency": "USD", "cik": "0001701732", "fillingDate": "2020-03-02", "acceptedDate": "2020-03-02 13:15:25", "calendarYear": "2019", "period": "FY", "revenue": 458915000, "costOfRevenue": 132599000, "grossProfit": 326316000, "grossProfitRatio": 0.7110597823, "researchAndDevelopmentExpenses": 117510000, "generalAndAdministrativeExpenses": 82178000, "sellingAndMarketingExpenses": 106051000, "sellingGeneralAndAdministrativeExpenses": 188229000, "otherExpenses": 12370000, "operatingExpenses": 318109000, "costAndExpenses": 450708000, "interestIncome": 4074000, "interestExpense": 6371000, "depreciationAndAmortization": 23074000, "ebitda": 31281000, "ebitdaratio": 0.0681629496, "operatingIncome": 8207000, "operatingIncomeRatio": 0.017883486, "totalOtherIncomeExpensesNet": -4819000, "incomeBeforeTax": 3388000, "incomeBeforeTaxRatio": 0.0073826308, "incomeTaxExpense": 10930000, "netIncome": -7542000, "netIncomeRatio": -0.016434416, "eps": -0.11, "epsdiluted": -0.11, "weightedAverageShsOut": 71544000, "weightedAverageShsOutDil": 71544000, "link": "https://www.sec.gov/Archives/edgar/data/1701732/000156459020008059/0001564590-20-008059-index.htm", "finalLink": "https://www.sec.gov/Archives/edgar/data/1701732/000156459020008059/altr-10k_20191231.htm", "calculatedOtherExpenses": 12370000, "calculatedOperatingExpenses": 318109000, "calculatedNetInterest": -2297000, "calculatedOtherIncome": -2522000, "calculatedIncomeNonControlling": 0, "calculatedEbitda": 31281000}, {"date": "2018-12-31", "symbol": "ALTR", "reportedCurrency": "USD", "cik": "0001701732", "fillingDate": "2019-03-01", "acceptedDate": "2019-03-01 16:06:19", "calendarYear": "2018", "period": "FY", "revenue": 396379000, "costOfRevenue": 115973000, "grossProfit": 280406000, "grossProfitRatio": 0.7074189097, "researchAndDevelopmentExpenses": 97592000, "generalAndAdministrativeExpenses": 79751000, "sellingAndMarketingExpenses": 80277000, "sellingGeneralAndAdministrativeExpenses": 160028000, "otherExpenses": 2580000, "operatingExpenses": 255762000, "costAndExpenses": 371735000, "interestIncome": 0, "interestExpense": 200000, "depreciationAndAmortization": 14734000, "ebitda": 41958000, "ebitdaratio": 0.1058532364, "operatingIncome": 24644000, "operatingIncomeRatio": 0.0621728194, "totalOtherIncomeExpensesNet": 2580000, "incomeBeforeTax": 27024000, "incomeBeforeTaxRatio": 0.0681771739, "incomeTaxExpense": 13309000, "netIncome": 13715000, "netIncomeRatio": 0.034600723, "eps": 0.19, "epsdiluted": 0.18, "weightedAverageShsOut": 73976190, "weightedAverageShsOutDil": 74878000, "link": "https://www.sec.gov/Archives/edgar/data/1701732/000156459019005799/0001564590-19-005799-index.htm", "finalLink": "https://www.sec.gov/Archives/edgar/data/1701732/000156459019005799/altr-10k_20181231.htm", "calculatedOtherExpenses": -1858000, "calculatedOperatingExpenses": 255762000, "calculatedNetInterest": -200000, "calculatedOtherIncome": 2580000, "calculatedIncomeNonControlling": 0, "calculatedEbitda": 39378000}, {"date": "2017-12-31", "symbol": "ALTR", "reportedCurrency": "USD", "cik": "0001701732", "fillingDate": "2018-03-21", "acceptedDate": "2018-03-21 17:09:12", "calendarYear": "2017", "period": "FY", "revenue": 333333000, "costOfRevenue": 106591000, "grossProfit": 226742000, "grossProfitRatio": 0.6802266802, "researchAndDevelopmentExpenses": 93234000, "generalAndAdministrativeExpenses": 87979000, "sellingAndMarketingExpenses": 79958000, "sellingGeneralAndAdministrativeExpenses": 167937000, "otherExpenses": -994000, "operatingExpenses": 259999000, "costAndExpenses": 366590000, "interestIncome": 0, "interestExpense": 2160000, "depreciationAndAmortization": 11747000, "ebitda": -22504000, "ebitdaratio": -0.0675120675, "operatingIncome": -33257000, "operatingIncomeRatio": -0.0997710998, "totalOtherIncomeExpensesNet": -994000, "incomeBeforeTax": -36411000, "incomeBeforeTaxRatio": -0.1092331092, "incomeTaxExpense": 62996000, "netIncome": -99407000, "netIncomeRatio": -0.2982212982, "eps": -1.89, "epsdiluted": -1.89, "weightedAverageShsOut": 52466000, "weightedAverageShsOutDil": 52466000, "link": "https://www.sec.gov/Archives/edgar/data/1701732/000119312518090811/0001193125-18-090811-index.htm", "finalLink": "https://www.sec.gov/Archives/edgar/data/1701732/000119312518090811/d503331d10k.htm", "calculatedOtherExpenses": -1172000, "calculatedOperatingExpenses": 259999000, "calculatedNetInterest": -2160000, "calculatedOtherIncome": -994000, "calculatedIncomeNonControlling": 0, "calculatedEbitda": -21510000}, {"date": "2016-12-31", "symbol": "ALTR", "reportedCurrency": "USD", "cik": "0001701732", "fillingDate": "2016-12-31", "acceptedDate": "2016-12-30 19:00:00", "calendarYear": "2016", "period": "FY", "revenue": 313240000, "costOfRevenue": 102600000, "grossProfit": 210640000, "grossProfitRatio": 0.6724556251, "researchAndDevelopmentExpenses": 71325000, "generalAndAdministrativeExpenses": 57202000, "sellingAndMarketingExpenses": 66086000, "sellingGeneralAndAdministrativeExpenses": 123288000, "otherExpenses": 249000, "operatingExpenses": 195193000, "costAndExpenses": 297793000, "interestIncome": 0, "interestExpense": 2265000, "depreciationAndAmortization": 9980000, "ebitda": 25676000, "ebitdaratio": 0.0819690972, "operatingIncome": 15447000, "operatingIncomeRatio": 0.0493136253, "totalOtherIncomeExpensesNet": 520000, "incomeBeforeTax": 13702000, "incomeBeforeTaxRatio": 0.043742817, "incomeTaxExpense": 3539000, "netIncome": 10163000, "netIncomeRatio": 0.0324447708, "eps": 0.2, "epsdiluted": 0.2, "weightedAverageShsOut": 50255000, "weightedAverageShsOutDil": 50255000, "link": "", "finalLink": "", "calculatedOtherExpenses": 580000, "calculatedOperatingExpenses": 195193000, "calculatedNetInterest": -2265000, "calculatedOtherIncome": 520000, "calculatedIncomeNonControlling": 0, "calculatedEbitda": 25427000}, {"date": "2015-12-31", "symbol": "ALTR", "reportedCurrency": "USD", "cik": "0001701732", "fillingDate": "2015-12-31", "acceptedDate": "2015-12-30 19:00:00", "calendarYear": "2015", "period": "FY", "revenue": 294129000, "costOfRevenue": 99208000, "grossProfit": 194921000, "grossProfitRatio": 0.6627058196, "researchAndDevelopmentExpenses": 62777000, "generalAndAdministrativeExpenses": 54069000, "sellingAndMarketingExpenses": 63080000, "sellingGeneralAndAdministrativeExpenses": 117149000, "otherExpenses": 191000, "operatingExpenses": 179974000, "costAndExpenses": 279182000, "interestIncome": 0, "interestExpense": 2416000, "depreciationAndAmortization": 8378000, "ebitda": 23516000, "ebitdaratio": 0.0799513139, "operatingIncome": 14947000, "operatingIncomeRatio": 0.0508178384, "totalOtherIncomeExpensesNet": -782000, "incomeBeforeTax": 11749000, "incomeBeforeTaxRatio": 0.0399450581, "incomeTaxExpense": 818000, "netIncome": 10931000, "netIncomeRatio": 0.0371639655, "eps": 0.22, "epsdiluted": 0.22, "weightedAverageShsOut": 50255000, "weightedAverageShsOutDil": 50255000, "link": "", "finalLink": "", "calculatedOtherExpenses": 48000, "calculatedOperatingExpenses": 179974000, "calculatedNetInterest": -2416000, "calculatedOtherIncome": -782000, "calculatedIncomeNonControlling": 0, "calculatedEbitda": 23325000}]}