{"originalCurrency": "USD", "convertedCurrency": "USD", "report": [{"date": "2023-10-29", "symbol": "AMAT", "reportedCurrency": "USD", "cik": "0000006951", "fillingDate": "2023-12-15", "acceptedDate": "2023-12-15 16:01:24", "calendarYear": "2023", "period": "FY", "revenue": 26517000000, "costOfRevenue": 14133000000, "grossProfit": 12384000000, "grossProfitRatio": 0.4670211562, "researchAndDevelopmentExpenses": 3102000000, "generalAndAdministrativeExpenses": 852000000, "sellingAndMarketingExpenses": 776000000, "sellingGeneralAndAdministrativeExpenses": 1628000000, "otherExpenses": 0, "operatingExpenses": 4730000000, "costAndExpenses": 18863000000, "interestIncome": 300000000, "interestExpense": 238000000, "depreciationAndAmortization": 515000000, "ebitda": 8469000000, "ebitdaratio": 0.3193800204, "operatingIncome": 7654000000, "operatingIncomeRatio": 0.2886450202, "totalOtherIncomeExpensesNet": 62000000, "incomeBeforeTax": 7716000000, "incomeBeforeTaxRatio": 0.2909831429, "incomeTaxExpense": 860000000, "netIncome": 6856000000, "netIncomeRatio": 0.2585511182, "eps": 8.16, "epsdiluted": 8.11, "weightedAverageShsOut": 840000000, "weightedAverageShsOutDil": 845000000, "link": "https://www.sec.gov/Archives/edgar/data/6951/000000695123000041/0000006951-23-000041-index.htm", "finalLink": "https://www.sec.gov/Archives/edgar/data/6951/000000695123000041/amat-20231029.htm", "calculatedOtherExpenses": 0, "calculatedOperatingExpenses": 4730000000, "calculatedNetInterest": 62000000, "calculatedOtherIncome": 0, "calculatedIncomeNonControlling": 0, "calculatedEbitda": 8169000000}, {"date": "2022-10-30", "symbol": "AMAT", "reportedCurrency": "USD", "cik": "0000006951", "fillingDate": "2022-12-16", "acceptedDate": "2022-12-16 16:50:05", "calendarYear": "2022", "period": "FY", "revenue": 25785000000, "costOfRevenue": 13792000000, "grossProfit": 11993000000, "grossProfitRatio": 0.4651153772, "researchAndDevelopmentExpenses": 2771000000, "generalAndAdministrativeExpenses": 735000000, "sellingAndMarketingExpenses": 703000000, "sellingGeneralAndAdministrativeExpenses": 1438000000, "otherExpenses": 0, "operatingExpenses": 4209000000, "costAndExpenses": 18001000000, "interestIncome": 39000000, "interestExpense": 228000000, "depreciationAndAmortization": 479000000, "ebitda": 8267000000, "ebitdaratio": 0.3206127594, "operatingIncome": 7788000000, "operatingIncomeRatio": 0.3020360675, "totalOtherIncomeExpensesNet": -189000000, "incomeBeforeTax": 7599000000, "incomeBeforeTaxRatio": 0.2947062245, "incomeTaxExpense": 1074000000, "netIncome": 6525000000, "netIncomeRatio": 0.2530541012, "eps": 7.49, "epsdiluted": 7.44, "weightedAverageShsOut": 871000000, "weightedAverageShsOutDil": 877000000, "link": "https://www.sec.gov/Archives/edgar/data/6951/000000695122000043/0000006951-22-000043-index.htm", "finalLink": "https://www.sec.gov/Archives/edgar/data/6951/000000695122000043/amat-20221030.htm", "calculatedOtherExpenses": -4000000, "calculatedOperatingExpenses": 4205000000, "calculatedNetInterest": -189000000, "calculatedOtherIncome": 0, "calculatedIncomeNonControlling": 0, "calculatedEbitda": 8267000000}, {"date": "2021-10-31", "symbol": "AMAT", "reportedCurrency": "USD", "cik": "0000006951", "fillingDate": "2021-12-17", "acceptedDate": "2021-12-17 16:14:51", "calendarYear": "2021", "period": "FY", "revenue": 23063000000, "costOfRevenue": 12149000000, "grossProfit": 10914000000, "grossProfitRatio": 0.4732255127, "researchAndDevelopmentExpenses": 2485000000, "generalAndAdministrativeExpenses": 620000000, "sellingAndMarketingExpenses": 609000000, "sellingGeneralAndAdministrativeExpenses": 1229000000, "otherExpenses": 311000000, "operatingExpenses": 3714000000, "costAndExpenses": 15863000000, "interestIncome": 118000000, "interestExpense": 236000000, "depreciationAndAmortization": 823000000, "ebitda": 7712000000, "ebitdaratio": 0.3343884143, "operatingIncome": 6889000000, "operatingIncomeRatio": 0.2987035511, "totalOtherIncomeExpensesNet": -118000000, "incomeBeforeTax": 6771000000, "incomeBeforeTaxRatio": 0.2935871309, "incomeTaxExpense": 883000000, "netIncome": 5888000000, "netIncomeRatio": 0.2553006981, "eps": 6.47, "epsdiluted": 6.41, "weightedAverageShsOut": 910000000, "weightedAverageShsOutDil": 919000000, "link": "https://www.sec.gov/Archives/edgar/data/6951/000000695121000043/0000006951-21-000043-index.htm", "finalLink": "https://www.sec.gov/Archives/edgar/data/6951/000000695121000043/amat-20211031.htm", "calculatedOtherExpenses": 311000000, "calculatedOperatingExpenses": 4025000000, "calculatedNetInterest": -118000000, "calculatedOtherIncome": 0, "calculatedIncomeNonControlling": 0, "calculatedEbitda": 7712000000}, {"date": "2020-10-25", "symbol": "AMAT", "reportedCurrency": "USD", "cik": "0000006951", "fillingDate": "2020-12-11", "acceptedDate": "2020-12-11 15:52:08", "calendarYear": "2020", "period": "FY", "revenue": 17202000000, "costOfRevenue": 9510000000, "grossProfit": 7692000000, "grossProfitRatio": 0.4471573073, "researchAndDevelopmentExpenses": 2234000000, "generalAndAdministrativeExpenses": 567000000, "sellingAndMarketingExpenses": 526000000, "sellingGeneralAndAdministrativeExpenses": 1093000000, "otherExpenses": 0, "operatingExpenses": 3327000000, "costAndExpenses": 12837000000, "interestIncome": 41000000, "interestExpense": 240000000, "depreciationAndAmortization": 417000000, "ebitda": 4782000000, "ebitdaratio": 0.2779909313, "operatingIncome": 4365000000, "operatingIncomeRatio": 0.253749564, "totalOtherIncomeExpensesNet": -199000000, "incomeBeforeTax": 4166000000, "incomeBeforeTaxRatio": 0.2421811417, "incomeTaxExpense": 547000000, "netIncome": 3619000000, "netIncomeRatio": 0.2103825137, "eps": 3.95, "epsdiluted": 3.92, "weightedAverageShsOut": 916000000, "weightedAverageShsOutDil": 923000000, "link": "https://www.sec.gov/Archives/edgar/data/6951/000000695120000048/0000006951-20-000048-index.htm", "finalLink": "https://www.sec.gov/Archives/edgar/data/6951/000000695120000048/amat-20201025.htm", "calculatedOtherExpenses": 0, "calculatedOperatingExpenses": 3327000000, "calculatedNetInterest": -199000000, "calculatedOtherIncome": 0, "calculatedIncomeNonControlling": 0, "calculatedEbitda": 4782000000}, {"date": "2019-10-27", "symbol": "AMAT", "reportedCurrency": "USD", "cik": "0000006951", "fillingDate": "2019-12-13", "acceptedDate": "2019-12-13 16:07:21", "calendarYear": "2019", "period": "FY", "revenue": 14608000000, "costOfRevenue": 8222000000, "grossProfit": 6386000000, "grossProfitRatio": 0.4371577218, "researchAndDevelopmentExpenses": 2054000000, "generalAndAdministrativeExpenses": 461000000, "sellingAndMarketingExpenses": 521000000, "sellingGeneralAndAdministrativeExpenses": 982000000, "otherExpenses": 0, "operatingExpenses": 3036000000, "costAndExpenses": 11258000000, "interestIncome": 156000000, "interestExpense": 237000000, "depreciationAndAmortization": 519000000, "ebitda": 3869000000, "ebitdaratio": 0.264854874, "operatingIncome": 3350000000, "operatingIncomeRatio": 0.2293263965, "totalOtherIncomeExpensesNet": -81000000, "incomeBeforeTax": 3269000000, "incomeBeforeTaxRatio": 0.2237814896, "incomeTaxExpense": 563000000, "netIncome": 2706000000, "netIncomeRatio": 0.1852409639, "eps": 2.89, "epsdiluted": 2.86, "weightedAverageShsOut": 937000000, "weightedAverageShsOutDil": 945000000, "link": "https://www.sec.gov/Archives/edgar/data/6951/000000695119000046/0000006951-19-000046-index.htm", "finalLink": "https://www.sec.gov/Archives/edgar/data/6951/000000695119000046/amat-20191027.htm", "calculatedOtherExpenses": 0, "calculatedOperatingExpenses": 3036000000, "calculatedNetInterest": -81000000, "calculatedOtherIncome": 0, "calculatedIncomeNonControlling": 0, "calculatedEbitda": 3869000000}, {"date": "2018-10-28", "symbol": "AMAT", "reportedCurrency": "USD", "cik": "0000006951", "fillingDate": "2018-12-13", "acceptedDate": "2018-12-13 16:16:55", "calendarYear": "2018", "period": "FY", "revenue": 17253000000, "costOfRevenue": 9436000000, "grossProfit": 7817000000, "grossProfitRatio": 0.4530806237, "researchAndDevelopmentExpenses": 2019000000, "generalAndAdministrativeExpenses": 481000000, "sellingAndMarketingExpenses": 521000000, "sellingGeneralAndAdministrativeExpenses": 1002000000, "otherExpenses": 0, "operatingExpenses": 3021000000, "costAndExpenses": 12457000000, "interestIncome": 132000000, "interestExpense": 234000000, "depreciationAndAmortization": 457000000, "ebitda": 5385000000, "ebitdaratio": 0.3121196314, "operatingIncome": 4796000000, "operatingIncomeRatio": 0.277980641, "totalOtherIncomeExpensesNet": -102000000, "incomeBeforeTax": 4694000000, "incomeBeforeTaxRatio": 0.2720686257, "incomeTaxExpense": 1381000000, "netIncome": 3313000000, "netIncomeRatio": 0.1920245754, "eps": 3.27, "epsdiluted": 3.23, "weightedAverageShsOut": 1013000000, "weightedAverageShsOutDil": 1026000000, "link": "https://www.sec.gov/Archives/edgar/data/6951/000000695118000041/0000006951-18-000041-index.htm", "finalLink": "https://www.sec.gov/Archives/edgar/data/6951/000000695118000041/amat1028201810-kq42018.htm", "calculatedOtherExpenses": 0, "calculatedOperatingExpenses": 3021000000, "calculatedNetInterest": -102000000, "calculatedOtherIncome": 0, "calculatedIncomeNonControlling": 0, "calculatedEbitda": 5253000000}, {"date": "2017-10-29", "symbol": "AMAT", "reportedCurrency": "USD", "cik": "0000006951", "fillingDate": "2017-12-15", "acceptedDate": "2017-12-15 16:36:31", "calendarYear": "2017", "period": "FY", "revenue": 14537000000, "costOfRevenue": 8005000000, "grossProfit": 6532000000, "grossProfitRatio": 0.4493361767, "researchAndDevelopmentExpenses": 1774000000, "generalAndAdministrativeExpenses": 434000000, "sellingAndMarketingExpenses": 456000000, "sellingGeneralAndAdministrativeExpenses": 890000000, "otherExpenses": 0, "operatingExpenses": 2664000000, "costAndExpenses": 10669000000, "interestIncome": 61000000, "interestExpense": 198000000, "depreciationAndAmortization": 407000000, "ebitda": 4336000000, "ebitdaratio": 0.2982733714, "operatingIncome": 3868000000, "operatingIncomeRatio": 0.2660796588, "totalOtherIncomeExpensesNet": -137000000, "incomeBeforeTax": 3731000000, "incomeBeforeTaxRatio": 0.256655431, "incomeTaxExpense": 297000000, "netIncome": 3434000000, "netIncomeRatio": 0.2362248057, "eps": 3.2, "epsdiluted": 3.17, "weightedAverageShsOut": 1073000000, "weightedAverageShsOutDil": 1084000000, "link": "https://www.sec.gov/Archives/edgar/data/6951/000000695117000038/0000006951-17-000038-index.htm", "finalLink": "https://www.sec.gov/Archives/edgar/data/6951/000000695117000038/amat1029201710-kq42017.htm", "calculatedOtherExpenses": 0, "calculatedOperatingExpenses": 2664000000, "calculatedNetInterest": -137000000, "calculatedOtherIncome": 0, "calculatedIncomeNonControlling": 0, "calculatedEbitda": 4275000000}, {"date": "2016-10-30", "symbol": "AMAT", "reportedCurrency": "USD", "cik": "0000006951", "fillingDate": "2016-12-15", "acceptedDate": "2016-12-15 16:46:47", "calendarYear": "2016", "period": "FY", "revenue": 10825000000, "costOfRevenue": 6314000000, "grossProfit": 4511000000, "grossProfitRatio": 0.4167205543, "researchAndDevelopmentExpenses": 1540000000, "generalAndAdministrativeExpenses": 390000000, "sellingAndMarketingExpenses": 429000000, "sellingGeneralAndAdministrativeExpenses": 819000000, "otherExpenses": 0, "operatingExpenses": 2359000000, "costAndExpenses": 8673000000, "interestIncome": 16000000, "interestExpense": 155000000, "depreciationAndAmortization": 389000000, "ebitda": 2557000000, "ebitdaratio": 0.2362124711, "operatingIncome": 2152000000, "operatingIncomeRatio": 0.1987990762, "totalOtherIncomeExpensesNet": -139000000, "incomeBeforeTax": 2013000000, "incomeBeforeTaxRatio": 0.1859584296, "incomeTaxExpense": 292000000, "netIncome": 1721000000, "netIncomeRatio": 0.1589838337, "eps": 1.56, "epsdiluted": 1.54, "weightedAverageShsOut": 1107000000, "weightedAverageShsOutDil": 1116000000, "link": "https://www.sec.gov/Archives/edgar/data/6951/000000695116000068/0000006951-16-000068-index.htm", "finalLink": "https://www.sec.gov/Archives/edgar/data/6951/000000695116000068/amat10302016-10k.htm", "calculatedOtherExpenses": 0, "calculatedOperatingExpenses": 2359000000, "calculatedNetInterest": -139000000, "calculatedOtherIncome": 0, "calculatedIncomeNonControlling": 0, "calculatedEbitda": 2541000000}, {"date": "2015-10-25", "symbol": "AMAT", "reportedCurrency": "USD", "cik": "0000006951", "fillingDate": "2015-12-09", "acceptedDate": "2015-12-09 17:29:47", "calendarYear": "2015", "period": "FY", "revenue": 9659000000, "costOfRevenue": 5707000000, "grossProfit": 3952000000, "grossProfitRatio": 0.4091520861, "researchAndDevelopmentExpenses": 1451000000, "generalAndAdministrativeExpenses": 469000000, "sellingAndMarketingExpenses": 428000000, "sellingGeneralAndAdministrativeExpenses": 897000000, "otherExpenses": 0, "operatingExpenses": 2348000000, "costAndExpenses": 8055000000, "interestIncome": 8000000, "interestExpense": 103000000, "depreciationAndAmortization": 371000000, "ebitda": 1983000000, "ebitdaratio": 0.2053007558, "operatingIncome": 1693000000, "operatingIncomeRatio": 0.1752769438, "totalOtherIncomeExpensesNet": 89000000, "incomeBeforeTax": 1598000000, "incomeBeforeTaxRatio": 0.1654415571, "incomeTaxExpense": 221000000, "netIncome": 1377000000, "netIncomeRatio": 0.1425613418, "eps": 1.13, "epsdiluted": 1.12, "weightedAverageShsOut": 1214000000, "weightedAverageShsOutDil": 1226000000, "link": "https://www.sec.gov/Archives/edgar/data/6951/000000695115000034/0000006951-15-000034-index.htm", "finalLink": "https://www.sec.gov/Archives/edgar/data/6951/000000695115000034/amat10252015-10xkdoc.htm", "calculatedOtherExpenses": -89000000, "calculatedOperatingExpenses": 2259000000, "calculatedNetInterest": -95000000, "calculatedOtherIncome": 0, "calculatedIncomeNonControlling": 0, "calculatedEbitda": 2064000000}, {"date": "2014-10-26", "symbol": "AMAT", "reportedCurrency": "USD", "cik": "0000006951", "fillingDate": "2014-12-17", "acceptedDate": "2014-12-17 16:38:24", "calendarYear": "2014", "period": "FY", "revenue": 9072000000, "costOfRevenue": 5229000000, "grossProfit": 3843000000, "grossProfitRatio": 0.4236111111, "researchAndDevelopmentExpenses": 1428000000, "generalAndAdministrativeExpenses": 467000000, "sellingAndMarketingExpenses": 423000000, "sellingGeneralAndAdministrativeExpenses": 890000000, "otherExpenses": 0, "operatingExpenses": 2318000000, "costAndExpenses": 7547000000, "interestIncome": 23000000, "interestExpense": 95000000, "depreciationAndAmortization": 375000000, "ebitda": 1923000000, "ebitdaratio": 0.2119708995, "operatingIncome": 1520000000, "operatingIncomeRatio": 0.1675485009, "totalOtherIncomeExpensesNet": -5000000, "incomeBeforeTax": 1448000000, "incomeBeforeTaxRatio": 0.1596119929, "incomeTaxExpense": 342000000, "netIncome": 1106000000, "netIncomeRatio": 0.1219135802, "eps": 0.91, "epsdiluted": 0.9, "weightedAverageShsOut": 1215000000, "weightedAverageShsOutDil": 1231000000, "link": "https://www.sec.gov/Archives/edgar/data/6951/000000695114000037/0000006951-14-000037-index.htm", "finalLink": "https://www.sec.gov/Archives/edgar/data/6951/000000695114000037/amat10262014-10kdoc.htm", "calculatedOtherExpenses": 5000000, "calculatedOperatingExpenses": 2323000000, "calculatedNetInterest": -72000000, "calculatedOtherIncome": 0, "calculatedIncomeNonControlling": 0, "calculatedEbitda": 1895000000}, {"date": "2013-10-27", "symbol": "AMAT", "reportedCurrency": "USD", "cik": "0000006951", "fillingDate": "2013-12-04", "acceptedDate": "2013-12-04 16:26:13", "calendarYear": "2013", "period": "FY", "revenue": 7509000000, "costOfRevenue": 4518000000, "grossProfit": 2991000000, "grossProfitRatio": 0.3983220136, "researchAndDevelopmentExpenses": 1320000000, "generalAndAdministrativeExpenses": 465000000, "sellingAndMarketingExpenses": 433000000, "sellingGeneralAndAdministrativeExpenses": 898000000, "otherExpenses": 0, "operatingExpenses": 2218000000, "costAndExpenses": 6736000000, "interestIncome": 19000000, "interestExpense": 95000000, "depreciationAndAmortization": 410000000, "ebitda": 1202000000, "ebitdaratio": 0.1600745772, "operatingIncome": 432000000, "operatingIncomeRatio": 0.0575309628, "totalOtherIncomeExpensesNet": -347000000, "incomeBeforeTax": 350000000, "incomeBeforeTaxRatio": 0.0466107338, "incomeTaxExpense": 94000000, "netIncome": 256000000, "netIncomeRatio": 0.0340924224, "eps": 0.21, "epsdiluted": 0.21, "weightedAverageShsOut": 1202000000, "weightedAverageShsOutDil": 1219000000, "link": "https://www.sec.gov/Archives/edgar/data/6951/000000695113000044/0000006951-13-000044-index.htm", "finalLink": "https://www.sec.gov/Archives/edgar/data/6951/000000695113000044/amat10272013-10kdoc.htm", "calculatedOtherExpenses": 341000000, "calculatedOperatingExpenses": 2559000000, "calculatedNetInterest": -76000000, "calculatedOtherIncome": -6000000, "calculatedIncomeNonControlling": 0, "calculatedEbitda": 842000000}, {"date": "2012-10-28", "symbol": "AMAT", "reportedCurrency": "USD", "cik": "0000006951", "fillingDate": "2012-12-05", "acceptedDate": "2012-12-05 16:36:34", "calendarYear": "2012", "period": "FY", "revenue": 8719000000, "costOfRevenue": 5406000000, "grossProfit": 3313000000, "grossProfitRatio": 0.3799747677, "researchAndDevelopmentExpenses": 1237000000, "generalAndAdministrativeExpenses": 514000000, "sellingAndMarketingExpenses": 481000000, "sellingGeneralAndAdministrativeExpenses": 1076000000, "otherExpenses": 0, "operatingExpenses": 2313000000, "costAndExpenses": 7719000000, "interestIncome": 17000000, "interestExpense": 95000000, "depreciationAndAmortization": 422000000, "ebitda": 1439000000, "ebitdaratio": 0.1650418626, "operatingIncome": 411000000, "operatingIncomeRatio": 0.0471384333, "totalOtherIncomeExpensesNet": -606000000, "incomeBeforeTax": 316000000, "incomeBeforeTaxRatio": 0.0362426884, "incomeTaxExpense": 207000000, "netIncome": 109000000, "netIncomeRatio": 0.0125014337, "eps": 0.09, "epsdiluted": 0.09, "weightedAverageShsOut": 1266000000, "weightedAverageShsOutDil": 1277000000, "link": "https://www.sec.gov/Archives/edgar/data/6951/000000695112000018/0000006951-12-000018-index.htm", "finalLink": "https://www.sec.gov/Archives/edgar/data/6951/000000695112000018/amat10282012-10kdoc.htm", "calculatedOtherExpenses": 589000000, "calculatedOperatingExpenses": 2902000000, "calculatedNetInterest": -78000000, "calculatedOtherIncome": -17000000, "calculatedIncomeNonControlling": 0, "calculatedEbitda": 833000000}, {"date": "2011-10-30", "symbol": "AMAT", "reportedCurrency": "USD", "cik": "0000006951", "fillingDate": "2011-12-06", "acceptedDate": "2011-12-06 16:07:25", "calendarYear": "2011", "period": "FY", "revenue": 10517000000, "costOfRevenue": 6157000000, "grossProfit": 4360000000, "grossProfitRatio": 0.4145668917, "researchAndDevelopmentExpenses": 1118000000, "generalAndAdministrativeExpenses": 0, "sellingAndMarketingExpenses": 0, "sellingGeneralAndAdministrativeExpenses": 901000000, "otherExpenses": 0, "operatingExpenses": 1992000000, "costAndExpenses": 8149000000, "interestIncome": 42000000, "interestExpense": 59000000, "depreciationAndAmortization": 246000000, "ebitda": 2656000000, "ebitdaratio": 0.252543501, "operatingIncome": 2398000000, "operatingIncomeRatio": 0.2280117904, "totalOtherIncomeExpensesNet": 27000000, "incomeBeforeTax": 2378000000, "incomeBeforeTaxRatio": 0.2261101074, "incomeTaxExpense": 452000000, "netIncome": 1926000000, "netIncomeRatio": 0.1831320719, "eps": 1.46, "epsdiluted": 1.45, "weightedAverageShsOut": 1319000000, "weightedAverageShsOutDil": 1330000000, "link": "https://www.sec.gov/Archives/edgar/data/6951/000119312511332050/0001193125-11-332050-index.htm", "finalLink": "https://www.sec.gov/Archives/edgar/data/6951/000119312511332050/d250870d10k.htm", "calculatedOtherExpenses": -57000000, "calculatedOperatingExpenses": 1962000000, "calculatedNetInterest": -17000000, "calculatedOtherIncome": -3000000, "calculatedIncomeNonControlling": 0, "calculatedEbitda": 2644000000}, {"date": "2010-10-31", "symbol": "AMAT", "reportedCurrency": "USD", "cik": "0000006951", "fillingDate": "2010-12-10", "acceptedDate": "2010-12-10 14:19:42", "calendarYear": "2010", "period": "FY", "revenue": 9548667000, "costOfRevenue": 5833665000, "grossProfit": 3715002000, "grossProfitRatio": 0.3890597504, "researchAndDevelopmentExpenses": 1143521000, "generalAndAdministrativeExpenses": 535820000, "sellingAndMarketingExpenses": 406028000, "sellingGeneralAndAdministrativeExpenses": 941848000, "otherExpenses": 0, "operatingExpenses": 2085369000, "costAndExpenses": 7919034000, "interestIncome": 37430000, "interestExpense": 21507000, "depreciationAndAmortization": 304515000, "ebitda": 1971578000, "ebitdaratio": 0.2064767784, "operatingIncome": 1383708000, "operatingIncomeRatio": 0.1449111169, "totalOtherIncomeExpensesNet": -258590000, "incomeBeforeTax": 1386966000, "incomeBeforeTaxRatio": 0.1452523164, "incomeTaxExpense": 449100000, "netIncome": 937866000, "netIncomeRatio": 0.0982195735, "eps": 0.7, "epsdiluted": 0.7, "weightedAverageShsOut": 1339949000, "weightedAverageShsOutDil": 1348804000, "link": "https://www.sec.gov/Archives/edgar/data/6951/000095012310112754/0000950123-10-112754-index.htm", "finalLink": "https://www.sec.gov/Archives/edgar/data/6951/000095012310112754/f56996e10vk.htm", "calculatedOtherExpenses": 245925000, "calculatedOperatingExpenses": 2331294000, "calculatedNetInterest": 15923000, "calculatedOtherIncome": -12665000, "calculatedIncomeNonControlling": 0, "calculatedEbitda": 1688223000}, {"date": "2009-10-25", "symbol": "AMAT", "reportedCurrency": "USD", "cik": "0000006951", "fillingDate": "2009-12-11", "acceptedDate": "2009-12-11 16:20:48", "calendarYear": "2009", "period": "FY", "revenue": 5013607000, "costOfRevenue": 3582802000, "grossProfit": 1430805000, "grossProfitRatio": 0.285384355, "researchAndDevelopmentExpenses": 934115000, "generalAndAdministrativeExpenses": 406946000, "sellingAndMarketingExpenses": 327572000, "sellingGeneralAndAdministrativeExpenses": 734518000, "otherExpenses": 0, "operatingExpenses": 1668633000, "costAndExpenses": 5251435000, "interestIncome": 48580000, "interestExpense": 21304000, "depreciationAndAmortization": 291203000, "ebitda": -101988000, "ebitdaratio": -0.0203422406, "operatingIncome": -393616000, "operatingIncomeRatio": -0.0785095441, "totalOtherIncomeExpensesNet": -71308000, "incomeBeforeTax": -485803000, "incomeBeforeTaxRatio": -0.0968969048, "incomeTaxExpense": -180476000, "netIncome": -305327000, "netIncomeRatio": -0.0608996676, "eps": -0.23, "epsdiluted": -0.23, "weightedAverageShsOut": 1333091000, "weightedAverageShsOutDil": 1333091000, "link": "https://www.sec.gov/Archives/edgar/data/6951/000095012309070205/0000950123-09-070205-index.htm", "finalLink": "https://www.sec.gov/Archives/edgar/data/6951/000095012309070205/f53510e10vk.htm", "calculatedOtherExpenses": 155788000, "calculatedOperatingExpenses": 1824421000, "calculatedNetInterest": 27276000, "calculatedOtherIncome": -119463000, "calculatedIncomeNonControlling": 0, "calculatedEbitda": -102413000}, {"date": "2008-10-26", "symbol": "AMAT", "reportedCurrency": "USD", "cik": "0000006951", "fillingDate": "2008-12-12", "acceptedDate": "2008-12-12 15:41:29", "calendarYear": "2008", "period": "FY", "revenue": 8129240000, "costOfRevenue": 4686412000, "grossProfit": 3442828000, "grossProfitRatio": 0.423511669, "researchAndDevelopmentExpenses": 1104122000, "generalAndAdministrativeExpenses": 0, "sellingAndMarketingExpenses": 0, "sellingGeneralAndAdministrativeExpenses": 965164000, "otherExpenses": 0, "operatingExpenses": 2069286000, "costAndExpenses": 6755698000, "interestIncome": 0, "interestExpense": 0, "depreciationAndAmortization": 320051000, "ebitda": 1711704000, "ebitdaratio": 0.2105613809, "operatingIncome": 1333594000, "operatingIncomeRatio": 0.1640490378, "totalOtherIncomeExpensesNet": -53638000, "incomeBeforeTax": 1408718000, "incomeBeforeTaxRatio": 0.1732902461, "incomeTaxExpense": 447972000, "netIncome": 960746000, "netIncomeRatio": 0.1181839877, "eps": 0.71, "epsdiluted": 0.7, "weightedAverageShsOut": 1354176000, "weightedAverageShsOutDil": 1374507000, "link": "https://www.sec.gov/Archives/edgar/data/6951/000095013408022104/0000950134-08-022104-index.htm", "finalLink": "https://www.sec.gov/Archives/edgar/data/6951/000095013408022104/f50137e10vk.htm", "calculatedOtherExpenses": 39948000, "calculatedOperatingExpenses": 2109234000, "calculatedNetInterest": 0, "calculatedOtherIncome": 75124000, "calculatedIncomeNonControlling": 0, "calculatedEbitda": 1653645000}, {"date": "2007-10-28", "symbol": "AMAT", "reportedCurrency": "USD", "cik": "0000006951", "fillingDate": "2007-12-14", "acceptedDate": "2007-12-14 16:05:18", "calendarYear": "2007", "period": "FY", "revenue": 9734856000, "costOfRevenue": 5242413000, "grossProfit": 4492443000, "grossProfitRatio": 0.4614801698, "researchAndDevelopmentExpenses": 1142073000, "generalAndAdministrativeExpenses": 0, "sellingAndMarketingExpenses": 0, "sellingGeneralAndAdministrativeExpenses": 952443000, "otherExpenses": 0, "operatingExpenses": 2094516000, "costAndExpenses": 7336929000, "interestIncome": 0, "interestExpense": 0, "depreciationAndAmortization": 268334000, "ebitda": 2692682000, "ebitdaratio": 0.2766021398, "operatingIncome": 2371506000, "operatingIncomeRatio": 0.2436097668, "totalOtherIncomeExpensesNet": -55792000, "incomeBeforeTax": 2439653000, "incomeBeforeTaxRatio": 0.2506100758, "incomeTaxExpense": 729457000, "netIncome": 1710196000, "netIncomeRatio": 0.1756775858, "eps": 1.22, "epsdiluted": 1.2, "weightedAverageShsOut": 1406685000, "weightedAverageShsOutDil": 1427002000, "link": "https://www.sec.gov/Archives/edgar/data/6951/000089161807000682/0000891618-07-000682-index.htm", "finalLink": "https://www.sec.gov/Archives/edgar/data/6951/000089161807000682/f36116e10vk.htm", "calculatedOtherExpenses": 26421000, "calculatedOperatingExpenses": 2120937000, "calculatedNetInterest": 0, "calculatedOtherIncome": 68147000, "calculatedIncomeNonControlling": 0, "calculatedEbitda": 2639840000}, {"date": "2006-10-29", "symbol": "AMAT", "reportedCurrency": "USD", "cik": "0000006951", "fillingDate": "2006-12-14", "acceptedDate": "2006-12-14 14:32:05", "calendarYear": "2006", "period": "FY", "revenue": 9167014000, "costOfRevenue": 4875212000, "grossProfit": 4291802000, "grossProfitRatio": 0.4681788421, "researchAndDevelopmentExpenses": 1152326000, "generalAndAdministrativeExpenses": 0, "sellingAndMarketingExpenses": 0, "sellingGeneralAndAdministrativeExpenses": 906742000, "otherExpenses": 572656000, "operatingExpenses": 2631724000, "costAndExpenses": 7506936000, "interestIncome": 0, "interestExpense": 0, "depreciationAndAmortization": 270413000, "ebitda": 2142604000, "ebitdaratio": 0.2337297619, "operatingIncome": 1447965000, "operatingIncomeRatio": 0.1579538332, "totalOtherIncomeExpensesNet": -214962000, "incomeBeforeTax": 2166971000, "incomeBeforeTaxRatio": 0.2363878794, "incomeTaxExpense": 650308000, "netIncome": 1516663000, "netIncomeRatio": 0.1654478765, "eps": 0.98, "epsdiluted": 0.97, "weightedAverageShsOut": 1551339000, "weightedAverageShsOutDil": 1565072000, "link": "https://www.sec.gov/Archives/edgar/data/6951/000089161806000507/0000891618-06-000507-index.htm", "finalLink": "https://www.sec.gov/Archives/edgar/data/6951/000089161806000507/f25754e10vk.htm", "calculatedOtherExpenses": 784769000, "calculatedOperatingExpenses": 2843837000, "calculatedNetInterest": 0, "calculatedOtherIncome": 719006000, "calculatedIncomeNonControlling": 0, "calculatedEbitda": 1718378000}, {"date": "2005-10-30", "symbol": "AMAT", "reportedCurrency": "USD", "cik": "0000006951", "fillingDate": "2005-12-14", "acceptedDate": "2005-12-14 16:57:56", "calendarYear": "2005", "period": "FY", "revenue": 6991823000, "costOfRevenue": 3905949000, "grossProfit": 3085874000, "grossProfitRatio": 0.4413547082, "researchAndDevelopmentExpenses": 940507000, "generalAndAdministrativeExpenses": 0, "sellingAndMarketingExpenses": 0, "sellingGeneralAndAdministrativeExpenses": 697402000, "otherExpenses": 0, "operatingExpenses": 1637909000, "costAndExpenses": 5543858000, "interestIncome": 0, "interestExpense": 0, "depreciationAndAmortization": 300584000, "ebitda": 1748549000, "ebitdaratio": 0.2500848491, "operatingIncome": 1447965000, "operatingIncomeRatio": 0.2070940583, "totalOtherIncomeExpensesNet": 133604000, "incomeBeforeTax": 1581569000, "incomeBeforeTaxRatio": 0.2262026656, "incomeTaxExpense": 371669000, "netIncome": 1209900000, "netIncomeRatio": 0.1730449984, "eps": 0.75, "epsdiluted": 0.73, "weightedAverageShsOut": 1654740000, "weightedAverageShsOutDil": 1657397260, "link": "https://www.sec.gov/Archives/edgar/data/6951/000095013405023162/0000950134-05-023162-index.htm", "finalLink": "https://www.sec.gov/Archives/edgar/data/6951/000095013405023162/f15204e10vk.htm", "calculatedOtherExpenses": 0, "calculatedOperatingExpenses": 1637909000, "calculatedNetInterest": 0, "calculatedOtherIncome": 133604000, "calculatedIncomeNonControlling": 0, "calculatedEbitda": 1748549000}, {"date": "2004-10-31", "symbol": "AMAT", "reportedCurrency": "USD", "cik": "0000006951", "fillingDate": "2004-12-15", "acceptedDate": "2004-12-15 16:28:55", "calendarYear": "2004", "period": "FY", "revenue": 8013063000, "costOfRevenue": 4311808000, "grossProfit": 3701255000, "grossProfitRatio": 0.4619026457, "researchAndDevelopmentExpenses": 991873000, "generalAndAdministrativeExpenses": 0, "sellingAndMarketingExpenses": 0, "sellingGeneralAndAdministrativeExpenses": 751621000, "otherExpenses": 26627000, "operatingExpenses": 1770121000, "costAndExpenses": 6081929000, "interestIncome": 0, "interestExpense": 0, "depreciationAndAmortization": 356985000, "ebitda": 2482205000, "ebitdaratio": 0.3097698096, "operatingIncome": 1763665000, "operatingIncomeRatio": 0.2200987313, "totalOtherIncomeExpensesNet": -194086000, "incomeBeforeTax": 1829250000, "incomeBeforeTaxRatio": 0.2282834916, "incomeTaxExpense": 477947000, "netIncome": 1351303000, "netIncomeRatio": 0.168637511, "eps": 0.8, "epsdiluted": 0.78, "weightedAverageShsOut": 1688121000, "weightedAverageShsOutDil": 1721645000, "link": "https://www.sec.gov/Archives/edgar/data/6951/000095013404019339/0000950134-04-019339-index.htm", "finalLink": "https://www.sec.gov/Archives/edgar/data/6951/000095013404019339/f03874e10vk.htm", "calculatedOtherExpenses": 194096000, "calculatedOperatingExpenses": 1937590000, "calculatedNetInterest": 0, "calculatedOtherIncome": 65585000, "calculatedIncomeNonControlling": 0, "calculatedEbitda": 2120650000}, {"date": "2003-10-26", "symbol": "AMAT", "reportedCurrency": "USD", "cik": "0000006951", "fillingDate": "2004-01-13", "acceptedDate": "2004-01-13 16:46:22", "calendarYear": "2003", "period": "FY", "revenue": 4477291000, "costOfRevenue": 2872836000, "grossProfit": 1604455000, "grossProfitRatio": 0.358353969, "researchAndDevelopmentExpenses": 920618000, "generalAndAdministrativeExpenses": 0, "sellingAndMarketingExpenses": 0, "sellingGeneralAndAdministrativeExpenses": 625865000, "otherExpenses": 0, "operatingExpenses": 1546483000, "costAndExpenses": 4419319000, "interestIncome": 0, "interestExpense": 0, "depreciationAndAmortization": 384391000, "ebitda": 814117000, "ebitdaratio": 0.1818324965, "operatingIncome": -313782000, "operatingIncomeRatio": -0.0700830033, "totalOtherIncomeExpensesNet": -371754000, "incomeBeforeTax": -211556000, "incomeBeforeTaxRatio": -0.0472508935, "incomeTaxExpense": -62409000, "netIncome": -149147000, "netIncomeRatio": -0.0333118844, "eps": -0.09, "epsdiluted": -0.09, "weightedAverageShsOut": 1657188889, "weightedAverageShsOutDil": 1657188889, "link": "https://www.sec.gov/Archives/edgar/data/6951/000089161804000093/0000891618-04-000093-index.htm", "finalLink": "https://www.sec.gov/Archives/edgar/data/6951/000089161804000093/f95058e10vk.htm", "calculatedOtherExpenses": 371754000, "calculatedOperatingExpenses": 1918237000, "calculatedNetInterest": 0, "calculatedOtherIncome": 102226000, "calculatedIncomeNonControlling": 0, "calculatedEbitda": 70609000}, {"date": "2002-10-27", "symbol": "AMAT", "reportedCurrency": "USD", "cik": "0000006951", "fillingDate": "2003-01-23", "acceptedDate": "2003-01-23 13:57:00", "calendarYear": "2002", "period": "FY", "revenue": 5062312000, "costOfRevenue": 3005651000, "grossProfit": 2056661000, "grossProfitRatio": 0.4062691118, "researchAndDevelopmentExpenses": 1052269000, "generalAndAdministrativeExpenses": 0, "sellingAndMarketingExpenses": 0, "sellingGeneralAndAdministrativeExpenses": 708955000, "otherExpenses": 85479000, "operatingExpenses": 1846703000, "costAndExpenses": 4852354000, "interestIncome": 0, "interestExpense": 0, "depreciationAndAmortization": 387526000, "ebitda": 682963000, "ebitdaratio": 0.1349112816, "operatingIncome": 209958000, "operatingIncomeRatio": 0.0414747254, "totalOtherIncomeExpensesNet": -85479000, "incomeBeforeTax": 340511000, "incomeBeforeTaxRatio": 0.06726393, "incomeTaxExpense": 71507000, "netIncome": 269004000, "netIncomeRatio": 0.0531385659, "eps": 0.16, "epsdiluted": 0.16, "weightedAverageShsOut": 1643612000, "weightedAverageShsOutDil": 1701557000, "link": "https://www.sec.gov/Archives/edgar/data/6951/000000695103000003/0000006951-03-000003-index.htm", "finalLink": "https://www.sec.gov/Archives/edgar/data/6951/000000695103000003/form10k.htm", "calculatedOtherExpenses": 85479000, "calculatedOperatingExpenses": 1846703000, "calculatedNetInterest": 0, "calculatedOtherIncome": 130553000, "calculatedIncomeNonControlling": 0, "calculatedEbitda": 597484000}, {"date": "2001-10-28", "symbol": "AMAT", "reportedCurrency": "USD", "cik": "0000006951", "fillingDate": "2002-01-23", "acceptedDate": "2002-01-23 00:00:00", "calendarYear": "2001", "period": "FY", "revenue": 7343248000, "costOfRevenue": 4091215000, "grossProfit": 3252033000, "grossProfitRatio": 0.4428602983, "researchAndDevelopmentExpenses": 1198799000, "generalAndAdministrativeExpenses": 0, "sellingAndMarketingExpenses": 0, "sellingGeneralAndAdministrativeExpenses": 901924000, "otherExpenses": 221164000, "operatingExpenses": 2321887000, "costAndExpenses": 6413102000, "interestIncome": 0, "interestExpense": 0, "depreciationAndAmortization": 386971000, "ebitda": 1538281000, "ebitdaratio": 0.2094823707, "operatingIncome": 930146000, "operatingIncomeRatio": 0.1266668373, "totalOtherIncomeExpensesNet": -221164000, "incomeBeforeTax": 1103802000, "incomeBeforeTaxRatio": 0.1503152284, "incomeTaxExpense": 328574000, "netIncome": 775228000, "netIncomeRatio": 0.1055701782, "eps": 0.31, "epsdiluted": 0.3, "weightedAverageShsOut": 1626404000, "weightedAverageShsOutDil": 1694658000, "link": "https://www.sec.gov/Archives/edgar/data/6951/000000695102000002/0000006951-02-000002-index.htm", "finalLink": "https://www.sec.gov/Archives/edgar/data/6951/000000695102000002/form10k.htm", "calculatedOtherExpenses": 221164000, "calculatedOperatingExpenses": 2321887000, "calculatedNetInterest": 0, "calculatedOtherIncome": 173656000, "calculatedIncomeNonControlling": 0, "calculatedEbitda": 1317117000}, {"date": "2000-10-29", "symbol": "AMAT", "reportedCurrency": "USD", "cik": "0000006951", "fillingDate": "2001-01-24", "acceptedDate": "2001-01-24 00:00:00", "calendarYear": "2000", "period": "FY", "revenue": 9564412000, "costOfRevenue": 4708684000, "grossProfit": 4855728000, "grossProfitRatio": 0.5076870382, "researchAndDevelopmentExpenses": 1107922000, "generalAndAdministrativeExpenses": 0, "sellingAndMarketingExpenses": 0, "sellingGeneralAndAdministrativeExpenses": 960753000, "otherExpenses": 0, "operatingExpenses": 1907884000, "costAndExpenses": 6616568000, "interestIncome": 0, "interestExpense": 0, "depreciationAndAmortization": 361970000, "ebitda": 3281656000, "ebitdaratio": 0.3431111081, "operatingIncome": 2947844000, "operatingIncomeRatio": 0.3082096422, "totalOtherIncomeExpensesNet": 28158000, "incomeBeforeTax": 2947844000, "incomeBeforeTaxRatio": 0.3082096422, "incomeTaxExpense": 884292000, "netIncome": 2063552000, "netIncomeRatio": 0.2157531482, "eps": 1.28, "epsdiluted": 1.2, "weightedAverageShsOut": 1613160000, "weightedAverageShsOutDil": 1718338000, "link": "https://www.sec.gov/Archives/edgar/data/6951/000000695101500003/0000006951-01-500003-index.htm", "finalLink": "https://www.sec.gov/Archives/edgar/data/6951/000000695101500003/form10k.htm", "calculatedOtherExpenses": -160791000, "calculatedOperatingExpenses": 1907884000, "calculatedNetInterest": 0, "calculatedOtherIncome": 0, "calculatedIncomeNonControlling": 0, "calculatedEbitda": 3309814000}, {"date": "1999-10-31", "symbol": "AMAT", "reportedCurrency": "USD", "cik": "0000006951", "fillingDate": "2000-01-31", "acceptedDate": "2000-01-31 00:00:00", "calendarYear": "1999", "period": "FY", "revenue": 4859100000, "costOfRevenue": 2537300000, "grossProfit": 2321800000, "grossProfitRatio": 0.4778251116, "researchAndDevelopmentExpenses": 681800000, "generalAndAdministrativeExpenses": 0, "sellingAndMarketingExpenses": 0, "sellingGeneralAndAdministrativeExpenses": 658000000, "otherExpenses": 48300000, "operatingExpenses": 1388100000, "costAndExpenses": 3925400000, "interestIncome": 0, "interestExpense": 0, "depreciationAndAmortization": 275400000, "ebitda": 1193700000, "ebitdaratio": 0.2456627771, "operatingIncome": 933700000, "operatingIncomeRatio": 0.1921549258, "totalOtherIncomeExpensesNet": 15400000, "incomeBeforeTax": 1021800000, "incomeBeforeTaxRatio": 0.2102858554, "incomeTaxExpense": 329900000, "netIncome": 746700000, "netIncomeRatio": 0.1536704328, "eps": 0.48, "epsdiluted": 0.46, "weightedAverageShsOut": 1557208000, "weightedAverageShsOutDil": 1641160000, "link": "https://www.sec.gov/Archives/edgar/data/6951/000095014900000110/0000950149-00-000110-index.html", "finalLink": "https://www.sec.gov/Archives/edgar/data/6951/000095014900000110/0000950149-00-000110-d1.html", "calculatedOtherExpenses": 48300000, "calculatedOperatingExpenses": 1388100000, "calculatedNetInterest": 0, "calculatedOtherIncome": 88100000, "calculatedIncomeNonControlling": -54800000, "calculatedEbitda": 1209100000}, {"date": "1998-10-25", "symbol": "AMAT", "reportedCurrency": "USD", "cik": "0000006951", "fillingDate": "1999-01-20", "acceptedDate": "1999-01-20 00:00:00", "calendarYear": "1998", "period": "FY", "revenue": 4041700000, "costOfRevenue": 2178500000, "grossProfit": 1863200000, "grossProfitRatio": 0.4609941361, "researchAndDevelopmentExpenses": 643900000, "generalAndAdministrativeExpenses": 0, "sellingAndMarketingExpenses": 0, "sellingGeneralAndAdministrativeExpenses": 593700000, "otherExpenses": 237200000, "operatingExpenses": 1474800000, "costAndExpenses": 3653300000, "interestIncome": 0, "interestExpense": 0, "depreciationAndAmortization": 284500000, "ebitda": 895100000, "ebitdaratio": 0.2214662147, "operatingIncome": 388400000, "operatingIncomeRatio": 0.0960981765, "totalOtherIncomeExpensesNet": -222200000, "incomeBeforeTax": 437800000, "incomeBeforeTaxRatio": 0.1083207561, "incomeTaxExpense": 148900000, "netIncome": 230900000, "netIncomeRatio": 0.0571294257, "eps": 0.16, "epsdiluted": 0.15, "weightedAverageShsOut": 1467396000, "weightedAverageShsOutDil": 1514032000, "link": "https://www.sec.gov/Archives/edgar/data/6951/000089161899000140/0000891618-99-000140-index.html", "finalLink": "https://www.sec.gov/Archives/edgar/data/6951/", "calculatedOtherExpenses": 237200000, "calculatedOperatingExpenses": 1474800000, "calculatedNetInterest": 0, "calculatedOtherIncome": 49400000, "calculatedIncomeNonControlling": 58000000, "calculatedEbitda": 672900000}, {"date": "1997-10-26", "symbol": "AMAT", "reportedCurrency": "USD", "cik": "0000006951", "fillingDate": "1998-01-23", "acceptedDate": "1998-01-23 00:00:00", "calendarYear": "1997", "period": "FY", "revenue": 4074300000, "costOfRevenue": 2173400000, "grossProfit": 1900900000, "grossProfitRatio": 0.4665586727, "researchAndDevelopmentExpenses": 567600000, "generalAndAdministrativeExpenses": 0, "sellingAndMarketingExpenses": 0, "sellingGeneralAndAdministrativeExpenses": 566600000, "otherExpenses": 16300000, "operatingExpenses": 1150500000, "costAndExpenses": 3323900000, "interestIncome": 0, "interestExpense": 0, "depreciationAndAmortization": 219400000, "ebitda": 976600000, "ebitdaratio": 0.2396976168, "operatingIncome": 690900000, "operatingIncomeRatio": 0.1695751417, "totalOtherIncomeExpensesNet": -6800000, "incomeBeforeTax": 798900000, "incomeBeforeTaxRatio": 0.1960827627, "incomeTaxExpense": 300400000, "netIncome": 498500000, "netIncomeRatio": 0.1223523059, "eps": 0.33, "epsdiluted": 0.33, "weightedAverageShsOut": 3022704000, "weightedAverageShsOutDil": 3022704000, "link": "https://www.sec.gov/Archives/edgar/data/6951/0000891618-98-000207-index.html", "finalLink": "https://www.sec.gov/Archives/edgar/data/6951/0000891618-98-000207.txt", "calculatedOtherExpenses": 75800000, "calculatedOperatingExpenses": 1210000000, "calculatedNetInterest": 0, "calculatedOtherIncome": 108000000, "calculatedIncomeNonControlling": 0, "calculatedEbitda": 910300000}, {"date": "1996-10-27", "symbol": "AMAT", "reportedCurrency": "USD", "cik": "0000006951", "fillingDate": "1997-01-24", "acceptedDate": "1997-01-24 00:00:00", "calendarYear": "1996", "period": "FY", "revenue": 4144800000, "costOfRevenue": 2195100000, "grossProfit": 1949700000, "grossProfitRatio": 0.4703966416, "researchAndDevelopmentExpenses": 481400000, "generalAndAdministrativeExpenses": 0, "sellingAndMarketingExpenses": 0, "sellingGeneralAndAdministrativeExpenses": 539700000, "otherExpenses": 0, "operatingExpenses": 1021000000, "costAndExpenses": 3216100000, "interestIncome": 0, "interestExpense": 0, "depreciationAndAmortization": 148900000, "ebitda": 1102700000, "ebitdaratio": 0.2660442, "operatingIncome": 903600000, "operatingIncomeRatio": 0.2180081065, "totalOtherIncomeExpensesNet": -25100000, "incomeBeforeTax": 599600000, "incomeBeforeTaxRatio": 0.1446631924, "incomeTaxExpense": 322900000, "netIncome": 599600000, "netIncomeRatio": 0.1446631924, "eps": 0.42, "epsdiluted": 0.41, "weightedAverageShsOut": 1427619048, "weightedAverageShsOutDil": 1462439024, "link": "https://www.sec.gov/Archives/edgar/data/6951/000089161897000148/0000891618-97-000148-index.html", "finalLink": "https://www.sec.gov/Archives/edgar/data/6951/", "calculatedOtherExpenses": 25000000, "calculatedOperatingExpenses": 1046100000, "calculatedNetInterest": 0, "calculatedOtherIncome": -304000000, "calculatedIncomeNonControlling": -322900000, "calculatedEbitda": 1052500000}, {"date": "1995-10-29", "symbol": "AMAT", "reportedCurrency": "USD", "cik": "0000006951", "fillingDate": "1996-01-12", "acceptedDate": "1996-01-12 00:00:00", "calendarYear": "1995", "period": "FY", "revenue": 3061900000, "costOfRevenue": 1652000000, "grossProfit": 1409900000, "grossProfitRatio": 0.4604657239, "researchAndDevelopmentExpenses": 329700000, "generalAndAdministrativeExpenses": 0, "sellingAndMarketingExpenses": 0, "sellingGeneralAndAdministrativeExpenses": 386200000, "otherExpenses": 0, "operatingExpenses": 715900000, "costAndExpenses": 2367900000, "interestIncome": 0, "interestExpense": 0, "depreciationAndAmortization": 83200000, "ebitda": 777200000, "ebitdaratio": 0.2538293217, "operatingIncome": 693900000, "operatingIncomeRatio": 0.2266239916, "totalOtherIncomeExpensesNet": 4600000, "incomeBeforeTax": 698500000, "incomeBeforeTaxRatio": 0.2281263268, "incomeTaxExpense": 244500000, "netIncome": 454100000, "netIncomeRatio": 0.148306607, "eps": 0.32, "epsdiluted": 0.32, "weightedAverageShsOut": 2837568000, "weightedAverageShsOutDil": 2837568000, "link": "https://www.sec.gov/Archives/edgar/data/6951/000089161896000013/0000891618-96-000013-index.html", "finalLink": "https://www.sec.gov/Archives/edgar/data/6951/", "calculatedOtherExpenses": 100000, "calculatedOperatingExpenses": 716000000, "calculatedNetInterest": 0, "calculatedOtherIncome": 4600000, "calculatedIncomeNonControlling": -100000, "calculatedEbitda": 777100000}, {"date": "1994-10-30", "symbol": "AMAT", "reportedCurrency": "USD", "cik": "0000006951", "fillingDate": "1994-12-21", "acceptedDate": "1994-12-21 00:00:00", "calendarYear": "1994", "period": "FY", "revenue": 1659800000, "costOfRevenue": 891500000, "grossProfit": 768300000, "grossProfitRatio": 0.4628870948, "researchAndDevelopmentExpenses": 189100000, "generalAndAdministrativeExpenses": 0, "sellingAndMarketingExpenses": 0, "sellingGeneralAndAdministrativeExpenses": 242000000, "otherExpenses": 0, "operatingExpenses": 429100000, "costAndExpenses": 1320600000, "interestIncome": 0, "interestExpense": 0, "depreciationAndAmortization": 59100000, "ebitda": 396200000, "ebitdaratio": 0.2387034582, "operatingIncome": 339200000, "operatingIncomeRatio": 0.2043619713, "totalOtherIncomeExpensesNet": -1600000, "incomeBeforeTax": 334500000, "incomeBeforeTaxRatio": 0.2015303049, "incomeTaxExpense": 117100000, "netIncome": 220700000, "netIncomeRatio": 0.1329678274, "eps": 0.17, "epsdiluted": 0.17, "weightedAverageShsOut": 1360336000, "weightedAverageShsOutDil": 1360336000, "link": "https://www.sec.gov/Archives/edgar/data/6951/000089161894000267/0000891618-94-000267-index.html", "finalLink": "https://www.sec.gov/Archives/edgar/data/6951/", "calculatedOtherExpenses": -2000000, "calculatedOperatingExpenses": 429100000, "calculatedNetInterest": 0, "calculatedOtherIncome": -4700000, "calculatedIncomeNonControlling": -3300000, "calculatedEbitda": 398300000}, {"date": "1993-10-31", "symbol": "AMAT", "reportedCurrency": "USD", "cik": "0000006951", "fillingDate": "1993-10-31", "acceptedDate": "1993-10-31 00:00:00", "calendarYear": "1993", "period": "FY", "revenue": 1080000000, "costOfRevenue": 565500000, "grossProfit": 514500000, "grossProfitRatio": 0.4763888889, "researchAndDevelopmentExpenses": 0, "generalAndAdministrativeExpenses": 0, "sellingAndMarketingExpenses": 0, "sellingGeneralAndAdministrativeExpenses": 311800000, "otherExpenses": 38900000, "operatingExpenses": 350700000, "costAndExpenses": 916200000, "interestIncome": 0, "interestExpense": 0, "depreciationAndAmortization": 38900000, "ebitda": 202000000, "ebitdaratio": 0.187037037, "operatingIncome": 163800000, "operatingIncomeRatio": 0.1516666667, "totalOtherIncomeExpensesNet": 700000, "incomeBeforeTax": 150400000, "incomeBeforeTaxRatio": 0.1392592593, "incomeTaxExpense": 50700000, "netIncome": 99700000, "netIncomeRatio": 0.0923148148, "eps": 0.08, "epsdiluted": 0.08, "weightedAverageShsOut": 1246250000, "weightedAverageShsOutDil": 1246250000, "link": null, "finalLink": null, "calculatedOtherExpenses": 38900000, "calculatedOperatingExpenses": 350700000, "calculatedNetInterest": 0, "calculatedOtherIncome": -13400000, "calculatedIncomeNonControlling": 0, "calculatedEbitda": 202700000}, {"date": "1992-10-31", "symbol": "AMAT", "reportedCurrency": "USD", "cik": "0000006951", "fillingDate": "1992-10-31", "acceptedDate": "1992-10-31 00:00:00", "calendarYear": "1992", "period": "FY", "revenue": 751400000, "costOfRevenue": 414300000, "grossProfit": 337100000, "grossProfitRatio": 0.4486292254, "researchAndDevelopmentExpenses": 0, "generalAndAdministrativeExpenses": 0, "sellingAndMarketingExpenses": 0, "sellingGeneralAndAdministrativeExpenses": 235600000, "otherExpenses": 28900000, "operatingExpenses": 264500000, "costAndExpenses": 678800000, "interestIncome": 0, "interestExpense": 0, "depreciationAndAmortization": 28900000, "ebitda": 100000000, "ebitdaratio": 0.1330849082, "operatingIncome": 72600000, "operatingIncomeRatio": 0.0966196433, "totalOtherIncomeExpensesNet": 1500000, "incomeBeforeTax": 58900000, "incomeBeforeTaxRatio": 0.0783870109, "incomeTaxExpense": 19400000, "netIncome": 39500000, "netIncomeRatio": 0.0525685387, "eps": 0.035, "epsdiluted": 0.035, "weightedAverageShsOut": 1128571429, "weightedAverageShsOutDil": 1128571429, "link": null, "finalLink": null, "calculatedOtherExpenses": 28900000, "calculatedOperatingExpenses": 264500000, "calculatedNetInterest": 0, "calculatedOtherIncome": -13700000, "calculatedIncomeNonControlling": 0, "calculatedEbitda": 101500000}, {"date": "1991-10-31", "symbol": "AMAT", "reportedCurrency": "USD", "cik": "0000006951", "fillingDate": "1991-10-31", "acceptedDate": "1991-10-31 00:00:00", "calendarYear": "1991", "period": "FY", "revenue": 638600000, "costOfRevenue": 345500000, "grossProfit": 293100000, "grossProfitRatio": 0.4589727529, "researchAndDevelopmentExpenses": 0, "generalAndAdministrativeExpenses": 0, "sellingAndMarketingExpenses": 0, "sellingGeneralAndAdministrativeExpenses": 215900000, "otherExpenses": 24500000, "operatingExpenses": 240400000, "costAndExpenses": 585900000, "interestIncome": 0, "interestExpense": 0, "depreciationAndAmortization": 24500000, "ebitda": 75600000, "ebitdaratio": 0.1183839649, "operatingIncome": 52700000, "operatingIncomeRatio": 0.0825242718, "totalOtherIncomeExpensesNet": 1600000, "incomeBeforeTax": 40300000, "incomeBeforeTaxRatio": 0.0631067961, "incomeTaxExpense": 14100000, "netIncome": 26200000, "netIncomeRatio": 0.0410272471, "eps": 0.025, "epsdiluted": 0.025, "weightedAverageShsOut": 1048000000, "weightedAverageShsOutDil": 1048000000, "link": null, "finalLink": null, "calculatedOtherExpenses": 24500000, "calculatedOperatingExpenses": 240400000, "calculatedNetInterest": 0, "calculatedOtherIncome": -12400000, "calculatedIncomeNonControlling": 0, "calculatedEbitda": 77200000}, {"date": "1990-10-31", "symbol": "AMAT", "reportedCurrency": "USD", "cik": "0000006951", "fillingDate": "1990-10-31", "acceptedDate": "1990-10-31 00:00:00", "calendarYear": "1990", "period": "FY", "revenue": 567100000, "costOfRevenue": 286000000, "grossProfit": 281100000, "grossProfitRatio": 0.4956797743, "researchAndDevelopmentExpenses": 0, "generalAndAdministrativeExpenses": 0, "sellingAndMarketingExpenses": 0, "sellingGeneralAndAdministrativeExpenses": 206200000, "otherExpenses": 16000000, "operatingExpenses": 222200000, "costAndExpenses": 508200000, "interestIncome": 0, "interestExpense": 0, "depreciationAndAmortization": 16000000, "ebitda": 73000000, "ebitdaratio": 0.1287250926, "operatingIncome": 58900000, "operatingIncomeRatio": 0.1038617528, "totalOtherIncomeExpensesNet": 1900000, "incomeBeforeTax": 54100000, "incomeBeforeTaxRatio": 0.0953976371, "incomeTaxExpense": 20000000, "netIncome": 34100000, "netIncomeRatio": 0.0601304885, "eps": 0.035, "epsdiluted": 0.035, "weightedAverageShsOut": 974285714, "weightedAverageShsOutDil": 974285714, "link": null, "finalLink": null, "calculatedOtherExpenses": 16000000, "calculatedOperatingExpenses": 222200000, "calculatedNetInterest": 0, "calculatedOtherIncome": -4800000, "calculatedIncomeNonControlling": 0, "calculatedEbitda": 74900000}, {"date": "1989-10-31", "symbol": "AMAT", "reportedCurrency": "USD", "cik": "0000006951", "fillingDate": "1989-10-31", "acceptedDate": "1989-10-31 00:00:00", "calendarYear": "1989", "period": "FY", "revenue": 501800000, "costOfRevenue": 245400000, "grossProfit": 256400000, "grossProfitRatio": 0.510960542, "researchAndDevelopmentExpenses": 0, "generalAndAdministrativeExpenses": 0, "sellingAndMarketingExpenses": 0, "sellingGeneralAndAdministrativeExpenses": 161200000, "otherExpenses": 11700000, "operatingExpenses": 172900000, "costAndExpenses": 418300000, "interestIncome": 0, "interestExpense": 0, "depreciationAndAmortization": 11700000, "ebitda": 94300000, "ebitdaratio": 0.1879234755, "operatingIncome": 83500000, "operatingIncomeRatio": 0.1664009566, "totalOtherIncomeExpensesNet": 900000, "incomeBeforeTax": 84400000, "incomeBeforeTaxRatio": 0.1681944998, "incomeTaxExpense": 32900000, "netIncome": 51500000, "netIncomeRatio": 0.1026305301, "eps": 0.05, "epsdiluted": 0.05, "weightedAverageShsOut": 1030000000, "weightedAverageShsOutDil": 1030000000, "link": null, "finalLink": null, "calculatedOtherExpenses": 11700000, "calculatedOperatingExpenses": 172900000, "calculatedNetInterest": 0, "calculatedOtherIncome": 900000, "calculatedIncomeNonControlling": 0, "calculatedEbitda": 95200000}, {"date": "1988-10-31", "symbol": "AMAT", "reportedCurrency": "USD", "cik": "0000006951", "fillingDate": "1988-10-31", "acceptedDate": "1988-10-31 00:00:00", "calendarYear": "1988", "period": "FY", "revenue": 362800000, "costOfRevenue": 180700000, "grossProfit": 182100000, "grossProfitRatio": 0.5019294377, "researchAndDevelopmentExpenses": 0, "generalAndAdministrativeExpenses": 0, "sellingAndMarketingExpenses": 0, "sellingGeneralAndAdministrativeExpenses": 100100000, "otherExpenses": 11400000, "operatingExpenses": 111500000, "costAndExpenses": 292200000, "interestIncome": 0, "interestExpense": 0, "depreciationAndAmortization": 11400000, "ebitda": 82600000, "ebitdaratio": 0.2276736494, "operatingIncome": 70600000, "operatingIncomeRatio": 0.1945975744, "totalOtherIncomeExpensesNet": -600000, "incomeBeforeTax": 66700000, "incomeBeforeTaxRatio": 0.1838478501, "incomeTaxExpense": 26700000, "netIncome": 40000000, "netIncomeRatio": 0.1102535832, "eps": 0.04, "epsdiluted": 0.04, "weightedAverageShsOut": 1000000000, "weightedAverageShsOutDil": 1000000000, "link": null, "finalLink": null, "calculatedOtherExpenses": 11400000, "calculatedOperatingExpenses": 111500000, "calculatedNetInterest": 0, "calculatedOtherIncome": -3900000, "calculatedIncomeNonControlling": 0, "calculatedEbitda": 82000000}, {"date": "1987-10-31", "symbol": "AMAT", "reportedCurrency": "USD", "cik": "0000006951", "fillingDate": "1987-10-31", "acceptedDate": "1987-10-31 00:00:00", "calendarYear": "1987", "period": "FY", "revenue": 174400000, "costOfRevenue": 93800000, "grossProfit": 80600000, "grossProfitRatio": 0.4621559633, "researchAndDevelopmentExpenses": 0, "generalAndAdministrativeExpenses": 0, "sellingAndMarketingExpenses": 0, "sellingGeneralAndAdministrativeExpenses": 69300000, "otherExpenses": 9300000, "operatingExpenses": 78600000, "costAndExpenses": 172400000, "interestIncome": 0, "interestExpense": 0, "depreciationAndAmortization": 9300000, "ebitda": 9500000, "ebitdaratio": 0.0544724771, "operatingIncome": 2000000, "operatingIncomeRatio": 0.0114678899, "totalOtherIncomeExpensesNet": 1800000, "incomeBeforeTax": 500000, "incomeBeforeTaxRatio": 0.0028669725, "incomeTaxExpense": 200000, "netIncome": 300000, "netIncomeRatio": 0.0017201835, "eps": 0.005, "epsdiluted": 0.005, "weightedAverageShsOut": 990272000, "weightedAverageShsOutDil": 990272000, "link": null, "finalLink": null, "calculatedOtherExpenses": 9300000, "calculatedOperatingExpenses": 78600000, "calculatedNetInterest": 0, "calculatedOtherIncome": -1500000, "calculatedIncomeNonControlling": 0, "calculatedEbitda": 11300000}, {"date": "1986-10-31", "symbol": "AMAT", "reportedCurrency": "USD", "cik": "0000006951", "fillingDate": "1986-10-31", "acceptedDate": "1986-10-31 00:00:00", "calendarYear": "1986", "period": "FY", "revenue": 149300000, "costOfRevenue": 81100000, "grossProfit": 68200000, "grossProfitRatio": 0.4567983925, "researchAndDevelopmentExpenses": 0, "generalAndAdministrativeExpenses": 0, "sellingAndMarketingExpenses": 0, "sellingGeneralAndAdministrativeExpenses": 56400000, "otherExpenses": 7800000, "operatingExpenses": 64200000, "costAndExpenses": 145300000, "interestIncome": 0, "interestExpense": 0, "depreciationAndAmortization": 7800000, "ebitda": 13600000, "ebitdaratio": 0.0910917616, "operatingIncome": 4000000, "operatingIncomeRatio": 0.0267916946, "totalOtherIncomeExpensesNet": -1800000, "incomeBeforeTax": 2100000, "incomeBeforeTaxRatio": 0.0140656397, "incomeTaxExpense": 900000, "netIncome": 1200000, "netIncomeRatio": 0.0080375084, "eps": 0.005, "epsdiluted": 0.005, "weightedAverageShsOut": 840448000, "weightedAverageShsOutDil": 840448000, "link": null, "finalLink": null, "calculatedOtherExpenses": 7800000, "calculatedOperatingExpenses": 64200000, "calculatedNetInterest": 0, "calculatedOtherIncome": -1900000, "calculatedIncomeNonControlling": 0, "calculatedEbitda": 11800000}, {"date": "1985-10-31", "symbol": "AMAT", "reportedCurrency": "USD", "cik": "0000006951", "fillingDate": "1985-10-31", "acceptedDate": "1985-10-31 00:00:00", "calendarYear": "1985", "period": "FY", "revenue": 174600000, "costOfRevenue": 89000000, "grossProfit": 85600000, "grossProfitRatio": 0.4902634593, "researchAndDevelopmentExpenses": 0, "generalAndAdministrativeExpenses": 0, "sellingAndMarketingExpenses": 0, "sellingGeneralAndAdministrativeExpenses": 64300000, "otherExpenses": 5200000, "operatingExpenses": 69500000, "costAndExpenses": 158500000, "interestIncome": 0, "interestExpense": 0, "depreciationAndAmortization": 5200000, "ebitda": 21300000, "ebitdaratio": 0.1219931271, "operatingIncome": 16100000, "operatingIncomeRatio": 0.0922107675, "totalOtherIncomeExpensesNet": -100000, "incomeBeforeTax": 16000000, "incomeBeforeTaxRatio": 0.0916380298, "incomeTaxExpense": 6700000, "netIncome": 9300000, "netIncomeRatio": 0.0532646048, "eps": 0.015, "epsdiluted": 0.015, "weightedAverageShsOut": 620000000, "weightedAverageShsOutDil": 620000000, "link": null, "finalLink": null, "calculatedOtherExpenses": 5200000, "calculatedOperatingExpenses": 69500000, "calculatedNetInterest": 0, "calculatedOtherIncome": -100000, "calculatedIncomeNonControlling": 0, "calculatedEbitda": 21300000}]}