{"originalCurrency": "USD", "convertedCurrency": "USD", "report": [{"date": "2024-01-31", "symbol": "AMBA", "reportedCurrency": "USD", "cik": "0001280263", "fillingDate": "2024-03-29", "acceptedDate": "2024-03-29 15:00:42", "calendarYear": "2024", "period": "FY", "revenue": 226474000, "costOfRevenue": 94457000, "grossProfit": 132017000, "grossProfitRatio": 0.5829234261, "researchAndDevelopmentExpenses": 215052000, "generalAndAdministrativeExpenses": 0, "sellingAndMarketingExpenses": 0, "sellingGeneralAndAdministrativeExpenses": 67725000, "otherExpenses": 6030000, "operatingExpenses": 282777000, "costAndExpenses": 377234000, "interestIncome": 0, "interestExpense": 0, "depreciationAndAmortization": 24813000, "ebitda": -125947000, "ebitdaratio": -0.5561212325, "operatingIncome": -150760000, "operatingIncomeRatio": -0.665683478, "totalOtherIncomeExpensesNet": 2230000, "incomeBeforeTax": -148530000, "incomeBeforeTaxRatio": -0.6558368731, "incomeTaxExpense": 20887000, "netIncome": -169417000, "netIncomeRatio": -0.7480637954, "eps": -4.25, "epsdiluted": -4.25, "weightedAverageShsOut": 39878872, "weightedAverageShsOutDil": 39878872, "link": "https://www.sec.gov/Archives/edgar/data/1280263/000095017024038555/0000950170-24-038555-index.htm", "finalLink": "https://www.sec.gov/Archives/edgar/data/1280263/000095017024038555/amba-20240131.htm", "calculatedOtherExpenses": 0, "calculatedOperatingExpenses": 282777000, "calculatedNetInterest": 0, "calculatedOtherIncome": 2230000, "calculatedIncomeNonControlling": 0, "calculatedEbitda": -125947000}, {"date": "2023-01-31", "symbol": "AMBA", "reportedCurrency": "USD", "cik": "0001280263", "fillingDate": "2023-03-31", "acceptedDate": "2023-03-31 14:31:07", "calendarYear": "2023", "period": "FY", "revenue": 337606000, "costOfRevenue": 128672000, "grossProfit": 208934000, "grossProfitRatio": 0.6188693329, "researchAndDevelopmentExpenses": 204946000, "generalAndAdministrativeExpenses": 0, "sellingAndMarketingExpenses": 0, "sellingGeneralAndAdministrativeExpenses": 78244000, "otherExpenses": 3318000, "operatingExpenses": 283190000, "costAndExpenses": 411862000, "interestIncome": 1016999, "interestExpense": -19934000, "depreciationAndAmortization": 19934000, "ebitda": -74256000, "ebitdaratio": -0.2199486976, "operatingIncome": -74256000, "operatingIncomeRatio": -0.2199486976, "totalOtherIncomeExpensesNet": 3318000, "incomeBeforeTax": -70938000, "incomeBeforeTaxRatio": -0.2101206732, "incomeTaxExpense": -5552000, "netIncome": -65386000, "netIncomeRatio": -0.1936754679, "eps": -1.7, "epsdiluted": -1.7, "weightedAverageShsOut": 38363638, "weightedAverageShsOutDil": 38363638, "link": "https://www.sec.gov/Archives/edgar/data/1280263/000095017023011305/0000950170-23-011305-index.htm", "finalLink": "https://www.sec.gov/Archives/edgar/data/1280263/000095017023011305/amba-20230131.htm", "calculatedOtherExpenses": 0, "calculatedOperatingExpenses": 283190000, "calculatedNetInterest": 20950999, "calculatedOtherIncome": -17632999, "calculatedIncomeNonControlling": 0, "calculatedEbitda": -54322000}, {"date": "2022-01-31", "symbol": "AMBA", "reportedCurrency": "USD", "cik": "0001280263", "fillingDate": "2022-04-01", "acceptedDate": "2022-04-01 16:00:00", "calendarYear": "2022", "period": "FY", "revenue": 331856000, "costOfRevenue": 123724000, "grossProfit": 208132000, "grossProfitRatio": 0.6271756424, "researchAndDevelopmentExpenses": 167337000, "generalAndAdministrativeExpenses": 0, "sellingAndMarketingExpenses": 0, "sellingGeneralAndAdministrativeExpenses": 70438000, "otherExpenses": 1002000, "operatingExpenses": 237775000, "costAndExpenses": 361499000, "interestIncome": 2734000, "interestExpense": -15009000, "depreciationAndAmortization": 14007000, "ebitda": -29643000, "ebitdaratio": -0.0893248879, "operatingIncome": -29643000, "operatingIncomeRatio": -0.0893248879, "totalOtherIncomeExpensesNet": 1002000, "incomeBeforeTax": -28641000, "incomeBeforeTaxRatio": -0.086305506, "incomeTaxExpense": -2230000, "netIncome": -26411000, "netIncomeRatio": -0.0795857239, "eps": -0.72, "epsdiluted": -0.72, "weightedAverageShsOut": 36577120, "weightedAverageShsOutDil": 36577120, "link": "https://www.sec.gov/Archives/edgar/data/1280263/000156459022013224/0001564590-22-013224-index.htm", "finalLink": "https://www.sec.gov/Archives/edgar/data/1280263/000156459022013224/amba-10k_20220131.htm", "calculatedOtherExpenses": 0, "calculatedOperatingExpenses": 237775000, "calculatedNetInterest": 17743000, "calculatedOtherIncome": -16741000, "calculatedIncomeNonControlling": 0, "calculatedEbitda": -15636000}, {"date": "2021-01-31", "symbol": "AMBA", "reportedCurrency": "USD", "cik": "0001280263", "fillingDate": "2021-03-31", "acceptedDate": "2021-03-31 14:00:55", "calendarYear": "2021", "period": "FY", "revenue": 222990000, "costOfRevenue": 87417000, "grossProfit": 135573000, "grossProfitRatio": 0.6079779362, "researchAndDevelopmentExpenses": 140759000, "generalAndAdministrativeExpenses": 0, "sellingAndMarketingExpenses": 0, "sellingGeneralAndAdministrativeExpenses": 55980000, "otherExpenses": 3863000, "operatingExpenses": 196739000, "costAndExpenses": 284156000, "interestIncome": 4321000, "interestExpense": 0, "depreciationAndAmortization": 11967000, "ebitda": -61166000, "ebitdaratio": -0.2742992959, "operatingIncome": -61166000, "operatingIncomeRatio": -0.2742992959, "totalOtherIncomeExpensesNet": 3863000, "incomeBeforeTax": -57303000, "incomeBeforeTaxRatio": -0.2569756491, "incomeTaxExpense": 2483000, "netIncome": -59786000, "netIncomeRatio": -0.2681106776, "eps": -1.72, "epsdiluted": -1.72, "weightedAverageShsOut": 34679717, "weightedAverageShsOutDil": 34679717, "link": "https://www.sec.gov/Archives/edgar/data/1280263/000156459021016988/0001564590-21-016988-index.htm", "finalLink": "https://www.sec.gov/Archives/edgar/data/1280263/000156459021016988/amba-10k_20210131.htm", "calculatedOtherExpenses": 0, "calculatedOperatingExpenses": 196739000, "calculatedNetInterest": 4321000, "calculatedOtherIncome": -458000, "calculatedIncomeNonControlling": 0, "calculatedEbitda": -49199000}, {"date": "2020-01-31", "symbol": "AMBA", "reportedCurrency": "USD", "cik": "0001280263", "fillingDate": "2020-03-27", "acceptedDate": "2020-03-27 13:17:08", "calendarYear": "2020", "period": "FY", "revenue": 228732000, "costOfRevenue": 96023000, "grossProfit": 132709000, "grossProfitRatio": 0.5801942885, "researchAndDevelopmentExpenses": 129724000, "generalAndAdministrativeExpenses": 0, "sellingAndMarketingExpenses": 0, "sellingGeneralAndAdministrativeExpenses": 52634000, "otherExpenses": 8021000, "operatingExpenses": 182358000, "costAndExpenses": 278381000, "interestIncome": 7052000, "interestExpense": 0, "depreciationAndAmortization": 11631000, "ebitda": -49649000, "ebitdaratio": -0.217061889, "operatingIncome": -49649000, "operatingIncomeRatio": -0.217061889, "totalOtherIncomeExpensesNet": 8021000, "incomeBeforeTax": -41628000, "incomeBeforeTaxRatio": -0.1819946488, "incomeTaxExpense": 3164000, "netIncome": -44792000, "netIncomeRatio": -0.1958274312, "eps": -1.35, "epsdiluted": -1.35, "weightedAverageShsOut": 33083562, "weightedAverageShsOutDil": 33083562, "link": "https://www.sec.gov/Archives/edgar/data/1280263/000156459020013513/0001564590-20-013513-index.htm", "finalLink": "https://www.sec.gov/Archives/edgar/data/1280263/000156459020013513/amba-10k_20200131.htm", "calculatedOtherExpenses": 0, "calculatedOperatingExpenses": 182358000, "calculatedNetInterest": 7052000, "calculatedOtherIncome": 969000, "calculatedIncomeNonControlling": 0, "calculatedEbitda": -38018000}, {"date": "2019-01-31", "symbol": "AMBA", "reportedCurrency": "USD", "cik": "0001280263", "fillingDate": "2019-03-29", "acceptedDate": "2019-03-29 15:33:32", "calendarYear": "2019", "period": "FY", "revenue": 227768000, "costOfRevenue": 89624000, "grossProfit": 138144000, "grossProfitRatio": 0.6065118893, "researchAndDevelopmentExpenses": 128084000, "generalAndAdministrativeExpenses": 50480000, "sellingAndMarketingExpenses": 0, "sellingGeneralAndAdministrativeExpenses": 50480000, "otherExpenses": 5868000, "operatingExpenses": 178564000, "costAndExpenses": 268188000, "interestIncome": 0, "interestExpense": 0, "depreciationAndAmortization": 7221000, "ebitda": -40420000, "ebitdaratio": -0.1774612764, "operatingIncome": -40420000, "operatingIncomeRatio": -0.1774612764, "totalOtherIncomeExpensesNet": 5868000, "incomeBeforeTax": -34552000, "incomeBeforeTaxRatio": -0.1516982192, "incomeTaxExpense": -4105000, "netIncome": -30447000, "netIncomeRatio": -0.1336754944, "eps": -0.93, "epsdiluted": -0.93, "weightedAverageShsOut": 32713606, "weightedAverageShsOutDil": 32713606, "link": "https://www.sec.gov/Archives/edgar/data/1280263/000156459019010114/0001564590-19-010114-index.htm", "finalLink": "https://www.sec.gov/Archives/edgar/data/1280263/000156459019010114/amba-10k_20190131.htm", "calculatedOtherExpenses": 0, "calculatedOperatingExpenses": 178564000, "calculatedNetInterest": 0, "calculatedOtherIncome": 5868000, "calculatedIncomeNonControlling": 0, "calculatedEbitda": -33199000}, {"date": "2018-01-31", "symbol": "AMBA", "reportedCurrency": "USD", "cik": "0001280263", "fillingDate": "2018-03-30", "acceptedDate": "2018-03-30 13:01:39", "calendarYear": "2018", "period": "FY", "revenue": 295402000, "costOfRevenue": 107669000, "grossProfit": 187733000, "grossProfitRatio": 0.6355170243, "researchAndDevelopmentExpenses": 115510000, "generalAndAdministrativeExpenses": 47792000, "sellingAndMarketingExpenses": 0, "sellingGeneralAndAdministrativeExpenses": 47792000, "otherExpenses": 1298000, "operatingExpenses": 163302000, "costAndExpenses": 270971000, "interestIncome": 0, "interestExpense": 0, "depreciationAndAmortization": 4770000, "ebitda": 24431000, "ebitdaratio": 0.0827042471, "operatingIncome": 24431000, "operatingIncomeRatio": 0.0827042471, "totalOtherIncomeExpensesNet": 1298000, "incomeBeforeTax": 25729000, "incomeBeforeTaxRatio": 0.0870982593, "incomeTaxExpense": 6877000, "netIncome": 18852000, "netIncomeRatio": 0.063818119, "eps": 0.57, "epsdiluted": 0.55, "weightedAverageShsOut": 33224803, "weightedAverageShsOutDil": 34583150, "link": "https://www.sec.gov/Archives/edgar/data/1280263/000156459018007226/0001564590-18-007226-index.htm", "finalLink": "https://www.sec.gov/Archives/edgar/data/1280263/000156459018007226/amba-10k_20180131.htm", "calculatedOtherExpenses": 0, "calculatedOperatingExpenses": 163302000, "calculatedNetInterest": 0, "calculatedOtherIncome": 1298000, "calculatedIncomeNonControlling": 0, "calculatedEbitda": 29201000}, {"date": "2017-01-31", "symbol": "AMBA", "reportedCurrency": "USD", "cik": "0001280263", "fillingDate": "2017-03-30", "acceptedDate": "2017-03-30 13:27:29", "calendarYear": "2017", "period": "FY", "revenue": 310297000, "costOfRevenue": 105283000, "grossProfit": 205014000, "grossProfitRatio": 0.6607024883, "researchAndDevelopmentExpenses": 101205000, "generalAndAdministrativeExpenses": 43446000, "sellingAndMarketingExpenses": 0, "sellingGeneralAndAdministrativeExpenses": 43446000, "otherExpenses": 518000, "operatingExpenses": 144651000, "costAndExpenses": 249934000, "interestIncome": 0, "interestExpense": 0, "depreciationAndAmortization": 1585000, "ebitda": 60363000, "ebitdaratio": 0.1945329797, "operatingIncome": 60363000, "operatingIncomeRatio": 0.1945329797, "totalOtherIncomeExpensesNet": 518000, "incomeBeforeTax": 60881000, "incomeBeforeTaxRatio": 0.1962023481, "incomeTaxExpense": 3071000, "netIncome": 57810000, "netIncomeRatio": 0.1863053784, "eps": 1.77, "epsdiluted": 1.68, "weightedAverageShsOut": 32671221, "weightedAverageShsOutDil": 34327724, "link": "https://www.sec.gov/Archives/edgar/data/1280263/000156459017005590/0001564590-17-005590-index.htm", "finalLink": "https://www.sec.gov/Archives/edgar/data/1280263/000156459017005590/amba-10k_20170131.htm", "calculatedOtherExpenses": 0, "calculatedOperatingExpenses": 144651000, "calculatedNetInterest": 0, "calculatedOtherIncome": 518000, "calculatedIncomeNonControlling": 0, "calculatedEbitda": 61948000}, {"date": "2016-01-31", "symbol": "AMBA", "reportedCurrency": "USD", "cik": "0001280263", "fillingDate": "2016-03-25", "acceptedDate": "2016-03-25 13:01:23", "calendarYear": "2016", "period": "FY", "revenue": 316373000, "costOfRevenue": 111029000, "grossProfit": 205344000, "grossProfitRatio": 0.6490566515, "researchAndDevelopmentExpenses": 82927000, "generalAndAdministrativeExpenses": 37738000, "sellingAndMarketingExpenses": 0, "sellingGeneralAndAdministrativeExpenses": 37738000, "otherExpenses": 530000, "operatingExpenses": 120665000, "costAndExpenses": 231694000, "interestIncome": 0, "interestExpense": 0, "depreciationAndAmortization": 1606000, "ebitda": 84679000, "ebitdaratio": 0.2676555838, "operatingIncome": 84679000, "operatingIncomeRatio": 0.2676555838, "totalOtherIncomeExpensesNet": 530000, "incomeBeforeTax": 85209000, "incomeBeforeTaxRatio": 0.2693308215, "incomeTaxExpense": 8701000, "netIncome": 76508000, "netIncomeRatio": 0.2418284746, "eps": 2.42, "epsdiluted": 2.27, "weightedAverageShsOut": 31633936, "weightedAverageShsOutDil": 33755709, "link": "https://www.sec.gov/Archives/edgar/data/1280263/000156459016015290/0001564590-16-015290-index.htm", "finalLink": "https://www.sec.gov/Archives/edgar/data/1280263/000156459016015290/amba-10k_20160131.htm", "calculatedOtherExpenses": 0, "calculatedOperatingExpenses": 120665000, "calculatedNetInterest": 0, "calculatedOtherIncome": 530000, "calculatedIncomeNonControlling": 0, "calculatedEbitda": 86285000}, {"date": "2015-01-31", "symbol": "AMBA", "reportedCurrency": "USD", "cik": "0001280263", "fillingDate": "2015-03-30", "acceptedDate": "2015-03-30 13:01:20", "calendarYear": "2015", "period": "FY", "revenue": 218278000, "costOfRevenue": 79142000, "grossProfit": 139136000, "grossProfitRatio": 0.6374256682, "researchAndDevelopmentExpenses": 57978000, "generalAndAdministrativeExpenses": 29297000, "sellingAndMarketingExpenses": 0, "sellingGeneralAndAdministrativeExpenses": 29297000, "otherExpenses": 175000, "operatingExpenses": 87275000, "costAndExpenses": 166417000, "interestIncome": 0, "interestExpense": 0, "depreciationAndAmortization": 1335000, "ebitda": 51861000, "ebitdaratio": 0.2375915117, "operatingIncome": 51861000, "operatingIncomeRatio": 0.2375915117, "totalOtherIncomeExpensesNet": 175000, "incomeBeforeTax": 52036000, "incomeBeforeTaxRatio": 0.2383932416, "incomeTaxExpense": 1465000, "netIncome": 50571000, "netIncomeRatio": 0.231681617, "eps": 1.7, "epsdiluted": 1.57, "weightedAverageShsOut": 29742653, "weightedAverageShsOutDil": 32278127, "link": "https://www.sec.gov/Archives/edgar/data/1280263/000156459015002116/0001564590-15-002116-index.htm", "finalLink": "https://www.sec.gov/Archives/edgar/data/1280263/000156459015002116/amba-10k_20150131.htm", "calculatedOtherExpenses": 0, "calculatedOperatingExpenses": 87275000, "calculatedNetInterest": 0, "calculatedOtherIncome": 175000, "calculatedIncomeNonControlling": 0, "calculatedEbitda": 53196000}, {"date": "2014-01-31", "symbol": "AMBA", "reportedCurrency": "USD", "cik": "0001280263", "fillingDate": "2014-04-04", "acceptedDate": "2014-04-04 13:37:32", "calendarYear": "2014", "period": "FY", "revenue": 157608000, "costOfRevenue": 57761000, "grossProfit": 99847000, "grossProfitRatio": 0.6335147962, "researchAndDevelopmentExpenses": 48777000, "generalAndAdministrativeExpenses": 23153000, "sellingAndMarketingExpenses": 0, "sellingGeneralAndAdministrativeExpenses": 23153000, "otherExpenses": -22000, "operatingExpenses": 71930000, "costAndExpenses": 129691000, "interestIncome": 0, "interestExpense": 0, "depreciationAndAmortization": 1096000, "ebitda": 27917000, "ebitdaratio": 0.1771293335, "operatingIncome": 27917000, "operatingIncomeRatio": 0.1771293335, "totalOtherIncomeExpensesNet": -22000, "incomeBeforeTax": 27895000, "incomeBeforeTaxRatio": 0.1769897467, "incomeTaxExpense": 2241000, "netIncome": 25654000, "netIncomeRatio": 0.1627709253, "eps": 0.93, "epsdiluted": 0.85, "weightedAverageShsOut": 27680778, "weightedAverageShsOutDil": 30172563, "link": "https://www.sec.gov/Archives/edgar/data/1280263/000119312514131361/0001193125-14-131361-index.htm", "finalLink": "https://www.sec.gov/Archives/edgar/data/1280263/000119312514131361/d648939d10k.htm", "calculatedOtherExpenses": 0, "calculatedOperatingExpenses": 71930000, "calculatedNetInterest": 0, "calculatedOtherIncome": -22000, "calculatedIncomeNonControlling": 0, "calculatedEbitda": 29013000}, {"date": "2013-01-31", "symbol": "AMBA", "reportedCurrency": "USD", "cik": "0001280263", "fillingDate": "2013-04-04", "acceptedDate": "2013-04-04 12:42:28", "calendarYear": "2013", "period": "FY", "revenue": 121066000, "costOfRevenue": 40405000, "grossProfit": 80661000, "grossProfitRatio": 0.6662564221, "researchAndDevelopmentExpenses": 42829000, "generalAndAdministrativeExpenses": 17926000, "sellingAndMarketingExpenses": 0, "sellingGeneralAndAdministrativeExpenses": 17926000, "otherExpenses": 136000, "operatingExpenses": 60755000, "costAndExpenses": 101160000, "interestIncome": 0, "interestExpense": 0, "depreciationAndAmortization": 1007000, "ebitda": 19906000, "ebitdaratio": 0.1644227116, "operatingIncome": 19906000, "operatingIncomeRatio": 0.1644227116, "totalOtherIncomeExpensesNet": 136000, "incomeBeforeTax": 20042000, "incomeBeforeTaxRatio": 0.1655460658, "incomeTaxExpense": 1854000, "netIncome": 18188000, "netIncomeRatio": 0.1502321048, "eps": 0.64, "epsdiluted": 0.6, "weightedAverageShsOut": 13511646, "weightedAverageShsOutDil": 15016986, "link": "https://www.sec.gov/Archives/edgar/data/1280263/000119312513141693/0001193125-13-141693-index.htm", "finalLink": "https://www.sec.gov/Archives/edgar/data/1280263/000119312513141693/d465523d10k.htm", "calculatedOtherExpenses": 0, "calculatedOperatingExpenses": 60755000, "calculatedNetInterest": 0, "calculatedOtherIncome": 136000, "calculatedIncomeNonControlling": 0, "calculatedEbitda": 20913000}, {"date": "2012-01-31", "symbol": "AMBA", "reportedCurrency": "USD", "cik": "0001280263", "fillingDate": "2012-01-31", "acceptedDate": "2012-01-30 19:00:00", "calendarYear": "2012", "period": "FY", "revenue": 97257000, "costOfRevenue": 32458000, "grossProfit": 64799000, "grossProfitRatio": 0.6662656673, "researchAndDevelopmentExpenses": 37618000, "generalAndAdministrativeExpenses": 15926000, "sellingAndMarketingExpenses": 0, "sellingGeneralAndAdministrativeExpenses": 15926000, "otherExpenses": -90000, "operatingExpenses": 53544000, "costAndExpenses": 86002000, "interestIncome": 0, "interestExpense": 0, "depreciationAndAmortization": 1136000, "ebitda": 12391000, "ebitdaratio": 0.1274047112, "operatingIncome": 11255000, "operatingIncomeRatio": 0.115724318, "totalOtherIncomeExpensesNet": -90000, "incomeBeforeTax": 11165000, "incomeBeforeTaxRatio": 0.1147989348, "incomeTaxExpense": 1344000, "netIncome": 9821000, "netIncomeRatio": 0.1009798781, "eps": 0.12, "epsdiluted": 0.12, "weightedAverageShsOut": 20873072, "weightedAverageShsOutDil": 22407525, "link": "", "finalLink": "", "calculatedOtherExpenses": 0, "calculatedOperatingExpenses": 53544000, "calculatedNetInterest": 0, "calculatedOtherIncome": -90000, "calculatedIncomeNonControlling": 0, "calculatedEbitda": 12391000}, {"date": "2011-01-31", "symbol": "AMBA", "reportedCurrency": "USD", "cik": "0001280263", "fillingDate": "2011-01-31", "acceptedDate": "2011-01-30 19:00:00", "calendarYear": "2011", "period": "FY", "revenue": 94739000, "costOfRevenue": 34500000, "grossProfit": 60239000, "grossProfitRatio": 0.6358416281, "researchAndDevelopmentExpenses": 34449000, "generalAndAdministrativeExpenses": 10313000, "sellingAndMarketingExpenses": 0, "sellingGeneralAndAdministrativeExpenses": 10313000, "otherExpenses": 0, "operatingExpenses": 44762000, "costAndExpenses": 79262000, "interestIncome": 0, "interestExpense": 0, "depreciationAndAmortization": 1603000, "ebitda": 17127000, "ebitdaratio": 0.1807808822, "operatingIncome": 15477000, "operatingIncomeRatio": 0.1633646123, "totalOtherIncomeExpensesNet": -47000, "incomeBeforeTax": 15430000, "incomeBeforeTaxRatio": 0.1628685124, "incomeTaxExpense": 1501000, "netIncome": 13929000, "netIncomeRatio": 0.1470249844, "eps": 0.19, "epsdiluted": 0.19, "weightedAverageShsOut": 20873072, "weightedAverageShsOutDil": 22407525, "link": "", "finalLink": "", "calculatedOtherExpenses": 0, "calculatedOperatingExpenses": 44762000, "calculatedNetInterest": 0, "calculatedOtherIncome": -47000, "calculatedIncomeNonControlling": 0, "calculatedEbitda": 17080000}, {"date": "2010-01-31", "symbol": "AMBA", "reportedCurrency": "USD", "cik": "0001280263", "fillingDate": "2010-01-31", "acceptedDate": "2010-01-30 19:00:00", "calendarYear": "2010", "period": "FY", "revenue": 71525000, "costOfRevenue": 24045000, "grossProfit": 47480000, "grossProfitRatio": 0.6638238378, "researchAndDevelopmentExpenses": 27638000, "generalAndAdministrativeExpenses": 6894000, "sellingAndMarketingExpenses": 0, "sellingGeneralAndAdministrativeExpenses": 6894000, "otherExpenses": -114000, "operatingExpenses": 34532000, "costAndExpenses": 58577000, "interestIncome": 0, "interestExpense": 0, "depreciationAndAmortization": 1298000, "ebitda": 14246000, "ebitdaratio": 0.1991751136, "operatingIncome": 12948000, "operatingIncomeRatio": 0.1810276127, "totalOtherIncomeExpensesNet": -114000, "incomeBeforeTax": 12834000, "incomeBeforeTaxRatio": 0.1794337644, "incomeTaxExpense": -454000, "netIncome": 13288000, "netIncomeRatio": 0.1857811954, "eps": 0.64, "epsdiluted": 0.59, "weightedAverageShsOut": 20873072, "weightedAverageShsOutDil": 22407525, "link": "", "finalLink": "", "calculatedOtherExpenses": 0, "calculatedOperatingExpenses": 34532000, "calculatedNetInterest": 0, "calculatedOtherIncome": -114000, "calculatedIncomeNonControlling": 0, "calculatedEbitda": 14246000}]}