{"originalCurrency": "USD", "convertedCurrency": "USD", "report": [{"date": "2023-12-30", "symbol": "AMD", "reportedCurrency": "USD", "cik": "0000002488", "fillingDate": "2024-01-31", "acceptedDate": "2024-01-31 17:16:39", "calendarYear": "2023", "period": "FY", "revenue": 22680000000, "costOfRevenue": 12220000000, "grossProfit": 10460000000, "grossProfitRatio": 0.4611992945, "researchAndDevelopmentExpenses": 5872000000, "generalAndAdministrativeExpenses": 1657000000, "sellingAndMarketingExpenses": 695000000, "sellingGeneralAndAdministrativeExpenses": 2352000000, "otherExpenses": -8000000, "operatingExpenses": 10059000000, "costAndExpenses": 22279000000, "interestIncome": 206000000, "interestExpense": 106000000, "depreciationAndAmortization": 3551000000, "ebitda": 4149000000, "ebitdaratio": 0.1829365079, "operatingIncome": 401000000, "operatingIncomeRatio": 0.017680776, "totalOtherIncomeExpensesNet": -9000000, "incomeBeforeTax": 492000000, "incomeBeforeTaxRatio": 0.0216931217, "incomeTaxExpense": -346000000, "netIncome": 854000000, "netIncomeRatio": 0.037654321, "eps": 0.53, "epsdiluted": 0.53, "weightedAverageShsOut": 1614000000, "weightedAverageShsOutDil": 1625000000, "link": "https://www.sec.gov/Archives/edgar/data/2488/000000248824000012/0000002488-24-000012-index.htm", "finalLink": "https://www.sec.gov/Archives/edgar/data/2488/000000248824000012/amd-20231230.htm", "calculatedOtherExpenses": 1835000000, "calculatedOperatingExpenses": 10059000000, "calculatedNetInterest": 100000000, "calculatedOtherIncome": -9000000, "calculatedIncomeNonControlling": -16000000, "calculatedEbitda": 3952000000}, {"date": "2022-12-31", "symbol": "AMD", "reportedCurrency": "USD", "cik": "0000002488", "fillingDate": "2023-02-27", "acceptedDate": "2023-02-27 16:20:39", "calendarYear": "2022", "period": "FY", "revenue": 23601000000, "costOfRevenue": 12998000000, "grossProfit": 10603000000, "grossProfitRatio": 0.4492606245, "researchAndDevelopmentExpenses": 5005000000, "generalAndAdministrativeExpenses": 1653000000, "sellingAndMarketingExpenses": 683000000, "sellingGeneralAndAdministrativeExpenses": 2336000000, "otherExpenses": 1998000000, "operatingExpenses": 9339000000, "costAndExpenses": 22337000000, "interestIncome": 65000000, "interestExpense": 88000000, "depreciationAndAmortization": 2108000000, "ebitda": 3372000000, "ebitdaratio": 0.1428753019, "operatingIncome": 1264000000, "operatingIncomeRatio": 0.0535570527, "totalOtherIncomeExpensesNet": -80000000, "incomeBeforeTax": 1184000000, "incomeBeforeTaxRatio": 0.0501673658, "incomeTaxExpense": -122000000, "netIncome": 1320000000, "netIncomeRatio": 0.0559298335, "eps": 0.85, "epsdiluted": 0.84, "weightedAverageShsOut": 1561000000, "weightedAverageShsOutDil": 1571000000, "link": "https://www.sec.gov/Archives/edgar/data/2488/000000248823000047/0000002488-23-000047-index.htm", "finalLink": "https://www.sec.gov/Archives/edgar/data/2488/000000248823000047/amd-20221231.htm", "calculatedOtherExpenses": 1998000000, "calculatedOperatingExpenses": 9339000000, "calculatedNetInterest": -23000000, "calculatedOtherIncome": -57000000, "calculatedIncomeNonControlling": -14000000, "calculatedEbitda": 3372000000}, {"date": "2021-12-25", "symbol": "AMD", "reportedCurrency": "USD", "cik": "0000002488", "fillingDate": "2022-02-03", "acceptedDate": "2022-02-03 17:22:50", "calendarYear": "2021", "period": "FY", "revenue": 16434000000, "costOfRevenue": 8505000000, "grossProfit": 7929000000, "grossProfitRatio": 0.482475356, "researchAndDevelopmentExpenses": 2845000000, "generalAndAdministrativeExpenses": 870000000, "sellingAndMarketingExpenses": 578000000, "sellingGeneralAndAdministrativeExpenses": 1448000000, "otherExpenses": -12000000, "operatingExpenses": 4281000000, "costAndExpenses": 12786000000, "interestIncome": 8000000, "interestExpense": 34000000, "depreciationAndAmortization": 55000000, "ebitda": 3703000000, "ebitdaratio": 0.2253255446, "operatingIncome": 3648000000, "operatingIncomeRatio": 0.2219788244, "totalOtherIncomeExpensesNet": 21000000, "incomeBeforeTax": 3669000000, "incomeBeforeTaxRatio": 0.223256663, "incomeTaxExpense": 513000000, "netIncome": 3162000000, "netIncomeRatio": 0.1924059876, "eps": 2.61, "epsdiluted": 2.57, "weightedAverageShsOut": 1213000000, "weightedAverageShsOutDil": 1229000000, "link": "https://www.sec.gov/Archives/edgar/data/2488/000000248822000016/0000002488-22-000016-index.htm", "finalLink": "https://www.sec.gov/Archives/edgar/data/2488/000000248822000016/amd-20211225.htm", "calculatedOtherExpenses": -12000000, "calculatedOperatingExpenses": 4281000000, "calculatedNetInterest": -26000000, "calculatedOtherIncome": 47000000, "calculatedIncomeNonControlling": -6000000, "calculatedEbitda": 3703000000}, {"date": "2020-12-26", "symbol": "AMD", "reportedCurrency": "USD", "cik": "0000002488", "fillingDate": "2021-01-29", "acceptedDate": "2021-01-29 17:24:00", "calendarYear": "2020", "period": "FY", "revenue": 9763000000, "costOfRevenue": 5416000000, "grossProfit": 4347000000, "grossProfitRatio": 0.4452524839, "researchAndDevelopmentExpenses": 1983000000, "generalAndAdministrativeExpenses": 681000000, "sellingAndMarketingExpenses": 314000000, "sellingGeneralAndAdministrativeExpenses": 995000000, "otherExpenses": -47000000, "operatingExpenses": 2978000000, "costAndExpenses": 8394000000, "interestIncome": 8000000, "interestExpense": 47000000, "depreciationAndAmortization": 354000000, "ebitda": 1322000000, "ebitdaratio": 0.135409198, "operatingIncome": 968000000, "operatingIncomeRatio": 0.0991498515, "totalOtherIncomeExpensesNet": 307000000, "incomeBeforeTax": 1275000000, "incomeBeforeTaxRatio": 0.130595104, "incomeTaxExpense": -1210000000, "netIncome": 2490000000, "netIncomeRatio": 0.255044556, "eps": 2.1, "epsdiluted": 2.06, "weightedAverageShsOut": 1184000000, "weightedAverageShsOutDil": 1207000000, "link": "https://www.sec.gov/Archives/edgar/data/2488/000162828021001185/0001628280-21-001185-index.htm", "finalLink": "https://www.sec.gov/Archives/edgar/data/2488/000162828021001185/amd-20201226.htm", "calculatedOtherExpenses": 401000000, "calculatedOperatingExpenses": 3379000000, "calculatedNetInterest": -39000000, "calculatedOtherIncome": 346000000, "calculatedIncomeNonControlling": -5000000, "calculatedEbitda": 1322000000}, {"date": "2019-12-28", "symbol": "AMD", "reportedCurrency": "USD", "cik": "0000002488", "fillingDate": "2020-02-04", "acceptedDate": "2020-02-04 17:21:47", "calendarYear": "2019", "period": "FY", "revenue": 6731000000, "costOfRevenue": 3863000000, "grossProfit": 2868000000, "grossProfitRatio": 0.4260882484, "researchAndDevelopmentExpenses": 1547000000, "generalAndAdministrativeExpenses": 533000000, "sellingAndMarketingExpenses": 217000000, "sellingGeneralAndAdministrativeExpenses": 750000000, "otherExpenses": -60000000, "operatingExpenses": 2237000000, "costAndExpenses": 6100000000, "interestIncome": 15000000, "interestExpense": 94000000, "depreciationAndAmortization": 258000000, "ebitda": 466000000, "ebitdaratio": 0.069231912, "operatingIncome": 208000000, "operatingIncomeRatio": 0.0309017977, "totalOtherIncomeExpensesNet": 164000000, "incomeBeforeTax": 372000000, "incomeBeforeTaxRatio": 0.0552666766, "incomeTaxExpense": 31000000, "netIncome": 341000000, "netIncomeRatio": 0.0506611202, "eps": 0.3, "epsdiluted": 0.3, "weightedAverageShsOut": 1091000000, "weightedAverageShsOutDil": 1120000000, "link": "https://www.sec.gov/Archives/edgar/data/2488/000000248820000008/0000002488-20-000008-index.htm", "finalLink": "https://www.sec.gov/Archives/edgar/data/2488/000000248820000008/amdform10-kfy2019.htm", "calculatedOtherExpenses": 363000000, "calculatedOperatingExpenses": 2660000000, "calculatedNetInterest": -79000000, "calculatedOtherIncome": 243000000, "calculatedIncomeNonControlling": 0, "calculatedEbitda": 466000000}, {"date": "2018-12-29", "symbol": "AMD", "reportedCurrency": "USD", "cik": "0000002488", "fillingDate": "2019-02-08", "acceptedDate": "2019-02-08 16:44:26", "calendarYear": "2018", "period": "FY", "revenue": 6475000000, "costOfRevenue": 4028000000, "grossProfit": 2447000000, "grossProfitRatio": 0.3779150579, "researchAndDevelopmentExpenses": 1434000000, "generalAndAdministrativeExpenses": 0, "sellingAndMarketingExpenses": 0, "sellingGeneralAndAdministrativeExpenses": 562000000, "otherExpenses": -6000000, "operatingExpenses": 1996000000, "costAndExpenses": 6024000000, "interestIncome": 18000000, "interestExpense": 121000000, "depreciationAndAmortization": 170000000, "ebitda": 451000000, "ebitdaratio": 0.0696525097, "operatingIncome": 451000000, "operatingIncomeRatio": 0.0696525097, "totalOtherIncomeExpensesNet": -18000000, "incomeBeforeTax": 330000000, "incomeBeforeTaxRatio": 0.050965251, "incomeTaxExpense": -9000000, "netIncome": 337000000, "netIncomeRatio": 0.052046332, "eps": 0.32, "epsdiluted": 0.32, "weightedAverageShsOut": 1053125000, "weightedAverageShsOutDil": 1064000000, "link": "https://www.sec.gov/Archives/edgar/data/2488/000000248819000011/0000002488-19-000011-index.htm", "finalLink": "https://www.sec.gov/Archives/edgar/data/2488/000000248819000011/amd-12292018x10k.htm", "calculatedOtherExpenses": 0, "calculatedOperatingExpenses": 1996000000, "calculatedNetInterest": -103000000, "calculatedOtherIncome": -18000000, "calculatedIncomeNonControlling": 2000000, "calculatedEbitda": 621000000}, {"date": "2017-12-30", "symbol": "AMD", "reportedCurrency": "USD", "cik": "0000002488", "fillingDate": "2018-02-27", "acceptedDate": "2018-02-27 16:18:58", "calendarYear": "2017", "period": "FY", "revenue": 5329000000, "costOfRevenue": 3506000000, "grossProfit": 1823000000, "grossProfitRatio": 0.3420904485, "researchAndDevelopmentExpenses": 1160000000, "generalAndAdministrativeExpenses": 0, "sellingAndMarketingExpenses": 0, "sellingGeneralAndAdministrativeExpenses": 511000000, "otherExpenses": -9000000, "operatingExpenses": 1619000000, "costAndExpenses": 5125000000, "interestIncome": 6000000, "interestExpense": 126000000, "depreciationAndAmortization": 144000000, "ebitda": 339000000, "ebitdaratio": 0.0636141865, "operatingIncome": 204000000, "operatingIncomeRatio": 0.0382811034, "totalOtherIncomeExpensesNet": -9000000, "incomeBeforeTax": 69000000, "incomeBeforeTaxRatio": 0.0129480203, "incomeTaxExpense": 19000000, "netIncome": 43000000, "netIncomeRatio": 0.0080690561, "eps": 0.04, "epsdiluted": 0.04, "weightedAverageShsOut": 952023771, "weightedAverageShsOutDil": 1039000000, "link": "https://www.sec.gov/Archives/edgar/data/2488/000000248818000042/0000002488-18-000042-index.htm", "finalLink": "https://www.sec.gov/Archives/edgar/data/2488/000000248818000042/amd-12302017x10k.htm", "calculatedOtherExpenses": -52000000, "calculatedOperatingExpenses": 1619000000, "calculatedNetInterest": -120000000, "calculatedOtherIncome": -15000000, "calculatedIncomeNonControlling": 7000000, "calculatedEbitda": 348000000}, {"date": "2016-12-31", "symbol": "AMD", "reportedCurrency": "USD", "cik": "0000002488", "fillingDate": "2017-02-21", "acceptedDate": "2017-02-21 16:52:14", "calendarYear": "2016", "period": "FY", "revenue": 4272000000, "costOfRevenue": 3274000000, "grossProfit": 998000000, "grossProfitRatio": 0.2336142322, "researchAndDevelopmentExpenses": 1008000000, "generalAndAdministrativeExpenses": 0, "sellingAndMarketingExpenses": 0, "sellingGeneralAndAdministrativeExpenses": 460000000, "otherExpenses": 80000000, "operatingExpenses": 1380000000, "costAndExpenses": 4654000000, "interestIncome": 2000000, "interestExpense": 156000000, "depreciationAndAmortization": 133000000, "ebitda": -169000000, "ebitdaratio": -0.0395599251, "operatingIncome": -372000000, "operatingIncomeRatio": -0.0870786517, "totalOtherIncomeExpensesNet": 90000000, "incomeBeforeTax": -448000000, "incomeBeforeTaxRatio": -0.1048689139, "incomeTaxExpense": 39000000, "netIncome": -497000000, "netIncomeRatio": -0.1163389513, "eps": -0.6, "epsdiluted": -0.6, "weightedAverageShsOut": 830000000, "weightedAverageShsOutDil": 835000000, "link": "https://www.sec.gov/Archives/edgar/data/2488/000000248817000043/0000002488-17-000043-index.htm", "finalLink": "https://www.sec.gov/Archives/edgar/data/2488/000000248817000043/amd-12312016x10k.htm", "calculatedOtherExpenses": -98000000, "calculatedOperatingExpenses": 1370000000, "calculatedNetInterest": -154000000, "calculatedOtherIncome": 78000000, "calculatedIncomeNonControlling": 10000000, "calculatedEbitda": -239000000}, {"date": "2015-12-26", "symbol": "AMD", "reportedCurrency": "USD", "cik": "0000002488", "fillingDate": "2016-02-18", "acceptedDate": "2016-02-18 16:19:58", "calendarYear": "2015", "period": "FY", "revenue": 3991000000, "costOfRevenue": 2911000000, "grossProfit": 1080000000, "grossProfitRatio": 0.27060887, "researchAndDevelopmentExpenses": 947000000, "generalAndAdministrativeExpenses": 0, "sellingAndMarketingExpenses": 0, "sellingGeneralAndAdministrativeExpenses": 482000000, "otherExpenses": -5000000, "operatingExpenses": 1432000000, "costAndExpenses": 4343000000, "interestIncome": 0, "interestExpense": 160000000, "depreciationAndAmortization": 167000000, "ebitda": -190000000, "ebitdaratio": -0.047607116, "operatingIncome": -481000000, "operatingIncomeRatio": -0.1205211726, "totalOtherIncomeExpensesNet": -134000000, "incomeBeforeTax": -646000000, "incomeBeforeTaxRatio": -0.1618641944, "incomeTaxExpense": 14000000, "netIncome": -660000000, "netIncomeRatio": -0.1653720872, "eps": -0.84, "epsdiluted": -0.84, "weightedAverageShsOut": 783000000, "weightedAverageShsOutDil": 783000815, "link": "https://www.sec.gov/Archives/edgar/data/2488/000000248816000111/0000002488-16-000111-index.htm", "finalLink": "https://www.sec.gov/Archives/edgar/data/2488/000000248816000111/amd-12262015x10k.htm", "calculatedOtherExpenses": 132000000, "calculatedOperatingExpenses": 1561000000, "calculatedNetInterest": -160000000, "calculatedOtherIncome": -5000000, "calculatedIncomeNonControlling": 0, "calculatedEbitda": -314000000}, {"date": "2014-12-27", "symbol": "AMD", "reportedCurrency": "USD", "cik": "0000002488", "fillingDate": "2015-02-19", "acceptedDate": "2015-02-19 17:08:48", "calendarYear": "2014", "period": "FY", "revenue": 5506000000, "costOfRevenue": 3667000000, "grossProfit": 1839000000, "grossProfitRatio": 0.3339992735, "researchAndDevelopmentExpenses": 1072000000, "generalAndAdministrativeExpenses": 0, "sellingAndMarketingExpenses": 0, "sellingGeneralAndAdministrativeExpenses": 604000000, "otherExpenses": -69000000, "operatingExpenses": 1690000000, "costAndExpenses": 5357000000, "interestIncome": 3000000, "interestExpense": 177000000, "depreciationAndAmortization": 203000000, "ebitda": 286000000, "ebitdaratio": 0.0519433345, "operatingIncome": -155000000, "operatingIncomeRatio": -0.0281511079, "totalOtherIncomeExpensesNet": -373000000, "incomeBeforeTax": -398000000, "incomeBeforeTaxRatio": -0.0722847802, "incomeTaxExpense": 5000000, "netIncome": -403000000, "netIncomeRatio": -0.0731928805, "eps": -0.52, "epsdiluted": -0.52, "weightedAverageShsOut": 760377358, "weightedAverageShsOutDil": 768000000, "link": "https://www.sec.gov/Archives/edgar/data/2488/000119312515054362/0001193125-15-054362-index.htm", "finalLink": "https://www.sec.gov/Archives/edgar/data/2488/000119312515054362/d871455d10k.htm", "calculatedOtherExpenses": 318000000, "calculatedOperatingExpenses": 1994000000, "calculatedNetInterest": -174000000, "calculatedOtherIncome": -69000000, "calculatedIncomeNonControlling": 0, "calculatedEbitda": 48000000}, {"date": "2013-12-28", "symbol": "AMD", "reportedCurrency": "USD", "cik": "0000002488", "fillingDate": "2014-02-18", "acceptedDate": "2014-02-18 16:56:49", "calendarYear": "2013", "period": "FY", "revenue": 5299000000, "costOfRevenue": 3321000000, "grossProfit": 1978000000, "grossProfitRatio": 0.373277977, "researchAndDevelopmentExpenses": 1201000000, "generalAndAdministrativeExpenses": 0, "sellingAndMarketingExpenses": 0, "sellingGeneralAndAdministrativeExpenses": 674000000, "otherExpenses": -5000000, "operatingExpenses": 1893000000, "costAndExpenses": 5214000000, "interestIncome": 5000000, "interestExpense": 177000000, "depreciationAndAmortization": 236000000, "ebitda": 321000000, "ebitdaratio": 0.0605774674, "operatingIncome": 103000000, "operatingIncomeRatio": 0.0194376297, "totalOtherIncomeExpensesNet": 13000000, "incomeBeforeTax": -74000000, "incomeBeforeTaxRatio": -0.013964899, "incomeTaxExpense": 9000000, "netIncome": -83000000, "netIncomeRatio": -0.0156633327, "eps": -0.11, "epsdiluted": -0.11, "weightedAverageShsOut": 754000000, "weightedAverageShsOutDil": 754003942, "link": "https://www.sec.gov/Archives/edgar/data/2488/000119312514057240/0001193125-14-057240-index.htm", "finalLink": "https://www.sec.gov/Archives/edgar/data/2488/000119312514057240/d674550d10k.htm", "calculatedOtherExpenses": 0, "calculatedOperatingExpenses": 1875000000, "calculatedNetInterest": -172000000, "calculatedOtherIncome": -5000000, "calculatedIncomeNonControlling": 0, "calculatedEbitda": 339000000}, {"date": "2012-12-29", "symbol": "AMD", "reportedCurrency": "USD", "cik": "0000002488", "fillingDate": "2013-02-21", "acceptedDate": "2013-02-21 16:44:05", "calendarYear": "2012", "period": "FY", "revenue": 5422000000, "costOfRevenue": 4187000000, "grossProfit": 1235000000, "grossProfitRatio": 0.2277757285, "researchAndDevelopmentExpenses": 1354000000, "generalAndAdministrativeExpenses": 0, "sellingAndMarketingExpenses": 0, "sellingGeneralAndAdministrativeExpenses": 823000000, "otherExpenses": 6000000, "operatingExpenses": 2191000000, "costAndExpenses": 6378000000, "interestIncome": 8000000, "interestExpense": 175000000, "depreciationAndAmortization": 260000000, "ebitda": -682000000, "ebitdaratio": -0.1257838436, "operatingIncome": -1056000000, "operatingIncomeRatio": -0.1947620804, "totalOtherIncomeExpensesNet": -94000000, "incomeBeforeTax": -1217000000, "incomeBeforeTaxRatio": -0.2244559203, "incomeTaxExpense": -34000000, "netIncome": -1183000000, "netIncomeRatio": -0.2181851715, "eps": -1.6, "epsdiluted": -1.6, "weightedAverageShsOut": 739375000, "weightedAverageShsOutDil": 741000000, "link": "https://www.sec.gov/Archives/edgar/data/2488/000119312513069422/0001193125-13-069422-index.htm", "finalLink": "https://www.sec.gov/Archives/edgar/data/2488/000119312513069422/d486815d10k.htm", "calculatedOtherExpenses": 114000000, "calculatedOperatingExpenses": 2291000000, "calculatedNetInterest": -167000000, "calculatedOtherIncome": 6000000, "calculatedIncomeNonControlling": 0, "calculatedEbitda": -796000000}, {"date": "2011-12-31", "symbol": "AMD", "reportedCurrency": "USD", "cik": "0000002488", "fillingDate": "2012-02-24", "acceptedDate": "2012-02-23 19:04:58", "calendarYear": "2011", "period": "FY", "revenue": 6568000000, "costOfRevenue": 3628000000, "grossProfit": 2940000000, "grossProfitRatio": 0.4476248477, "researchAndDevelopmentExpenses": 1453000000, "generalAndAdministrativeExpenses": 0, "sellingAndMarketingExpenses": 0, "sellingGeneralAndAdministrativeExpenses": 992000000, "otherExpenses": 29000000, "operatingExpenses": 2474000000, "costAndExpenses": 6102000000, "interestIncome": 10000000, "interestExpense": 180000000, "depreciationAndAmortization": 317000000, "ebitda": 793000000, "ebitdaratio": 0.1207369062, "operatingIncome": 368000000, "operatingIncomeRatio": 0.0560292326, "totalOtherIncomeExpensesNet": -297000000, "incomeBeforeTax": -1000000, "incomeBeforeTaxRatio": -0.0001522533, "incomeTaxExpense": -4000000, "netIncome": 491000000, "netIncomeRatio": 0.0747563946, "eps": 0.68, "epsdiluted": 0.66, "weightedAverageShsOut": 727000000, "weightedAverageShsOutDil": 742000000, "link": "https://www.sec.gov/Archives/edgar/data/2488/000119312512075837/0001193125-12-075837-index.htm", "finalLink": "https://www.sec.gov/Archives/edgar/data/2488/000119312512075837/d257108d10k.htm", "calculatedOtherExpenses": 127000000, "calculatedOperatingExpenses": 2572000000, "calculatedNetInterest": -170000000, "calculatedOtherIncome": -199000000, "calculatedIncomeNonControlling": -488000000, "calculatedEbitda": 685000000}, {"date": "2010-12-25", "symbol": "AMD", "reportedCurrency": "USD", "cik": "0000002488", "fillingDate": "2011-02-18", "acceptedDate": "2011-02-18 16:38:16", "calendarYear": "2010", "period": "FY", "revenue": 6494000000, "costOfRevenue": 3533000000, "grossProfit": 2961000000, "grossProfitRatio": 0.4559593471, "researchAndDevelopmentExpenses": 1405000000, "generalAndAdministrativeExpenses": 0, "sellingAndMarketingExpenses": 0, "sellingGeneralAndAdministrativeExpenses": 651000000, "otherExpenses": -226000000, "operatingExpenses": 2117000000, "costAndExpenses": 5650000000, "interestIncome": 11000000, "interestExpense": 199000000, "depreciationAndAmortization": 383000000, "ebitda": 1238000000, "ebitdaratio": 0.1906375115, "operatingIncome": 848000000, "operatingIncomeRatio": 0.1305820758, "totalOtherIncomeExpensesNet": 315000000, "incomeBeforeTax": 971000000, "incomeBeforeTaxRatio": 0.1495226363, "incomeTaxExpense": 38000000, "netIncome": 471000000, "netIncomeRatio": 0.0725284878, "eps": 0.66, "epsdiluted": 0.64, "weightedAverageShsOut": 711000000, "weightedAverageShsOutDil": 733000000, "link": "https://www.sec.gov/Archives/edgar/data/2488/000119312511040392/0001193125-11-040392-index.htm", "finalLink": "https://www.sec.gov/Archives/edgar/data/2488/000119312511040392/d10k.htm", "calculatedOtherExpenses": 57000000, "calculatedOperatingExpenses": 2113000000, "calculatedNetInterest": -188000000, "calculatedOtherIncome": 311000000, "calculatedIncomeNonControlling": 462000000, "calculatedEbitda": 1231000000}, {"date": "2009-12-26", "symbol": "AMD", "reportedCurrency": "USD", "cik": "0000002488", "fillingDate": "2010-02-19", "acceptedDate": "2010-02-19 16:16:09", "calendarYear": "2009", "period": "FY", "revenue": 5403000000, "costOfRevenue": 3131000000, "grossProfit": 2272000000, "grossProfitRatio": 0.4205071257, "researchAndDevelopmentExpenses": 1721000000, "generalAndAdministrativeExpenses": 0, "sellingAndMarketingExpenses": 0, "sellingGeneralAndAdministrativeExpenses": -248000000, "otherExpenses": 70000000, "operatingExpenses": 1543000000, "costAndExpenses": 4674000000, "interestIncome": 16000000, "interestExpense": 438000000, "depreciationAndAmortization": 70000000, "ebitda": 815000000, "ebitdaratio": 0.1508421247, "operatingIncome": 664000000, "operatingIncomeRatio": 0.1228946881, "totalOtherIncomeExpensesNet": 101000000, "incomeBeforeTax": 408000000, "incomeBeforeTaxRatio": 0.0755136036, "incomeTaxExpense": 112000000, "netIncome": 376000000, "netIncomeRatio": 0.069590968, "eps": 0.46, "epsdiluted": 0.45, "weightedAverageShsOut": 673000000, "weightedAverageShsOutDil": 678000000, "link": "https://www.sec.gov/Archives/edgar/data/2488/000119312510035218/0001193125-10-035218-index.htm", "finalLink": "https://www.sec.gov/Archives/edgar/data/2488/000119312510035218/d10k.htm", "calculatedOtherExpenses": 135000000, "calculatedOperatingExpenses": 1608000000, "calculatedNetInterest": -422000000, "calculatedOtherIncome": 166000000, "calculatedIncomeNonControlling": -80000000, "calculatedEbitda": 734000000}, {"date": "2008-12-27", "symbol": "AMD", "reportedCurrency": "USD", "cik": "0000002488", "fillingDate": "2009-02-24", "acceptedDate": "2009-02-24 16:32:20", "calendarYear": "2008", "period": "FY", "revenue": 5808000000, "costOfRevenue": 3488000000, "grossProfit": 2320000000, "grossProfitRatio": 0.3994490358, "researchAndDevelopmentExpenses": 1848000000, "generalAndAdministrativeExpenses": 0, "sellingAndMarketingExpenses": 0, "sellingGeneralAndAdministrativeExpenses": 1304000000, "otherExpenses": 1033000000, "operatingExpenses": 4185000000, "costAndExpenses": 7673000000, "interestIncome": 39000000, "interestExpense": 2129000000, "depreciationAndAmortization": 1223000000, "ebitda": 322000000, "ebitdaratio": 0.0554407713, "operatingIncome": -1955000000, "operatingIncomeRatio": -0.3366046832, "totalOtherIncomeExpensesNet": -1017000000, "incomeBeforeTax": -2260000000, "incomeBeforeTaxRatio": -0.3891184573, "incomeTaxExpense": 68000000, "netIncome": -3098000000, "netIncomeRatio": -0.5334022039, "eps": -5.1, "epsdiluted": -5.1, "weightedAverageShsOut": 607000000, "weightedAverageShsOutDil": 607000000, "link": "https://www.sec.gov/Archives/edgar/data/2488/000119312509036235/0001193125-09-036235-index.htm", "finalLink": "https://www.sec.gov/Archives/edgar/data/2488/000119312509036235/d10k.htm", "calculatedOtherExpenses": 1123000000, "calculatedOperatingExpenses": 4275000000, "calculatedNetInterest": -2090000000, "calculatedOtherIncome": 1785000000, "calculatedIncomeNonControlling": 770000000, "calculatedEbitda": -732000000}, {"date": "2007-12-29", "symbol": "AMD", "reportedCurrency": "USD", "cik": "0000002488", "fillingDate": "2008-02-26", "acceptedDate": "2008-02-26 15:11:24", "calendarYear": "2007", "period": "FY", "revenue": 6013000000, "costOfRevenue": 3751000000, "grossProfit": 2262000000, "grossProfitRatio": 0.3761849326, "researchAndDevelopmentExpenses": 1847000000, "generalAndAdministrativeExpenses": 0, "sellingAndMarketingExpenses": 0, "sellingGeneralAndAdministrativeExpenses": 1373000000, "otherExpenses": 1907000000, "operatingExpenses": 5127000000, "costAndExpenses": 8878000000, "interestIncome": 73000000, "interestExpense": 2106000000, "depreciationAndAmortization": 1138000000, "ebitda": -112000000, "ebitdaratio": -0.0186263097, "operatingIncome": -2865000000, "operatingIncomeRatio": -0.4764676534, "totalOtherIncomeExpensesNet": -1770000000, "incomeBeforeTax": -3166000000, "incomeBeforeTaxRatio": -0.5265258606, "incomeTaxExpense": 23000000, "netIncome": -3379000000, "netIncomeRatio": -0.5619491103, "eps": -6.06, "epsdiluted": -6.06, "weightedAverageShsOut": 558000000, "weightedAverageShsOutDil": 558000000, "link": "https://www.sec.gov/Archives/edgar/data/2488/000119312508038588/0001193125-08-038588-index.htm", "finalLink": "https://www.sec.gov/Archives/edgar/data/2488/000119312508038588/d10k.htm", "calculatedOtherExpenses": 1907000000, "calculatedOperatingExpenses": 5127000000, "calculatedNetInterest": -2033000000, "calculatedOtherIncome": 1732000000, "calculatedIncomeNonControlling": 190000000, "calculatedEbitda": -1727000000}, {"date": "2006-12-31", "symbol": "AMD", "reportedCurrency": "USD", "cik": "0000002488", "fillingDate": "2007-03-01", "acceptedDate": "2007-03-01 14:49:10", "calendarYear": "2006", "period": "FY", "revenue": 5649000000, "costOfRevenue": 2856000000, "grossProfit": 2793000000, "grossProfitRatio": 0.4944237918, "researchAndDevelopmentExpenses": 1205000000, "generalAndAdministrativeExpenses": 0, "sellingAndMarketingExpenses": 0, "sellingGeneralAndAdministrativeExpenses": 1140000000, "otherExpenses": 79000000, "operatingExpenses": 2424000000, "costAndExpenses": 5280000000, "interestIncome": 116000000, "interestExpense": 941000000, "depreciationAndAmortization": 837000000, "ebitda": 1635000000, "ebitdaratio": 0.2894317578, "operatingIncome": -47000000, "operatingIncomeRatio": -0.0083200566, "totalOtherIncomeExpensesNet": -474000000, "incomeBeforeTax": -213000000, "incomeBeforeTaxRatio": -0.0377057886, "incomeTaxExpense": 23000000, "netIncome": -166000000, "netIncomeRatio": -0.029385732, "eps": -0.34, "epsdiluted": -0.34, "weightedAverageShsOut": 492000000, "weightedAverageShsOutDil": 492000000, "link": "https://www.sec.gov/Archives/edgar/data/2488/000119312507044191/0001193125-07-044191-index.htm", "finalLink": "https://www.sec.gov/Archives/edgar/data/2488/000119312507044191/d10k.htm", "calculatedOtherExpenses": 495000000, "calculatedOperatingExpenses": 2840000000, "calculatedNetInterest": -825000000, "calculatedOtherIncome": 659000000, "calculatedIncomeNonControlling": -70000000, "calculatedEbitda": 790000000}, {"date": "2005-12-25", "symbol": "AMD", "reportedCurrency": "USD", "cik": "0000002488", "fillingDate": "2006-02-27", "acceptedDate": "2006-02-27 17:17:21", "calendarYear": "2005", "period": "FY", "revenue": 5847577000, "costOfRevenue": 3455812000, "grossProfit": 2391765000, "grossProfitRatio": 0.4090181284, "researchAndDevelopmentExpenses": 1144025000, "generalAndAdministrativeExpenses": 0, "sellingAndMarketingExpenses": 0, "sellingGeneralAndAdministrativeExpenses": 1016085000, "otherExpenses": 0, "operatingExpenses": 2160110000, "costAndExpenses": 5615922000, "interestIncome": 0, "interestExpense": 182495000, "depreciationAndAmortization": 1219344000, "ebitda": 1560680000, "ebitdaratio": 0.2668934501, "operatingIncome": 231655000, "operatingIncomeRatio": 0.0396155536, "totalOtherIncomeExpensesNet": -106576000, "incomeBeforeTax": 140266000, "incomeBeforeTaxRatio": 0.0239870292, "incomeTaxExpense": -6642000, "netIncome": 165483000, "netIncomeRatio": 0.0282994136, "eps": 0.41, "epsdiluted": 0.4, "weightedAverageShsOut": 400004000, "weightedAverageShsOutDil": 440776000, "link": "https://www.sec.gov/Archives/edgar/data/2488/000119312506040130/0001193125-06-040130-index.htm", "finalLink": "https://www.sec.gov/Archives/edgar/data/2488/000119312506040130/d10k.htm", "calculatedOtherExpenses": 0, "calculatedOperatingExpenses": 2160110000, "calculatedNetInterest": -182495000, "calculatedOtherIncome": 91106000, "calculatedIncomeNonControlling": -18575000, "calculatedEbitda": 1450999000}, {"date": "2004-12-26", "symbol": "AMD", "reportedCurrency": "USD", "cik": "0000002488", "fillingDate": "2005-03-01", "acceptedDate": "2005-03-01 16:42:59", "calendarYear": "2004", "period": "FY", "revenue": 5001435000, "costOfRevenue": 3032585000, "grossProfit": 1968850000, "grossProfitRatio": 0.3936570204, "researchAndDevelopmentExpenses": 934574000, "generalAndAdministrativeExpenses": 0, "sellingAndMarketingExpenses": 0, "sellingGeneralAndAdministrativeExpenses": 807011000, "otherExpenses": 1000000, "operatingExpenses": 1742585000, "costAndExpenses": 4775170000, "interestIncome": 0, "interestExpense": 134727000, "depreciationAndAmortization": 1224252000, "ebitda": 1455973000, "ebitdaratio": 0.2911110511, "operatingIncome": 220809000, "operatingIncomeRatio": 0.0441491292, "totalOtherIncomeExpensesNet": -5456000, "incomeBeforeTax": 78331000, "incomeBeforeTaxRatio": 0.0156617051, "incomeTaxExpense": 5838000, "netIncome": 91156000, "netIncomeRatio": 0.0182259691, "eps": 0.25, "epsdiluted": 0.25, "weightedAverageShsOut": 358886000, "weightedAverageShsOutDil": 371066000, "link": "https://www.sec.gov/Archives/edgar/data/2488/000119312505039876/0001193125-05-039876-index.htm", "finalLink": "https://www.sec.gov/Archives/edgar/data/2488/000119312505039876/d10k.htm", "calculatedOtherExpenses": 6456000, "calculatedOperatingExpenses": 1748041000, "calculatedNetInterest": -134727000, "calculatedOtherIncome": -7751000, "calculatedIncomeNonControlling": -18663000, "calculatedEbitda": 1445061000}, {"date": "2003-12-28", "symbol": "AMD", "reportedCurrency": "USD", "cik": "0000002488", "fillingDate": "2004-03-09", "acceptedDate": "2004-03-09 15:11:42", "calendarYear": "2003", "period": "FY", "revenue": 3519168000, "costOfRevenue": 2327063000, "grossProfit": 1192105000, "grossProfitRatio": 0.3387462605, "researchAndDevelopmentExpenses": 852075000, "generalAndAdministrativeExpenses": 0, "sellingAndMarketingExpenses": 0, "sellingGeneralAndAdministrativeExpenses": 587307000, "otherExpenses": 0, "operatingExpenses": 1439382000, "costAndExpenses": 3766445000, "interestIncome": 0, "interestExpense": 8970000, "depreciationAndAmortization": 995663000, "ebitda": 733079000, "ebitdaratio": 0.2083103165, "operatingIncome": -233384000, "operatingIncomeRatio": -0.0663179479, "totalOtherIncomeExpensesNet": 21220000, "incomeBeforeTax": -277467000, "incomeBeforeTaxRatio": -0.0788444882, "incomeTaxExpense": 2936000, "netIncome": -274490000, "netIncomeRatio": -0.0779985497, "eps": -0.79, "epsdiluted": -0.79, "weightedAverageShsOut": 346934000, "weightedAverageShsOutDil": 346934000, "link": "https://www.sec.gov/Archives/edgar/data/2488/000119312504037179/0001193125-04-037179-index.htm", "finalLink": "https://www.sec.gov/Archives/edgar/data/2488/000119312504037179/d10k.htm", "calculatedOtherExpenses": -13893000, "calculatedOperatingExpenses": 1425489000, "calculatedNetInterest": -8970000, "calculatedOtherIncome": -35113000, "calculatedIncomeNonControlling": -5913000, "calculatedEbitda": 762279000}, {"date": "2002-12-29", "symbol": "AMD", "reportedCurrency": "USD", "cik": "0000002488", "fillingDate": "2003-03-14", "acceptedDate": "2003-03-14 17:05:36", "calendarYear": "2002", "period": "FY", "revenue": 2697029000, "costOfRevenue": 2105661000, "grossProfit": 591368000, "grossProfitRatio": 0.2192664595, "researchAndDevelopmentExpenses": 816114000, "generalAndAdministrativeExpenses": 0, "sellingAndMarketingExpenses": 0, "sellingGeneralAndAdministrativeExpenses": 670065000, "otherExpenses": 0, "operatingExpenses": 1486179000, "costAndExpenses": 3591840000, "interestIncome": 0, "interestExpense": 694190000, "depreciationAndAmortization": 756169000, "ebitda": 191933000, "ebitdaratio": 0.0711646037, "operatingIncome": -1225386000, "operatingIncomeRatio": -0.4543466162, "totalOtherIncomeExpensesNet": -324398000, "incomeBeforeTax": -1264603000, "incomeBeforeTaxRatio": -0.4688874313, "incomeTaxExpense": 44586000, "netIncome": -1303012000, "netIncomeRatio": -0.4831286575, "eps": -3.81, "epsdiluted": -3.81, "weightedAverageShsOut": 342000000, "weightedAverageShsOutDil": 342000000, "link": "https://www.sec.gov/Archives/edgar/data/2488/000101287003001181/0001012870-03-001181-index.htm", "finalLink": "https://www.sec.gov/Archives/edgar/data/2488/000101287003001181/d10k.htm", "calculatedOtherExpenses": 330575000, "calculatedOperatingExpenses": 1816754000, "calculatedNetInterest": -694190000, "calculatedOtherIncome": 654973000, "calculatedIncomeNonControlling": -6177000, "calculatedEbitda": -469217000}, {"date": "2001-12-30", "symbol": "AMD", "reportedCurrency": "USD", "cik": "0000002488", "fillingDate": "2002-03-07", "acceptedDate": "2002-03-07 00:00:00", "calendarYear": "2001", "period": "FY", "revenue": 3891754000, "costOfRevenue": 2589747000, "grossProfit": 1302007000, "grossProfitRatio": 0.3345553188, "researchAndDevelopmentExpenses": 650930000, "generalAndAdministrativeExpenses": 0, "sellingAndMarketingExpenses": 0, "sellingGeneralAndAdministrativeExpenses": 620030000, "otherExpenses": 0, "operatingExpenses": 1270960000, "costAndExpenses": 3860707000, "interestIncome": 9000, "interestExpense": 195396000, "depreciationAndAmortization": 622867000, "ebitda": 743219000, "ebitdaratio": 0.1909727593, "operatingIncome": -58258000, "operatingIncomeRatio": -0.0149695998, "totalOtherIncomeExpensesNet": -70426000, "incomeBeforeTax": -93923000, "incomeBeforeTaxRatio": -0.0241338481, "incomeTaxExpense": -14463000, "netIncome": -60581000, "netIncomeRatio": -0.0155665029, "eps": -0.18, "epsdiluted": -0.18, "weightedAverageShsOut": 332407000, "weightedAverageShsOutDil": 332407000, "link": "https://www.sec.gov/Archives/edgar/data/2488/000101287002001071/0001012870-02-001071-index.htm", "finalLink": "https://www.sec.gov/Archives/edgar/data/2488/000101287002001071/d10k.txt", "calculatedOtherExpenses": 89305000, "calculatedOperatingExpenses": 1360265000, "calculatedNetInterest": -195387000, "calculatedOtherIncome": 159722000, "calculatedIncomeNonControlling": -18879000, "calculatedEbitda": 564609000}, {"date": "2000-12-31", "symbol": "AMD", "reportedCurrency": "USD", "cik": "0000002488", "fillingDate": "2001-03-20", "acceptedDate": "2001-03-20 00:00:00", "calendarYear": "2000", "period": "FY", "revenue": 4644187000, "costOfRevenue": 2514637000, "grossProfit": 2129550000, "grossProfitRatio": 0.4585409675, "researchAndDevelopmentExpenses": 641799000, "generalAndAdministrativeExpenses": 0, "sellingAndMarketingExpenses": 0, "sellingGeneralAndAdministrativeExpenses": 599015000, "otherExpenses": 0, "operatingExpenses": 1240814000, "costAndExpenses": 3755451000, "interestIncome": 0, "interestExpense": -688057000, "depreciationAndAmortization": 579070000, "ebitda": 1130907000, "ebitdaratio": 0.2435102204, "operatingIncome": 888736000, "operatingIncomeRatio": 0.1913652486, "totalOtherIncomeExpensesNet": 347938000, "incomeBeforeTax": 1251899000, "incomeBeforeTaxRatio": 0.2695625736, "incomeTaxExpense": 256868000, "netIncome": 983026000, "netIncomeRatio": 0.2116680487, "eps": 3.18, "epsdiluted": 2.89, "weightedAverageShsOut": 309331000, "weightedAverageShsOutDil": 350000000, "link": "https://www.sec.gov/Archives/edgar/data/2488/000101287001001228/0001012870-01-001228-index.htm", "finalLink": "https://www.sec.gov/Archives/edgar/data/2488/000101287001001228/0001012870-01-001228-0001.txt", "calculatedOtherExpenses": 0, "calculatedOperatingExpenses": 1240814000, "calculatedNetInterest": 688057000, "calculatedOtherIncome": -324894000, "calculatedIncomeNonControlling": 12005000, "calculatedEbitda": 1467806000}, {"date": "1999-12-26", "symbol": "AMD", "reportedCurrency": "USD", "cik": "0000002488", "fillingDate": "2000-03-21", "acceptedDate": "2000-03-21 00:00:00", "calendarYear": "1999", "period": "FY", "revenue": 2857604000, "costOfRevenue": 1964434000, "grossProfit": 893170000, "grossProfitRatio": 0.312559053, "researchAndDevelopmentExpenses": 635786000, "generalAndAdministrativeExpenses": 0, "sellingAndMarketingExpenses": 0, "sellingGeneralAndAdministrativeExpenses": 540070000, "otherExpenses": 0, "operatingExpenses": 1175856000, "costAndExpenses": 3140290000, "interestIncome": 0, "interestExpense": -754929000, "depreciationAndAmortization": 515520000, "ebitda": -160995000, "ebitdaratio": -0.0563391569, "operatingIncome": -320916000, "operatingIncomeRatio": -0.1123024744, "totalOtherIncomeExpensesNet": 398618000, "incomeBeforeTax": 73625000, "incomeBeforeTaxRatio": 0.0257645916, "incomeTaxExpense": 167350000, "netIncome": -88936000, "netIncomeRatio": -0.0311225768, "eps": -0.3, "epsdiluted": -0.3, "weightedAverageShsOut": 294577000, "weightedAverageShsOutDil": 294577000, "link": "https://www.sec.gov/Archives/edgar/data/2488/000101287000001494/0001012870-00-001494-index.html", "finalLink": "https://www.sec.gov/Archives/edgar/data/2488/000101287000001494/", "calculatedOtherExpenses": 38230000, "calculatedOperatingExpenses": 1214086000, "calculatedNetInterest": 754929000, "calculatedOtherIncome": -360388000, "calculatedIncomeNonControlling": -4789000, "calculatedEbitda": 194604000}, {"date": "1998-12-27", "symbol": "AMD", "reportedCurrency": "USD", "cik": "0000002488", "fillingDate": "1999-03-29", "acceptedDate": "1999-03-29 00:00:00", "calendarYear": "1998", "period": "FY", "revenue": 2542141000, "costOfRevenue": 1718703000, "grossProfit": 823438000, "grossProfitRatio": 0.3239151566, "researchAndDevelopmentExpenses": 567402000, "generalAndAdministrativeExpenses": 0, "sellingAndMarketingExpenses": 0, "sellingGeneralAndAdministrativeExpenses": 419678000, "otherExpenses": 0, "operatingExpenses": 987080000, "costAndExpenses": 2705783000, "interestIncome": 0, "interestExpense": 43696000, "depreciationAndAmortization": 467521000, "ebitda": 315379000, "ebitdaratio": 0.1240603885, "operatingIncome": -163642000, "operatingIncomeRatio": -0.0643717245, "totalOtherIncomeExpensesNet": 91000, "incomeBeforeTax": -207429000, "incomeBeforeTaxRatio": -0.0815961821, "incomeTaxExpense": -91878000, "netIncome": -103960000, "netIncomeRatio": -0.0408946632, "eps": -0.36, "epsdiluted": -0.36, "weightedAverageShsOut": 287336000, "weightedAverageShsOutDil": 287336000, "link": "https://www.sec.gov/Archives/edgar/data/2488/000101287099000892/0001012870-99-000892-index.html", "finalLink": "https://www.sec.gov/Archives/edgar/data/2488/", "calculatedOtherExpenses": 0, "calculatedOperatingExpenses": 987080000, "calculatedNetInterest": -43696000, "calculatedOtherIncome": -91000, "calculatedIncomeNonControlling": -11591000, "calculatedEbitda": 303879000}, {"date": "1997-12-28", "symbol": "AMD", "reportedCurrency": "USD", "cik": "0000002488", "fillingDate": "1998-03-03", "acceptedDate": "1998-03-03 00:00:00", "calendarYear": "1997", "period": "FY", "revenue": 2356375000, "costOfRevenue": 1578438000, "grossProfit": 777937000, "grossProfitRatio": 0.3301414249, "researchAndDevelopmentExpenses": 467877000, "generalAndAdministrativeExpenses": 0, "sellingAndMarketingExpenses": 0, "sellingGeneralAndAdministrativeExpenses": 400713000, "otherExpenses": 0, "operatingExpenses": 868590000, "costAndExpenses": 2447028000, "interestIncome": 0, "interestExpense": -14408000, "depreciationAndAmortization": 394465000, "ebitda": 303812000, "ebitdaratio": 0.12893194, "operatingIncome": -90653000, "operatingIncomeRatio": -0.0384713808, "totalOtherIncomeExpensesNet": 24587000, "incomeBeforeTax": -100832000, "incomeBeforeTaxRatio": -0.0427911517, "incomeTaxExpense": -55155000, "netIncome": -21090000, "netIncomeRatio": -0.0089501883, "eps": -0.0751, "epsdiluted": -0.0751, "weightedAverageShsOut": 280906000, "weightedAverageShsOutDil": 280906000, "link": "https://www.sec.gov/Archives/edgar/data/2488/000101287098000595/0001012870-98-000595-index.html", "finalLink": "https://www.sec.gov/Archives/edgar/data/2488/", "calculatedOtherExpenses": 0, "calculatedOperatingExpenses": 868590000, "calculatedNetInterest": 14408000, "calculatedOtherIncome": -24587000, "calculatedIncomeNonControlling": -24587000, "calculatedEbitda": 303812000}, {"date": "1996-12-29", "symbol": "AMD", "reportedCurrency": "USD", "cik": "0000002488", "fillingDate": "1997-03-20", "acceptedDate": "1997-03-20 00:00:00", "calendarYear": "1996", "period": "FY", "revenue": 1953019000, "costOfRevenue": 1440828000, "grossProfit": 512191000, "grossProfitRatio": 0.2622560252, "researchAndDevelopmentExpenses": 400703000, "generalAndAdministrativeExpenses": 0, "sellingAndMarketingExpenses": 0, "sellingGeneralAndAdministrativeExpenses": 364798000, "otherExpenses": 0, "operatingExpenses": 765501000, "costAndExpenses": 2206329000, "interestIncome": 0, "interestExpense": -99352000, "depreciationAndAmortization": 332640000, "ebitda": 79330000, "ebitdaratio": 0.0406191645, "operatingIncome": -253310000, "operatingIncomeRatio": -0.1297017592, "totalOtherIncomeExpensesNet": 54798000, "incomeBeforeTax": -208756000, "incomeBeforeTaxRatio": -0.1068888731, "incomeTaxExpense": -85008000, "netIncome": -68950000, "netIncomeRatio": -0.035304316, "eps": -0.25, "epsdiluted": -0.25, "weightedAverageShsOut": 271374000, "weightedAverageShsOutDil": 271374000, "link": "https://www.sec.gov/Archives/edgar/data/2488/000101287097000533/0001012870-97-000533-index.html", "finalLink": "https://www.sec.gov/Archives/edgar/data/2488/", "calculatedOtherExpenses": 0, "calculatedOperatingExpenses": 765501000, "calculatedNetInterest": 99352000, "calculatedOtherIncome": -54798000, "calculatedIncomeNonControlling": -54798000, "calculatedEbitda": 79330000}, {"date": "1995-12-31", "symbol": "AMD", "reportedCurrency": "USD", "cik": "0000002488", "fillingDate": "1996-03-21", "acceptedDate": "1996-03-21 00:00:00", "calendarYear": "1995", "period": "FY", "revenue": 2429724000, "costOfRevenue": 1298876000, "grossProfit": 1130848000, "grossProfitRatio": 0.4654224101, "researchAndDevelopmentExpenses": 397555000, "generalAndAdministrativeExpenses": 0, "sellingAndMarketingExpenses": 0, "sellingGeneralAndAdministrativeExpenses": 385016000, "otherExpenses": 0, "operatingExpenses": 782571000, "costAndExpenses": 2081447000, "interestIncome": 0, "interestExpense": -64982000, "depreciationAndAmortization": 262501000, "ebitda": 610778000, "ebitdaratio": 0.2513775227, "operatingIncome": 348277000, "operatingIncomeRatio": 0.1433401489, "totalOtherIncomeExpensesNet": 34926000, "incomeBeforeTax": 378333000, "incomeBeforeTaxRatio": 0.1557102782, "incomeTaxExpense": 112738000, "netIncome": 300521000, "netIncomeRatio": 0.1236852416, "eps": 0.8, "epsdiluted": 0.79, "weightedAverageShsOut": 272416000, "weightedAverageShsOutDil": 275630000, "link": "https://www.sec.gov/Archives/edgar/data/2488/000089843096000902/0000898430-96-000902-index.html", "finalLink": "https://www.sec.gov/Archives/edgar/data/2488/", "calculatedOtherExpenses": 0, "calculatedOperatingExpenses": 782571000, "calculatedNetInterest": 64982000, "calculatedOtherIncome": -34926000, "calculatedIncomeNonControlling": -34926000, "calculatedEbitda": 610778000}, {"date": "1994-12-25", "symbol": "AMD", "reportedCurrency": "USD", "cik": "0000002488", "fillingDate": "1995-03-07", "acceptedDate": "1995-03-07 00:00:00", "calendarYear": "1994", "period": "FY", "revenue": 2134700000, "costOfRevenue": 982306000, "grossProfit": 1152394000, "grossProfitRatio": 0.5398388532, "researchAndDevelopmentExpenses": 279984000, "generalAndAdministrativeExpenses": 0, "sellingAndMarketingExpenses": 0, "sellingGeneralAndAdministrativeExpenses": 359230000, "otherExpenses": 41000, "operatingExpenses": 639255000, "costAndExpenses": 1621561000, "interestIncome": 0, "interestExpense": 112170000, "depreciationAndAmortization": 215984000, "ebitda": 787123000, "ebitdaratio": 0.3687276901, "operatingIncome": 513139000, "operatingIncomeRatio": 0.2403799129, "totalOtherIncomeExpensesNet": -68585000, "incomeBeforeTax": 469554000, "incomeBeforeTaxRatio": 0.219962524, "incomeTaxExpense": 153703000, "netIncome": 305266000, "netIncomeRatio": 0.143001827, "eps": 1.51, "epsdiluted": 1.46, "weightedAverageShsOut": 195020000, "weightedAverageShsOutDil": 209140000, "link": "https://www.sec.gov/Archives/edgar/data/2488/000095013195000530/0000950131-95-000530-index.html", "finalLink": "https://www.sec.gov/Archives/edgar/data/2488/", "calculatedOtherExpenses": 41000, "calculatedOperatingExpenses": 639255000, "calculatedNetInterest": -112170000, "calculatedOtherIncome": 68585000, "calculatedIncomeNonControlling": 10585000, "calculatedEbitda": 729123000}, {"date": "1993-12-26", "symbol": "AMD", "reportedCurrency": "USD", "cik": "0000002488", "fillingDate": "1994-03-07", "acceptedDate": "1994-03-07 00:00:00", "calendarYear": "1993", "period": "FY", "revenue": 1648280000, "costOfRevenue": 789564000, "grossProfit": 858716000, "grossProfitRatio": 0.5209770185, "researchAndDevelopmentExpenses": 262802000, "generalAndAdministrativeExpenses": 0, "sellingAndMarketingExpenses": 0, "sellingGeneralAndAdministrativeExpenses": 290861000, "otherExpenses": 0, "operatingExpenses": 553663000, "costAndExpenses": 1343227000, "interestIncome": 0, "interestExpense": -29189000, "depreciationAndAmortization": 175067000, "ebitda": 463630000, "ebitdaratio": 0.281281093, "operatingIncome": 305053000, "operatingIncomeRatio": 0.1850735312, "totalOtherIncomeExpensesNet": 16490000, "incomeBeforeTax": 317752000, "incomeBeforeTaxRatio": 0.1927779261, "incomeTaxExpense": 88971000, "netIncome": 228781000, "netIncomeRatio": 0.1387998398, "eps": 0.88, "epsdiluted": 0.82, "weightedAverageShsOut": 188736842, "weightedAverageShsOutDil": 194891304, "link": "https://www.sec.gov/Archives/edgar/data/2488/000089161894000068/0000891618-94-000068-index.html", "finalLink": "https://www.sec.gov/Archives/edgar/data/2488/", "calculatedOtherExpenses": 0, "calculatedOperatingExpenses": 553663000, "calculatedNetInterest": 29189000, "calculatedOtherIncome": -16490000, "calculatedIncomeNonControlling": 0, "calculatedEbitda": 480120000}, {"date": "1992-12-31", "symbol": "AMD", "reportedCurrency": "USD", "cik": "0000002488", "fillingDate": "1992-12-31", "acceptedDate": "1992-12-31 00:00:00", "calendarYear": "1992", "period": "FY", "revenue": 1514500000, "costOfRevenue": 594200000, "grossProfit": 920300000, "grossProfitRatio": 0.6076592935, "researchAndDevelopmentExpenses": 0, "generalAndAdministrativeExpenses": 0, "sellingAndMarketingExpenses": 0, "sellingGeneralAndAdministrativeExpenses": 498100000, "otherExpenses": 152300000, "operatingExpenses": 650400000, "costAndExpenses": 1244600000, "interestIncome": 0, "interestExpense": -20600000, "depreciationAndAmortization": 152300000, "ebitda": 403300000, "ebitdaratio": 0.2662925058, "operatingIncome": 269900000, "operatingIncomeRatio": 0.1782106306, "totalOtherIncomeExpensesNet": 18900000, "incomeBeforeTax": 271600000, "incomeBeforeTaxRatio": 0.1793331132, "incomeTaxExpense": 26600000, "netIncome": 245000000, "netIncomeRatio": 0.1617695609, "eps": 1.29, "epsdiluted": 1.25, "weightedAverageShsOut": 181860465, "weightedAverageShsOutDil": 187680000, "link": null, "finalLink": null, "calculatedOtherExpenses": 152300000, "calculatedOperatingExpenses": 650400000, "calculatedNetInterest": 20600000, "calculatedOtherIncome": -18900000, "calculatedIncomeNonControlling": 0, "calculatedEbitda": 422200000}, {"date": "1991-12-31", "symbol": "AMD", "reportedCurrency": "USD", "cik": "0000002488", "fillingDate": "1991-12-31", "acceptedDate": "1991-12-31 00:00:00", "calendarYear": "1991", "period": "FY", "revenue": 1226600000, "costOfRevenue": 502900000, "grossProfit": 723700000, "grossProfitRatio": 0.5900048916, "researchAndDevelopmentExpenses": 0, "generalAndAdministrativeExpenses": 0, "sellingAndMarketingExpenses": 0, "sellingGeneralAndAdministrativeExpenses": 458700000, "otherExpenses": 155900000, "operatingExpenses": 614600000, "costAndExpenses": 1117500000, "interestIncome": 0, "interestExpense": 0, "depreciationAndAmortization": 155900000, "ebitda": 208000000, "ebitdaratio": 0.1695744334, "operatingIncome": 109100000, "operatingIncomeRatio": 0.0889450514, "totalOtherIncomeExpensesNet": 57000000, "incomeBeforeTax": 109100000, "incomeBeforeTaxRatio": 0.0889450514, "incomeTaxExpense": -93200000, "netIncome": 145300000, "netIncomeRatio": 0.1184575249, "eps": 0.77, "epsdiluted": 0.76, "weightedAverageShsOut": 175194805, "weightedAverageShsOutDil": 177500000, "link": null, "finalLink": null, "calculatedOtherExpenses": 155900000, "calculatedOperatingExpenses": 614600000, "calculatedNetInterest": 0, "calculatedOtherIncome": 0, "calculatedIncomeNonControlling": 57000000, "calculatedEbitda": 265000000}, {"date": "1990-12-31", "symbol": "AMD", "reportedCurrency": "USD", "cik": "0000002488", "fillingDate": "1990-12-31", "acceptedDate": "1990-12-31 00:00:00", "calendarYear": "1990", "period": "FY", "revenue": 1059200000, "costOfRevenue": 550200000, "grossProfit": 509000000, "grossProfitRatio": 0.4805513595, "researchAndDevelopmentExpenses": 0, "generalAndAdministrativeExpenses": 0, "sellingAndMarketingExpenses": 0, "sellingGeneralAndAdministrativeExpenses": 431900000, "otherExpenses": 128300000, "operatingExpenses": 560200000, "costAndExpenses": 1110400000, "interestIncome": 0, "interestExpense": 0, "depreciationAndAmortization": 128300000, "ebitda": 71200000, "ebitdaratio": 0.0672205438, "operatingIncome": -51200000, "operatingIncomeRatio": -0.0483383686, "totalOtherIncomeExpensesNet": 5900000, "incomeBeforeTax": -51200000, "incomeBeforeTaxRatio": -0.0483383686, "incomeTaxExpense": -3500000, "netIncome": -53600000, "netIncomeRatio": -0.0506042296, "eps": -0.33, "epsdiluted": -0.33, "weightedAverageShsOut": 164102564, "weightedAverageShsOutDil": 164102564, "link": null, "finalLink": null, "calculatedOtherExpenses": 128300000, "calculatedOperatingExpenses": 560200000, "calculatedNetInterest": 0, "calculatedOtherIncome": 0, "calculatedIncomeNonControlling": 5900000, "calculatedEbitda": 77100000}, {"date": "1989-12-31", "symbol": "AMD", "reportedCurrency": "USD", "cik": "0000002488", "fillingDate": "1989-12-31", "acceptedDate": "1989-12-31 00:00:00", "calendarYear": "1989", "period": "FY", "revenue": 1104600000, "costOfRevenue": 507000000, "grossProfit": 597600000, "grossProfitRatio": 0.5410103205, "researchAndDevelopmentExpenses": 0, "generalAndAdministrativeExpenses": 0, "sellingAndMarketingExpenses": 0, "sellingGeneralAndAdministrativeExpenses": 422700000, "otherExpenses": 136400000, "operatingExpenses": 559100000, "costAndExpenses": 1066100000, "interestIncome": 0, "interestExpense": -41700000, "depreciationAndAmortization": 136400000, "ebitda": 144600000, "ebitdaratio": 0.1309071157, "operatingIncome": 38500000, "operatingIncomeRatio": 0.0348542459, "totalOtherIncomeExpensesNet": 30300000, "incomeBeforeTax": 49900000, "incomeBeforeTaxRatio": 0.0451747239, "incomeTaxExpense": 3800000, "netIncome": 46100000, "netIncomeRatio": 0.0417345645, "eps": 0.22, "epsdiluted": 0.22, "weightedAverageShsOut": 162272727, "weightedAverageShsOutDil": 162272727, "link": null, "finalLink": null, "calculatedOtherExpenses": 136400000, "calculatedOperatingExpenses": 559100000, "calculatedNetInterest": 41700000, "calculatedOtherIncome": -30300000, "calculatedIncomeNonControlling": 0, "calculatedEbitda": 174900000}, {"date": "1988-12-31", "symbol": "AMD", "reportedCurrency": "USD", "cik": "0000002488", "fillingDate": "1988-12-31", "acceptedDate": "1988-12-31 00:00:00", "calendarYear": "1988", "period": "FY", "revenue": 1125900000, "costOfRevenue": 508700000, "grossProfit": 617200000, "grossProfitRatio": 0.5481836753, "researchAndDevelopmentExpenses": 0, "generalAndAdministrativeExpenses": 0, "sellingAndMarketingExpenses": 0, "sellingGeneralAndAdministrativeExpenses": 432500000, "otherExpenses": 153200000, "operatingExpenses": 585700000, "costAndExpenses": 1094400000, "interestIncome": 0, "interestExpense": 0, "depreciationAndAmortization": 153200000, "ebitda": 180700000, "ebitdaratio": 0.1604938272, "operatingIncome": 31500000, "operatingIncomeRatio": 0.0279776179, "totalOtherIncomeExpensesNet": 4000000, "incomeBeforeTax": 35500000, "incomeBeforeTaxRatio": 0.0315303313, "incomeTaxExpense": 8200000, "netIncome": 19300000, "netIncomeRatio": 0.0171418421, "eps": 0.06, "epsdiluted": 0.06, "weightedAverageShsOut": 148333333, "weightedAverageShsOutDil": 148333333, "link": null, "finalLink": null, "calculatedOtherExpenses": 153200000, "calculatedOperatingExpenses": 585700000, "calculatedNetInterest": 0, "calculatedOtherIncome": 4000000, "calculatedIncomeNonControlling": 8000000, "calculatedEbitda": 184700000}, {"date": "1987-12-31", "symbol": "AMD", "reportedCurrency": "USD", "cik": "0000002488", "fillingDate": "1987-12-31", "acceptedDate": "1987-12-31 00:00:00", "calendarYear": "1987", "period": "FY", "revenue": 997100000, "costOfRevenue": 409600000, "grossProfit": 587500000, "grossProfitRatio": 0.5892087052, "researchAndDevelopmentExpenses": 0, "generalAndAdministrativeExpenses": 0, "sellingAndMarketingExpenses": 0, "sellingGeneralAndAdministrativeExpenses": 451000000, "otherExpenses": 152700000, "operatingExpenses": 603700000, "costAndExpenses": 1013300000, "interestIncome": 0, "interestExpense": 43400000, "depreciationAndAmortization": 152700000, "ebitda": 150500000, "ebitdaratio": 0.1509377194, "operatingIncome": -16200000, "operatingIncomeRatio": -0.0162471166, "totalOtherIncomeExpensesNet": -14000000, "incomeBeforeTax": -45600000, "incomeBeforeTaxRatio": -0.0457326246, "incomeTaxExpense": 2500000, "netIncome": -48100000, "netIncomeRatio": -0.0482398957, "eps": -0.31, "epsdiluted": -0.31, "weightedAverageShsOut": 155277778, "weightedAverageShsOutDil": 155277778, "link": null, "finalLink": null, "calculatedOtherExpenses": 152700000, "calculatedOperatingExpenses": 603700000, "calculatedNetInterest": -43400000, "calculatedOtherIncome": 14000000, "calculatedIncomeNonControlling": 0, "calculatedEbitda": 136500000}, {"date": "1986-03-31", "symbol": "AMD", "reportedCurrency": "USD", "cik": "0000002488", "fillingDate": "1986-03-31", "acceptedDate": "1986-03-31 00:00:00", "calendarYear": "1986", "period": "FY", "revenue": 576100000, "costOfRevenue": 235000000, "grossProfit": 341100000, "grossProfitRatio": 0.5920847075, "researchAndDevelopmentExpenses": 0, "generalAndAdministrativeExpenses": 0, "sellingAndMarketingExpenses": 0, "sellingGeneralAndAdministrativeExpenses": 306100000, "otherExpenses": 112800000, "operatingExpenses": 418900000, "costAndExpenses": 653900000, "interestIncome": 0, "interestExpense": 6400000, "depreciationAndAmortization": 112800000, "ebitda": 34500000, "ebitdaratio": 0.0598854366, "operatingIncome": -77800000, "operatingIncomeRatio": -0.135045999, "totalOtherIncomeExpensesNet": 500000, "incomeBeforeTax": -84700000, "incomeBeforeTaxRatio": -0.1470230863, "incomeTaxExpense": -48100000, "netIncome": -36600000, "netIncomeRatio": -0.063530637, "eps": -0.33, "epsdiluted": -0.33, "weightedAverageShsOut": 110909091, "weightedAverageShsOutDil": 110909091, "link": null, "finalLink": null, "calculatedOtherExpenses": 112800000, "calculatedOperatingExpenses": 418900000, "calculatedNetInterest": -6400000, "calculatedOtherIncome": -500000, "calculatedIncomeNonControlling": 0, "calculatedEbitda": 35000000}]}