{"originalCurrency": "USD", "convertedCurrency": "USD", "report": [{"date": "2023-12-31", "symbol": "AME", "reportedCurrency": "USD", "cik": "0001037868", "fillingDate": "2024-02-22", "acceptedDate": "2024-02-22 13:49:05", "calendarYear": "2023", "period": "FY", "revenue": 6596950000, "costOfRevenue": 4212484999, "grossProfit": 2384465001, "grossProfitRatio": 0.3614496094, "researchAndDevelopmentExpenses": 220800000, "generalAndAdministrativeExpenses": 0, "sellingAndMarketingExpenses": 0, "sellingGeneralAndAdministrativeExpenses": 677006000, "otherExpenses": -19252000, "operatingExpenses": 677006000, "costAndExpenses": 4889491000, "interestIncome": 0, "interestExpense": 81795000, "depreciationAndAmortization": 337636000, "ebitda": 2025843000, "ebitdaratio": 0.3070878209, "operatingIncome": 1707459000, "operatingIncomeRatio": 0.2588255179, "totalOtherIncomeExpensesNet": -101047000, "incomeBeforeTax": 1606412000, "incomeBeforeTaxRatio": 0.2435082879, "incomeTaxExpense": 293224000, "netIncome": 1313188000, "netIncomeRatio": 0.1990598686, "eps": 5.7, "epsdiluted": 5.67, "weightedAverageShsOut": 230519000, "weightedAverageShsOutDil": 231509000, "link": "https://www.sec.gov/Archives/edgar/data/1037868/000103786824000009/0001037868-24-000009-index.htm", "finalLink": "https://www.sec.gov/Archives/edgar/data/1037868/000103786824000009/ame-20231231.htm", "calculatedOtherExpenses": -220799999, "calculatedOperatingExpenses": 677006001, "calculatedNetInterest": -81795000, "calculatedOtherIncome": -19252000, "calculatedIncomeNonControlling": 0, "calculatedEbitda": 2045095000}, {"date": "2022-12-31", "symbol": "AME", "reportedCurrency": "USD", "cik": "0001037868", "fillingDate": "2023-02-21", "acceptedDate": "2023-02-21 13:37:14", "calendarYear": "2022", "period": "FY", "revenue": 6150530000, "costOfRevenue": 4005261000, "grossProfit": 2145269000, "grossProfitRatio": 0.348794169, "researchAndDevelopmentExpenses": 198800000, "generalAndAdministrativeExpenses": 0, "sellingAndMarketingExpenses": 0, "sellingGeneralAndAdministrativeExpenses": 644577000, "otherExpenses": 11186000, "operatingExpenses": 644577000, "costAndExpenses": 4649838000, "interestIncome": 1000000, "interestExpense": 83186000, "depreciationAndAmortization": 319427000, "ebitda": 1511878000, "ebitdaratio": 0.2458126373, "operatingIncome": 1192451000, "operatingIncomeRatio": 0.1938777634, "totalOtherIncomeExpensesNet": 236241000, "incomeBeforeTax": 1428692000, "incomeBeforeTaxRatio": 0.232287624, "incomeTaxExpense": 269150000, "netIncome": 1159542000, "netIncomeRatio": 0.1885271676, "eps": 5.04, "epsdiluted": 5.01, "weightedAverageShsOut": 230208000, "weightedAverageShsOutDil": 231536000, "link": "https://www.sec.gov/Archives/edgar/data/1037868/000103786823000012/0001037868-23-000012-index.htm", "finalLink": "https://www.sec.gov/Archives/edgar/data/1037868/000103786823000012/ame-20221231.htm", "calculatedOtherExpenses": 109441000, "calculatedOperatingExpenses": 952818000, "calculatedNetInterest": -82186000, "calculatedOtherIncome": 318427000, "calculatedIncomeNonControlling": 0, "calculatedEbitda": 1511878000}, {"date": "2021-12-31", "symbol": "AME", "reportedCurrency": "USD", "cik": "0001037868", "fillingDate": "2022-02-22", "acceptedDate": "2022-02-22 13:58:32", "calendarYear": "2021", "period": "FY", "revenue": 5546514000, "costOfRevenue": 3633900000, "grossProfit": 1912614000, "grossProfitRatio": 0.3448317267, "researchAndDevelopmentExpenses": 194200000, "generalAndAdministrativeExpenses": 0, "sellingAndMarketingExpenses": 0, "sellingGeneralAndAdministrativeExpenses": 603944000, "otherExpenses": -5119000, "operatingExpenses": 603944000, "costAndExpenses": 4237844000, "interestIncome": 2000000, "interestExpense": 80381000, "depreciationAndAmortization": 292112000, "ebitda": 1303551000, "ebitdaratio": 0.2350216731, "operatingIncome": 1011439000, "operatingIncomeRatio": 0.1823558004, "totalOtherIncomeExpensesNet": 211731000, "incomeBeforeTax": 1223170000, "incomeBeforeTaxRatio": 0.2205295074, "incomeTaxExpense": 233117000, "netIncome": 990053000, "netIncomeRatio": 0.1785000453, "eps": 4.29, "epsdiluted": 4.25, "weightedAverageShsOut": 230955000, "weightedAverageShsOutDil": 232813000, "link": "https://www.sec.gov/Archives/edgar/data/1037868/000103786822000009/0001037868-22-000009-index.htm", "finalLink": "https://www.sec.gov/Archives/edgar/data/1037868/000103786822000009/ame-20211231.htm", "calculatedOtherExpenses": 103031000, "calculatedOperatingExpenses": 901175000, "calculatedNetInterest": -78381000, "calculatedOtherIncome": 290112000, "calculatedIncomeNonControlling": 0, "calculatedEbitda": 1303551000}, {"date": "2020-12-31", "symbol": "AME", "reportedCurrency": "USD", "cik": "0001037868", "fillingDate": "2021-02-18", "acceptedDate": "2021-02-18 12:23:36", "calendarYear": "2020", "period": "FY", "revenue": 4540029000, "costOfRevenue": 2996515000, "grossProfit": 1543514000, "grossProfitRatio": 0.3399788856, "researchAndDevelopmentExpenses": 158900000, "generalAndAdministrativeExpenses": 0, "sellingAndMarketingExpenses": 0, "sellingGeneralAndAdministrativeExpenses": 515630000, "otherExpenses": 140487000, "operatingExpenses": 515630000, "costAndExpenses": 3512145000, "interestIncome": 2700000, "interestExpense": 86062000, "depreciationAndAmortization": 140487000, "ebitda": 1168371000, "ebitdaratio": 0.2573487967, "operatingIncome": 1027884000, "operatingIncomeRatio": 0.2264047212, "totalOtherIncomeExpensesNet": 54425000, "incomeBeforeTax": 1082309000, "incomeBeforeTaxRatio": 0.2383925301, "incomeTaxExpense": 209870000, "netIncome": 872439000, "netIncomeRatio": 0.1921659531, "eps": 3.8, "epsdiluted": 3.77, "weightedAverageShsOut": 229435000, "weightedAverageShsOutDil": 231150000, "link": "https://www.sec.gov/Archives/edgar/data/1037868/000103786821000007/0001037868-21-000007-index.htm", "finalLink": "https://www.sec.gov/Archives/edgar/data/1037868/000103786821000007/ame-20201231.htm", "calculatedOtherExpenses": -158900000, "calculatedOperatingExpenses": 515630000, "calculatedNetInterest": -83362000, "calculatedOtherIncome": 137787000, "calculatedIncomeNonControlling": 0, "calculatedEbitda": 1168371000}, {"date": "2019-12-31", "symbol": "AME", "reportedCurrency": "USD", "cik": "0001037868", "fillingDate": "2020-02-20", "acceptedDate": "2020-02-20 14:01:52", "calendarYear": "2019", "period": "FY", "revenue": 5158557000, "costOfRevenue": 3370897000, "grossProfit": 1787660000, "grossProfitRatio": 0.3465426475, "researchAndDevelopmentExpenses": 161900000, "generalAndAdministrativeExpenses": 0, "sellingAndMarketingExpenses": 0, "sellingGeneralAndAdministrativeExpenses": 610280000, "otherExpenses": -19151000, "operatingExpenses": 610280000, "costAndExpenses": 3981177000, "interestIncome": 4600000, "interestExpense": 88481000, "depreciationAndAmortization": 234042000, "ebitda": 1158229000, "ebitdaratio": 0.2245257734, "operatingIncome": 924187000, "operatingIncomeRatio": 0.179156109, "totalOtherIncomeExpensesNet": 145561000, "incomeBeforeTax": 1069748000, "incomeBeforeTaxRatio": 0.2073734961, "incomeTaxExpense": 208451000, "netIncome": 861297000, "netIncomeRatio": 0.1669647151, "eps": 3.78, "epsdiluted": 3.75, "weightedAverageShsOut": 227759000, "weightedAverageShsOutDil": 229395000, "link": "https://www.sec.gov/Archives/edgar/data/1037868/000119312520043133/0001193125-20-043133-index.htm", "finalLink": "https://www.sec.gov/Archives/edgar/data/1037868/000119312520043133/d878806d10k.htm", "calculatedOtherExpenses": 91293000, "calculatedOperatingExpenses": 863473000, "calculatedNetInterest": -83881000, "calculatedOtherIncome": 229442000, "calculatedIncomeNonControlling": 0, "calculatedEbitda": 1158229000}, {"date": "2018-12-31", "symbol": "AME", "reportedCurrency": "USD", "cik": "0001037868", "fillingDate": "2019-02-21", "acceptedDate": "2019-02-21 15:22:45", "calendarYear": "2018", "period": "FY", "revenue": 4845872000, "costOfRevenue": 3186310000, "grossProfit": 1659562000, "grossProfitRatio": 0.3424692192, "researchAndDevelopmentExpenses": 141000000, "generalAndAdministrativeExpenses": 584022000, "sellingAndMarketingExpenses": 0, "sellingGeneralAndAdministrativeExpenses": 584022000, "otherExpenses": -5615000, "operatingExpenses": 584022000, "costAndExpenses": 3770332000, "interestIncome": 0, "interestExpense": 82180000, "depreciationAndAmortization": 199490000, "ebitda": 1069925000, "ebitdaratio": 0.2207910155, "operatingIncome": 1075540000, "operatingIncomeRatio": 0.2219497337, "totalOtherIncomeExpensesNet": -5615000, "incomeBeforeTax": 987745000, "incomeBeforeTaxRatio": 0.2038322515, "incomeTaxExpense": 209812000, "netIncome": 777933000, "netIncomeRatio": 0.1605351937, "eps": 3.37, "epsdiluted": 3.34, "weightedAverageShsOut": 230823000, "weightedAverageShsOutDil": 232712000, "link": "https://www.sec.gov/Archives/edgar/data/1037868/000119312519046947/0001193125-19-046947-index.htm", "finalLink": "https://www.sec.gov/Archives/edgar/data/1037868/000119312519046947/d640432d10k.htm", "calculatedOtherExpenses": -141000000, "calculatedOperatingExpenses": 584022000, "calculatedNetInterest": -82180000, "calculatedOtherIncome": -5615000, "calculatedIncomeNonControlling": 0, "calculatedEbitda": 1275030000}, {"date": "2017-12-31", "symbol": "AME", "reportedCurrency": "USD", "cik": "0001037868", "fillingDate": "2018-02-22", "acceptedDate": "2018-02-22 12:58:25", "calendarYear": "2017", "period": "FY", "revenue": 4300170000, "costOfRevenue": 2851431000, "grossProfit": 1448739000, "grossProfitRatio": 0.3369027271, "researchAndDevelopmentExpenses": 130400000, "generalAndAdministrativeExpenses": 533645000, "sellingAndMarketingExpenses": 0, "sellingGeneralAndAdministrativeExpenses": 533645000, "otherExpenses": -20336000, "operatingExpenses": 533645000, "costAndExpenses": 3385076000, "interestIncome": 0, "interestExpense": 98029000, "depreciationAndAmortization": 183227000, "ebitda": 894758000, "ebitdaratio": 0.2080750296, "operatingIncome": 915094000, "operatingIncomeRatio": 0.212804145, "totalOtherIncomeExpensesNet": -20336000, "incomeBeforeTax": 796729000, "incomeBeforeTaxRatio": 0.185278489, "incomeTaxExpense": 115259000, "netIncome": 681470000, "netIncomeRatio": 0.1584751301, "eps": 2.96, "epsdiluted": 2.94, "weightedAverageShsOut": 230229000, "weightedAverageShsOutDil": 231845000, "link": "https://www.sec.gov/Archives/edgar/data/1037868/000119312518053631/0001193125-18-053631-index.htm", "finalLink": "https://www.sec.gov/Archives/edgar/data/1037868/000119312518053631/d507265d10k.htm", "calculatedOtherExpenses": -130400000, "calculatedOperatingExpenses": 533645000, "calculatedNetInterest": -98029000, "calculatedOtherIncome": -20336000, "calculatedIncomeNonControlling": 0, "calculatedEbitda": 1098321000}, {"date": "2016-12-31", "symbol": "AME", "reportedCurrency": "USD", "cik": "0001037868", "fillingDate": "2017-02-23", "acceptedDate": "2017-02-23 12:58:23", "calendarYear": "2016", "period": "FY", "revenue": 3840087000, "costOfRevenue": 2575220000, "grossProfit": 1264867000, "grossProfitRatio": 0.3293849853, "researchAndDevelopmentExpenses": 112000000, "generalAndAdministrativeExpenses": 462970000, "sellingAndMarketingExpenses": 0, "sellingGeneralAndAdministrativeExpenses": 462970000, "otherExpenses": -14490000, "operatingExpenses": 462970000, "costAndExpenses": 3038190000, "interestIncome": 0, "interestExpense": 94304000, "depreciationAndAmortization": 179716000, "ebitda": 787407000, "ebitdaratio": 0.2050492606, "operatingIncome": 801897000, "operatingIncomeRatio": 0.2088226126, "totalOtherIncomeExpensesNet": -14490000, "incomeBeforeTax": 693103000, "incomeBeforeTaxRatio": 0.1804914837, "incomeTaxExpense": 180945000, "netIncome": 512158000, "netIncomeRatio": 0.1333714575, "eps": 2.2, "epsdiluted": 2.19, "weightedAverageShsOut": 232593000, "weightedAverageShsOutDil": 233730000, "link": "https://www.sec.gov/Archives/edgar/data/1037868/000119312517053600/0001193125-17-053600-index.htm", "finalLink": "https://www.sec.gov/Archives/edgar/data/1037868/000119312517053600/d309462d10k.htm", "calculatedOtherExpenses": -112000000, "calculatedOperatingExpenses": 462970000, "calculatedNetInterest": -94304000, "calculatedOtherIncome": -14490000, "calculatedIncomeNonControlling": 0, "calculatedEbitda": 981613000}, {"date": "2015-12-31", "symbol": "AME", "reportedCurrency": "USD", "cik": "0001037868", "fillingDate": "2016-02-25", "acceptedDate": "2016-02-25 15:43:40", "calendarYear": "2015", "period": "FY", "revenue": 3974295000, "costOfRevenue": 2549280000, "grossProfit": 1425015000, "grossProfitRatio": 0.3585579329, "researchAndDevelopmentExpenses": 116300000, "generalAndAdministrativeExpenses": 448592000, "sellingAndMarketingExpenses": 0, "sellingGeneralAndAdministrativeExpenses": 448592000, "otherExpenses": -9541000, "operatingExpenses": 517299000, "costAndExpenses": 3066579000, "interestIncome": 0, "interestExpense": 91795000, "depreciationAndAmortization": 68707000, "ebitda": 966882000, "ebitdaratio": 0.2432839032, "operatingIncome": 907716000, "operatingIncomeRatio": 0.2283967345, "totalOtherIncomeExpensesNet": -9541000, "incomeBeforeTax": 806380000, "incomeBeforeTaxRatio": 0.2028988789, "incomeTaxExpense": 215521000, "netIncome": 590859000, "netIncomeRatio": 0.1486701415, "eps": 2.46, "epsdiluted": 2.45, "weightedAverageShsOut": 239906000, "weightedAverageShsOutDil": 241586000, "link": "https://www.sec.gov/Archives/edgar/data/1037868/000119312516478197/0001193125-16-478197-index.htm", "finalLink": "https://www.sec.gov/Archives/edgar/data/1037868/000119312516478197/d120829d10k.htm", "calculatedOtherExpenses": -47593000, "calculatedOperatingExpenses": 517299000, "calculatedNetInterest": -91795000, "calculatedOtherIncome": -9541000, "calculatedIncomeNonControlling": 0, "calculatedEbitda": 976423000}, {"date": "2014-12-31", "symbol": "AME", "reportedCurrency": "USD", "cik": "0001037868", "fillingDate": "2015-02-24", "acceptedDate": "2015-02-24 14:51:16", "calendarYear": "2014", "period": "FY", "revenue": 4021964000, "costOfRevenue": 2597017000, "grossProfit": 1424947000, "grossProfitRatio": 0.3542913363, "researchAndDevelopmentExpenses": 208300000, "generalAndAdministrativeExpenses": 462637000, "sellingAndMarketingExpenses": 0, "sellingGeneralAndAdministrativeExpenses": 462637000, "otherExpenses": -13826000, "operatingExpenses": 526361000, "costAndExpenses": 3123378000, "interestIncome": 0, "interestExpense": 79928000, "depreciationAndAmortization": 63724000, "ebitda": 948484000, "ebitdaratio": 0.235826079, "operatingIncome": 898586000, "operatingIncomeRatio": 0.2234197024, "totalOtherIncomeExpensesNet": -13826000, "incomeBeforeTax": 804832000, "incomeBeforeTaxRatio": 0.2001092004, "incomeTaxExpense": 220372000, "netIncome": 584460000, "netIncomeRatio": 0.145317064, "eps": 2.39, "epsdiluted": 2.37, "weightedAverageShsOut": 244885000, "weightedAverageShsOutDil": 247102000, "link": "https://www.sec.gov/Archives/edgar/data/1037868/000119312515059832/0001193125-15-059832-index.htm", "finalLink": "https://www.sec.gov/Archives/edgar/data/1037868/000119312515059832/d843717d10k.htm", "calculatedOtherExpenses": -144576000, "calculatedOperatingExpenses": 526361000, "calculatedNetInterest": -79928000, "calculatedOtherIncome": -13826000, "calculatedIncomeNonControlling": 0, "calculatedEbitda": 962310000}, {"date": "2013-12-31", "symbol": "AME", "reportedCurrency": "USD", "cik": "0001037868", "fillingDate": "2014-02-26", "acceptedDate": "2014-02-26 12:22:45", "calendarYear": "2013", "period": "FY", "revenue": 3594136000, "costOfRevenue": 2323642000, "grossProfit": 1270494000, "grossProfitRatio": 0.3534907972, "researchAndDevelopmentExpenses": 178700000, "generalAndAdministrativeExpenses": 398177000, "sellingAndMarketingExpenses": 0, "sellingGeneralAndAdministrativeExpenses": 398177000, "otherExpenses": -16712000, "operatingExpenses": 455415000, "costAndExpenses": 2779057000, "interestIncome": 0, "interestExpense": 73572000, "depreciationAndAmortization": 57238000, "ebitda": 855605000, "ebitdaratio": 0.238055822, "operatingIncome": 815079000, "operatingIncomeRatio": 0.2267802331, "totalOtherIncomeExpensesNet": -16712000, "incomeBeforeTax": 724795000, "incomeBeforeTaxRatio": 0.2016604269, "incomeTaxExpense": 207796000, "netIncome": 516999000, "netIncomeRatio": 0.1438451411, "eps": 2.12, "epsdiluted": 2.1, "weightedAverageShsOut": 243915000, "weightedAverageShsOutDil": 246065000, "link": "https://www.sec.gov/Archives/edgar/data/1037868/000119312514069080/0001193125-14-069080-index.htm", "finalLink": "https://www.sec.gov/Archives/edgar/data/1037868/000119312514069080/d654083d10k.htm", "calculatedOtherExpenses": -121462000, "calculatedOperatingExpenses": 455415000, "calculatedNetInterest": -73572000, "calculatedOtherIncome": -16712000, "calculatedIncomeNonControlling": 0, "calculatedEbitda": 872317000}, {"date": "2012-12-31", "symbol": "AME", "reportedCurrency": "USD", "cik": "0001037868", "fillingDate": "2013-02-21", "acceptedDate": "2013-02-21 16:11:45", "calendarYear": "2012", "period": "FY", "revenue": 3334213000, "costOfRevenue": 2154132000, "grossProfit": 1180081000, "grossProfitRatio": 0.3539308976, "researchAndDevelopmentExpenses": 154800000, "generalAndAdministrativeExpenses": 380532000, "sellingAndMarketingExpenses": 0, "sellingGeneralAndAdministrativeExpenses": 380532000, "otherExpenses": -7925000, "operatingExpenses": 434209000, "costAndExpenses": 2588341000, "interestIncome": 0, "interestExpense": 75472000, "depreciationAndAmortization": 53677000, "ebitda": 791624000, "ebitdaratio": 0.2374245437, "operatingIncome": 745872000, "operatingIncomeRatio": 0.2237025649, "totalOtherIncomeExpensesNet": -7925000, "incomeBeforeTax": 662475000, "incomeBeforeTaxRatio": 0.1986900657, "incomeTaxExpense": 203343000, "netIncome": 459132000, "netIncomeRatio": 0.1377032601, "eps": 1.9, "epsdiluted": 1.88, "weightedAverageShsOut": 241512000, "weightedAverageShsOutDil": 243986000, "link": "https://www.sec.gov/Archives/edgar/data/1037868/000119312513069307/0001193125-13-069307-index.htm", "finalLink": "https://www.sec.gov/Archives/edgar/data/1037868/000119312513069307/d444551d10k.htm", "calculatedOtherExpenses": -101123000, "calculatedOperatingExpenses": 434209000, "calculatedNetInterest": -75472000, "calculatedOtherIncome": -7925000, "calculatedIncomeNonControlling": 0, "calculatedEbitda": 799549000}, {"date": "2011-12-31", "symbol": "AME", "reportedCurrency": "USD", "cik": "0001037868", "fillingDate": "2012-02-23", "acceptedDate": "2012-02-23 14:47:42", "calendarYear": "2011", "period": "FY", "revenue": 2989914000, "costOfRevenue": 1955779000, "grossProfit": 1034135000, "grossProfitRatio": 0.3458744967, "researchAndDevelopmentExpenses": 0, "generalAndAdministrativeExpenses": 349321000, "sellingAndMarketingExpenses": 0, "sellingGeneralAndAdministrativeExpenses": 349321000, "otherExpenses": 48873000, "operatingExpenses": 398194000, "costAndExpenses": 2353973000, "interestIncome": 0, "interestExpense": 69729000, "depreciationAndAmortization": 48873000, "ebitda": 684814000, "ebitdaratio": 0.2290413704, "operatingIncome": 635941000, "operatingIncomeRatio": 0.2126954153, "totalOtherIncomeExpensesNet": -9570000, "incomeBeforeTax": 556642000, "incomeBeforeTaxRatio": 0.1861732478, "incomeTaxExpense": 172178000, "netIncome": 384464000, "netIncomeRatio": 0.1285869761, "eps": 1.6, "epsdiluted": 1.58, "weightedAverageShsOut": 240382500, "weightedAverageShsOutDil": 243162000, "link": "https://www.sec.gov/Archives/edgar/data/1037868/000119312512074885/0001193125-12-074885-index.htm", "finalLink": "https://www.sec.gov/Archives/edgar/data/1037868/000119312512074885/d266030d10k.htm", "calculatedOtherExpenses": 48873000, "calculatedOperatingExpenses": 398194000, "calculatedNetInterest": -69729000, "calculatedOtherIncome": -9570000, "calculatedIncomeNonControlling": 0, "calculatedEbitda": 684814000}, {"date": "2010-12-31", "symbol": "AME", "reportedCurrency": "USD", "cik": "0001037868", "fillingDate": "2011-02-24", "acceptedDate": "2011-02-24 09:38:31", "calendarYear": "2010", "period": "FY", "revenue": 2470952000, "costOfRevenue": 1646892000, "grossProfit": 824060000, "grossProfitRatio": 0.3334989915, "researchAndDevelopmentExpenses": 0, "generalAndAdministrativeExpenses": 296482000, "sellingAndMarketingExpenses": 0, "sellingGeneralAndAdministrativeExpenses": 296482000, "otherExpenses": 45420000, "operatingExpenses": 341902000, "costAndExpenses": 1988794000, "interestIncome": 0, "interestExpense": 67522000, "depreciationAndAmortization": 45420000, "ebitda": 527578000, "ebitdaratio": 0.2135120391, "operatingIncome": 482158000, "operatingIncomeRatio": 0.1951304598, "totalOtherIncomeExpensesNet": -8386000, "incomeBeforeTax": 406250000, "incomeBeforeTaxRatio": 0.1644103163, "incomeTaxExpense": 122318000, "netIncome": 283932000, "netIncomeRatio": 0.1149079383, "eps": 1.19, "epsdiluted": 1.17, "weightedAverageShsOut": 238584000, "weightedAverageShsOutDil": 241326000, "link": "https://www.sec.gov/Archives/edgar/data/1037868/000095012311017564/0000950123-11-017564-index.htm", "finalLink": "https://www.sec.gov/Archives/edgar/data/1037868/000095012311017564/w80783e10vk.htm", "calculatedOtherExpenses": 45420000, "calculatedOperatingExpenses": 341902000, "calculatedNetInterest": -67522000, "calculatedOtherIncome": -8386000, "calculatedIncomeNonControlling": 0, "calculatedEbitda": 527578000}, {"date": "2009-12-31", "symbol": "AME", "reportedCurrency": "USD", "cik": "0001037868", "fillingDate": "2010-02-25", "acceptedDate": "2010-02-25 11:30:13", "calendarYear": "2009", "period": "FY", "revenue": 2098355000, "costOfRevenue": 1435953000, "grossProfit": 662402000, "grossProfitRatio": 0.315676804, "researchAndDevelopmentExpenses": 0, "generalAndAdministrativeExpenses": 254143000, "sellingAndMarketingExpenses": 0, "sellingGeneralAndAdministrativeExpenses": 254143000, "otherExpenses": 42209000, "operatingExpenses": 296352000, "costAndExpenses": 1732305000, "interestIncome": 0, "interestExpense": 68750000, "depreciationAndAmortization": 42209000, "ebitda": 408259000, "ebitdaratio": 0.1945614541, "operatingIncome": 366050000, "operatingIncomeRatio": 0.1744461733, "totalOtherIncomeExpensesNet": -2667000, "incomeBeforeTax": 294633000, "incomeBeforeTaxRatio": 0.1404114175, "incomeTaxExpense": 88863000, "netIncome": 205770000, "netIncomeRatio": 0.0980625299, "eps": 0.86, "epsdiluted": 0.85, "weightedAverageShsOut": 240273000, "weightedAverageShsOutDil": 242662500, "link": "https://www.sec.gov/Archives/edgar/data/1037868/000095012310016787/0000950123-10-016787-index.htm", "finalLink": "https://www.sec.gov/Archives/edgar/data/1037868/000095012310016787/w75707e10vk.htm", "calculatedOtherExpenses": 42209000, "calculatedOperatingExpenses": 296352000, "calculatedNetInterest": -68750000, "calculatedOtherIncome": -2667000, "calculatedIncomeNonControlling": 0, "calculatedEbitda": 408259000}, {"date": "2008-12-31", "symbol": "AME", "reportedCurrency": "USD", "cik": "0001037868", "fillingDate": "2009-02-26", "acceptedDate": "2009-02-25 17:35:59", "calendarYear": "2008", "period": "FY", "revenue": 2531135000, "costOfRevenue": 1730086000, "grossProfit": 801049000, "grossProfitRatio": 0.3164781807, "researchAndDevelopmentExpenses": 0, "generalAndAdministrativeExpenses": 322552000, "sellingAndMarketingExpenses": 0, "sellingGeneralAndAdministrativeExpenses": 322552000, "otherExpenses": 45843000, "operatingExpenses": 368395000, "costAndExpenses": 2098481000, "interestIncome": 0, "interestExpense": 63652000, "depreciationAndAmortization": 45843000, "ebitda": 478497000, "ebitdaratio": 0.1890444405, "operatingIncome": 432654000, "operatingIncomeRatio": 0.1709328029, "totalOtherIncomeExpensesNet": -2786000, "incomeBeforeTax": 366216000, "incomeBeforeTaxRatio": 0.1446844992, "incomeTaxExpense": 119264000, "netIncome": 246952000, "netIncomeRatio": 0.0975657166, "eps": 1.04, "epsdiluted": 1.02, "weightedAverageShsOut": 238833000, "weightedAverageShsOutDil": 241746750, "link": "https://www.sec.gov/Archives/edgar/data/1037868/000089322009000390/0000893220-09-000390-index.htm", "finalLink": "https://www.sec.gov/Archives/edgar/data/1037868/000089322009000390/w72864e10vk.htm", "calculatedOtherExpenses": 45843000, "calculatedOperatingExpenses": 368395000, "calculatedNetInterest": -63652000, "calculatedOtherIncome": -2786000, "calculatedIncomeNonControlling": 0, "calculatedEbitda": 478497000}, {"date": "2007-12-31", "symbol": "AME", "reportedCurrency": "USD", "cik": "0001037868", "fillingDate": "2008-02-27", "acceptedDate": "2008-02-27 16:36:13", "calendarYear": "2007", "period": "FY", "revenue": 2136850000, "costOfRevenue": 1444514000, "grossProfit": 692336000, "grossProfitRatio": 0.3239984089, "researchAndDevelopmentExpenses": 0, "generalAndAdministrativeExpenses": 263472000, "sellingAndMarketingExpenses": 0, "sellingGeneralAndAdministrativeExpenses": 263472000, "otherExpenses": 42290000, "operatingExpenses": 305762000, "costAndExpenses": 1750276000, "interestIncome": 0, "interestExpense": -46866000, "depreciationAndAmortization": 52665000, "ebitda": 442503000, "ebitdaratio": 0.2070819196, "operatingIncome": 386574000, "operatingIncomeRatio": 0.1809083464, "totalOtherIncomeExpensesNet": -3264000, "incomeBeforeTax": 336444000, "incomeBeforeTaxRatio": 0.1574485809, "incomeTaxExpense": 108424000, "netIncome": 228020000, "netIncomeRatio": 0.1067084728, "eps": 0.96, "epsdiluted": 0.94, "weightedAverageShsOut": 238122000, "weightedAverageShsOutDil": 242055000, "link": "https://www.sec.gov/Archives/edgar/data/1037868/000089322008000535/0000893220-08-000535-index.htm", "finalLink": "https://www.sec.gov/Archives/edgar/data/1037868/000089322008000535/w50135e10vk.htm", "calculatedOtherExpenses": 42290000, "calculatedOperatingExpenses": 305762000, "calculatedNetInterest": 46866000, "calculatedOtherIncome": -96996000, "calculatedIncomeNonControlling": 0, "calculatedEbitda": 439239000}, {"date": "2006-12-31", "symbol": "AME", "reportedCurrency": "USD", "cik": "0001037868", "fillingDate": "2007-02-28", "acceptedDate": "2007-02-28 16:52:51", "calendarYear": "2006", "period": "FY", "revenue": 1819290000, "costOfRevenue": 1251920000, "grossProfit": 567370000, "grossProfitRatio": 0.3118634192, "researchAndDevelopmentExpenses": 0, "generalAndAdministrativeExpenses": 219454000, "sellingAndMarketingExpenses": 0, "sellingGeneralAndAdministrativeExpenses": 219454000, "otherExpenses": 38922000, "operatingExpenses": 258376000, "costAndExpenses": 1510296000, "interestIncome": 0, "interestExpense": 0, "depreciationAndAmortization": 45929000, "ebitda": 358064000, "ebitdaratio": 0.1968152411, "operatingIncome": 308994000, "operatingIncomeRatio": 0.1698431806, "totalOtherIncomeExpensesNet": -3141000, "incomeBeforeTax": 263686000, "incomeBeforeTaxRatio": 0.1449389597, "incomeTaxExpense": 81752000, "netIncome": 181934000, "netIncomeRatio": 0.1000027483, "eps": 0.77, "epsdiluted": 0.76, "weightedAverageShsOut": 235892250, "weightedAverageShsOutDil": 239868000, "link": "https://www.sec.gov/Archives/edgar/data/1037868/000089322007000510/0000893220-07-000510-index.htm", "finalLink": "https://www.sec.gov/Archives/edgar/data/1037868/000089322007000510/w28783e10vk.htm", "calculatedOtherExpenses": 38922000, "calculatedOperatingExpenses": 258376000, "calculatedNetInterest": 0, "calculatedOtherIncome": -45308000, "calculatedIncomeNonControlling": 0, "calculatedEbitda": 354923000}, {"date": "2005-12-31", "symbol": "AME", "reportedCurrency": "USD", "cik": "0001037868", "fillingDate": "2006-03-06", "acceptedDate": "2006-03-06 17:14:01", "calendarYear": "2005", "period": "FY", "revenue": 1434457000, "costOfRevenue": 988508000, "grossProfit": 445949000, "grossProfitRatio": 0.3108834911, "researchAndDevelopmentExpenses": 0, "generalAndAdministrativeExpenses": 171577000, "sellingAndMarketingExpenses": 0, "sellingGeneralAndAdministrativeExpenses": 171577000, "otherExpenses": 34963000, "operatingExpenses": 206540000, "costAndExpenses": 1195048000, "interestIncome": 0, "interestExpense": -32913000, "depreciationAndAmortization": 39428000, "ebitda": 281125000, "ebitdaratio": 0.1959800817, "operatingIncome": 239409000, "operatingIncomeRatio": 0.1668986941, "totalOtherIncomeExpensesNet": -2288000, "incomeBeforeTax": 204208000, "incomeBeforeTaxRatio": 0.1423590948, "incomeTaxExpense": 63565000, "netIncome": 140643000, "netIncomeRatio": 0.0980461596, "eps": 0.58, "epsdiluted": 0.57, "weightedAverageShsOut": 233383500, "weightedAverageShsOutDil": 237550500, "link": "https://www.sec.gov/Archives/edgar/data/1037868/000089322006000448/0000893220-06-000448-index.htm", "finalLink": "https://www.sec.gov/Archives/edgar/data/1037868/000089322006000448/w18155e10vk.htm", "calculatedOtherExpenses": 34963000, "calculatedOperatingExpenses": 206540000, "calculatedNetInterest": 32913000, "calculatedOtherIncome": -68114000, "calculatedIncomeNonControlling": 0, "calculatedEbitda": 278837000}, {"date": "2004-12-31", "symbol": "AME", "reportedCurrency": "USD", "cik": "0001037868", "fillingDate": "2005-03-08", "acceptedDate": "2005-03-08 14:33:04", "calendarYear": "2004", "period": "FY", "revenue": 1232318000, "costOfRevenue": 863827000, "grossProfit": 368491000, "grossProfitRatio": 0.2990226549, "researchAndDevelopmentExpenses": 0, "generalAndAdministrativeExpenses": 135494000, "sellingAndMarketingExpenses": 0, "sellingGeneralAndAdministrativeExpenses": 135494000, "otherExpenses": 36763000, "operatingExpenses": 172257000, "costAndExpenses": 1036084000, "interestIncome": 0, "interestExpense": -28343000, "depreciationAndAmortization": 39909000, "ebitda": 238255000, "ebitdaratio": 0.1933388947, "operatingIncome": 196234000, "operatingIncomeRatio": 0.1592397417, "totalOtherIncomeExpensesNet": -2112000, "incomeBeforeTax": 165779000, "incomeBeforeTaxRatio": 0.1345261532, "incomeTaxExpense": 53068000, "netIncome": 112711000, "netIncomeRatio": 0.0914625933, "eps": 0.48, "epsdiluted": 0.47, "weightedAverageShsOut": 228825000, "weightedAverageShsOutDil": 231975000, "link": "https://www.sec.gov/Archives/edgar/data/1037868/000089322005000487/0000893220-05-000487-index.htm", "finalLink": "https://www.sec.gov/Archives/edgar/data/1037868/000089322005000487/w05985e10vk.htm", "calculatedOtherExpenses": 36763000, "calculatedOperatingExpenses": 172257000, "calculatedNetInterest": 28343000, "calculatedOtherIncome": -58798000, "calculatedIncomeNonControlling": 0, "calculatedEbitda": 236143000}, {"date": "2003-12-31", "symbol": "AME", "reportedCurrency": "USD", "cik": "0001037868", "fillingDate": "2004-03-12", "acceptedDate": "2004-03-12 17:01:56", "calendarYear": "2003", "period": "FY", "revenue": 1091622000, "costOfRevenue": 785441000, "grossProfit": 306181000, "grossProfitRatio": 0.2804826213, "researchAndDevelopmentExpenses": 0, "generalAndAdministrativeExpenses": 115186000, "sellingAndMarketingExpenses": 0, "sellingGeneralAndAdministrativeExpenses": 115186000, "otherExpenses": 34234000, "operatingExpenses": 149420000, "costAndExpenses": 934861000, "interestIncome": 0, "interestExpense": -26017000, "depreciationAndAmortization": 35473000, "ebitda": 192891000, "ebitdaratio": 0.1767012757, "operatingIncome": 156761000, "operatingIncomeRatio": 0.1436037383, "totalOtherIncomeExpensesNet": -657000, "incomeBeforeTax": 130087000, "incomeBeforeTaxRatio": 0.11916854, "incomeTaxExpense": 42272000, "netIncome": 87815000, "netIncomeRatio": 0.0804445128, "eps": 0.38, "epsdiluted": 0.37, "weightedAverageShsOut": 223650000, "weightedAverageShsOutDil": 225900000, "link": "https://www.sec.gov/Archives/edgar/data/1037868/000089322004000420/0000893220-04-000420-index.htm", "finalLink": "https://www.sec.gov/Archives/edgar/data/1037868/000089322004000420/w95011e10vk.htm", "calculatedOtherExpenses": 34234000, "calculatedOperatingExpenses": 149420000, "calculatedNetInterest": 26017000, "calculatedOtherIncome": -52691000, "calculatedIncomeNonControlling": 0, "calculatedEbitda": 192234000}, {"date": "2002-12-31", "symbol": "AME", "reportedCurrency": "USD", "cik": "0001037868", "fillingDate": "2003-03-17", "acceptedDate": "2003-03-14 18:12:42", "calendarYear": "2002", "period": "FY", "revenue": 1040542000, "costOfRevenue": 754571000, "grossProfit": 285971000, "grossProfitRatio": 0.2748288873, "researchAndDevelopmentExpenses": 0, "generalAndAdministrativeExpenses": 104816000, "sellingAndMarketingExpenses": 0, "sellingGeneralAndAdministrativeExpenses": 104816000, "otherExpenses": 32468000, "operatingExpenses": 137284000, "costAndExpenses": 891855000, "interestIncome": 0, "interestExpense": 0, "depreciationAndAmortization": 32950000, "ebitda": 182245000, "ebitdaratio": 0.1751442998, "operatingIncome": 148687000, "operatingIncomeRatio": 0.1428937996, "totalOtherIncomeExpensesNet": -608000, "incomeBeforeTax": 122898000, "incomeBeforeTaxRatio": 0.1181096006, "incomeTaxExpense": 39200000, "netIncome": 83698000, "netIncomeRatio": 0.0804369261, "eps": 0.38, "epsdiluted": 0.37, "weightedAverageShsOut": 222196500, "weightedAverageShsOutDil": 226982250, "link": "https://www.sec.gov/Archives/edgar/data/1037868/000089322003000294/0000893220-03-000294-index.htm", "finalLink": "https://www.sec.gov/Archives/edgar/data/1037868/000089322003000294/w84424e10vk.txt", "calculatedOtherExpenses": 32468000, "calculatedOperatingExpenses": 137284000, "calculatedNetInterest": 0, "calculatedOtherIncome": -25789000, "calculatedIncomeNonControlling": 0, "calculatedEbitda": 181637000}, {"date": "2001-12-31", "symbol": "AME", "reportedCurrency": "USD", "cik": "0001037868", "fillingDate": "2002-03-14", "acceptedDate": "2002-03-14 00:00:00", "calendarYear": "2001", "period": "FY", "revenue": 1019289000, "costOfRevenue": 777919000, "grossProfit": 241370000, "grossProfitRatio": 0.23680232, "researchAndDevelopmentExpenses": 0, "generalAndAdministrativeExpenses": 98655000, "sellingAndMarketingExpenses": 0, "sellingGeneralAndAdministrativeExpenses": 98655000, "otherExpenses": 33165000, "operatingExpenses": 131820000, "costAndExpenses": 909739000, "interestIncome": 0, "interestExpense": 0, "depreciationAndAmortization": 46450000, "ebitda": 153275000, "ebitdaratio": 0.1503744277, "operatingIncome": 109550000, "operatingIncomeRatio": 0.1074768785, "totalOtherIncomeExpensesNet": 2725000, "incomeBeforeTax": 84362000, "incomeBeforeTaxRatio": 0.0827655356, "incomeTaxExpense": 18251000, "netIncome": 66111000, "netIncomeRatio": 0.0648599171, "eps": 0.3, "epsdiluted": 0.29, "weightedAverageShsOut": 221656500, "weightedAverageShsOutDil": 225753750, "link": "https://www.sec.gov/Archives/edgar/data/1037868/000089322002000252/0000893220-02-000252-index.htm", "finalLink": "https://www.sec.gov/Archives/edgar/data/1037868/000089322002000252/w58456e10-k405.txt", "calculatedOtherExpenses": 33165000, "calculatedOperatingExpenses": 131820000, "calculatedNetInterest": 0, "calculatedOtherIncome": -25188000, "calculatedIncomeNonControlling": 0, "calculatedEbitda": 156000000}, {"date": "2000-12-31", "symbol": "AME", "reportedCurrency": "USD", "cik": "0001037868", "fillingDate": "2001-03-15", "acceptedDate": "2001-03-15 00:00:00", "calendarYear": "2000", "period": "FY", "revenue": 1024660000, "costOfRevenue": 750366000, "grossProfit": 274294000, "grossProfitRatio": 0.2676926981, "researchAndDevelopmentExpenses": 0, "generalAndAdministrativeExpenses": 95147000, "sellingAndMarketingExpenses": 0, "sellingGeneralAndAdministrativeExpenses": 95147000, "otherExpenses": 43257000, "operatingExpenses": 138404000, "costAndExpenses": 888770000, "interestIncome": 0, "interestExpense": 0, "depreciationAndAmortization": 43257000, "ebitda": 179696000, "ebitdaratio": 0.1753713427, "operatingIncome": 135890000, "operatingIncomeRatio": 0.1326196006, "totalOtherIncomeExpensesNet": -549000, "incomeBeforeTax": 106138000, "incomeBeforeTaxRatio": 0.1035836277, "incomeTaxExpense": 37606000, "netIncome": 68532000, "netIncomeRatio": 0.0668826733, "eps": 0.32, "epsdiluted": 0.31, "weightedAverageShsOut": 216884250, "weightedAverageShsOutDil": 219604500, "link": "https://www.sec.gov/Archives/edgar/data/1037868/000089322001000281/0000893220-01-000281-index.htm", "finalLink": "https://www.sec.gov/Archives/edgar/data/1037868/000089322001000281/w46360e10-k405.txt", "calculatedOtherExpenses": 43257000, "calculatedOperatingExpenses": 138404000, "calculatedNetInterest": 0, "calculatedOtherIncome": -29752000, "calculatedIncomeNonControlling": 0, "calculatedEbitda": 179147000}, {"date": "1999-12-31", "symbol": "AME", "reportedCurrency": "USD", "cik": "0001037868", "fillingDate": "1999-12-31", "acceptedDate": "1999-12-30 19:00:00", "calendarYear": "1999", "period": "FY", "revenue": 924797000, "costOfRevenue": 696011000, "grossProfit": 228786000, "grossProfitRatio": 0.2473905084, "researchAndDevelopmentExpenses": 0, "generalAndAdministrativeExpenses": 79351000, "sellingAndMarketingExpenses": 0, "sellingGeneralAndAdministrativeExpenses": 79351000, "otherExpenses": 30638000, "operatingExpenses": 109989000, "costAndExpenses": 806000000, "interestIncome": 0, "interestExpense": 0, "depreciationAndAmortization": 39624000, "ebitda": 157981000, "ebitdaratio": 0.17082776, "operatingIncome": 118797000, "operatingIncomeRatio": 0.1284573804, "totalOtherIncomeExpensesNet": 440000, "incomeBeforeTax": 94461000, "incomeBeforeTaxRatio": 0.1021424161, "incomeTaxExpense": 33693000, "netIncome": 60768000, "netIncomeRatio": 0.0657095557, "eps": 0.28, "epsdiluted": 0.27, "weightedAverageShsOut": 218025000, "weightedAverageShsOutDil": 222412500, "link": "", "finalLink": "", "calculatedOtherExpenses": 30638000, "calculatedOperatingExpenses": 109989000, "calculatedNetInterest": 0, "calculatedOtherIncome": -24336000, "calculatedIncomeNonControlling": 0, "calculatedEbitda": 158421000}, {"date": "1998-12-31", "symbol": "AME", "reportedCurrency": "USD", "cik": "0001037868", "fillingDate": "1998-12-31", "acceptedDate": "1998-12-30 19:00:00", "calendarYear": "1998", "period": "FY", "revenue": 927474000, "costOfRevenue": 711020000, "grossProfit": 216454000, "grossProfitRatio": 0.2333801271, "researchAndDevelopmentExpenses": 0, "generalAndAdministrativeExpenses": 82089000, "sellingAndMarketingExpenses": 0, "sellingGeneralAndAdministrativeExpenses": 82089000, "otherExpenses": 37929000, "operatingExpenses": 120018000, "costAndExpenses": 831038000, "interestIncome": 0, "interestExpense": 0, "depreciationAndAmortization": 38369000, "ebitda": 138244000, "ebitdaratio": 0.1490543131, "operatingIncome": 96436000, "operatingIncomeRatio": 0.1039770387, "totalOtherIncomeExpensesNet": -3439000, "incomeBeforeTax": 77358000, "incomeBeforeTaxRatio": 0.0834071899, "incomeTaxExpense": 26909000, "netIncome": 41739000, "netIncomeRatio": 0.0450028788, "eps": 0.19, "epsdiluted": 0.18, "weightedAverageShsOut": 220947750, "weightedAverageShsOutDil": 227751750, "link": "", "finalLink": "", "calculatedOtherExpenses": 37929000, "calculatedOperatingExpenses": 120018000, "calculatedNetInterest": 0, "calculatedOtherIncome": -19078000, "calculatedIncomeNonControlling": 8710000, "calculatedEbitda": 134805000}, {"date": "1997-12-31", "symbol": "AME", "reportedCurrency": "USD", "cik": "0001037868", "fillingDate": "1997-12-31", "acceptedDate": "1997-12-30 19:00:00", "calendarYear": "1997", "period": "FY", "revenue": 847800000, "costOfRevenue": 655900000, "grossProfit": 191900000, "grossProfitRatio": 0.2263505544, "researchAndDevelopmentExpenses": 0, "generalAndAdministrativeExpenses": 67100000, "sellingAndMarketingExpenses": 0, "sellingGeneralAndAdministrativeExpenses": 67100000, "otherExpenses": 32900000, "operatingExpenses": 100000000, "costAndExpenses": 755900000, "interestIncome": 0, "interestExpense": 0, "depreciationAndAmortization": 32900000, "ebitda": 120400000, "ebitdaratio": 0.1420146261, "operatingIncome": 91900000, "operatingIncomeRatio": 0.1083982071, "totalOtherIncomeExpensesNet": 4400000, "incomeBeforeTax": 78200000, "incomeBeforeTaxRatio": 0.0922387356, "incomeTaxExpense": 27900000, "netIncome": 50400000, "netIncomeRatio": 0.059447983, "eps": 0.23, "epsdiluted": 0.22, "weightedAverageShsOut": 222241820, "weightedAverageShsOutDil": 228208044, "link": "", "finalLink": "", "calculatedOtherExpenses": 32900000, "calculatedOperatingExpenses": 100000000, "calculatedNetInterest": 0, "calculatedOtherIncome": -13700000, "calculatedIncomeNonControlling": -100000, "calculatedEbitda": 124800000}, {"date": "1996-12-31", "symbol": "AME", "reportedCurrency": "USD", "cik": "0001037868", "fillingDate": "1996-12-31", "acceptedDate": "1996-12-30 19:00:00", "calendarYear": "1996", "period": "FY", "revenue": 868700000, "costOfRevenue": 662700000, "grossProfit": 206000000, "grossProfitRatio": 0.2371359503, "researchAndDevelopmentExpenses": 0, "generalAndAdministrativeExpenses": 76100000, "sellingAndMarketingExpenses": 0, "sellingGeneralAndAdministrativeExpenses": 76100000, "otherExpenses": 34900000, "operatingExpenses": 111000000, "costAndExpenses": 773700000, "interestIncome": 0, "interestExpense": 0, "depreciationAndAmortization": 34900000, "ebitda": 127200000, "ebitdaratio": 0.1464256936, "operatingIncome": 95000000, "operatingIncomeRatio": 0.109358812, "totalOtherIncomeExpensesNet": 2700000, "incomeBeforeTax": 78700000, "incomeBeforeTaxRatio": 0.0905951422, "incomeTaxExpense": 27500000, "netIncome": 51200000, "netIncomeRatio": 0.058938644, "eps": 0.23, "epsdiluted": 0.23, "weightedAverageShsOut": 220017380, "weightedAverageShsOutDil": 224303433, "link": "", "finalLink": "", "calculatedOtherExpenses": 34900000, "calculatedOperatingExpenses": 111000000, "calculatedNetInterest": 0, "calculatedOtherIncome": -16300000, "calculatedIncomeNonControlling": 0, "calculatedEbitda": 129900000}, {"date": "1995-12-31", "symbol": "AME", "reportedCurrency": "USD", "cik": "0001037868", "fillingDate": "1995-12-31", "acceptedDate": "1995-12-30 19:00:00", "calendarYear": "1995", "period": "FY", "revenue": 837500000, "costOfRevenue": 638900000, "grossProfit": 198600000, "grossProfitRatio": 0.2371343284, "researchAndDevelopmentExpenses": 0, "generalAndAdministrativeExpenses": 74800000, "sellingAndMarketingExpenses": 0, "sellingGeneralAndAdministrativeExpenses": 74800000, "otherExpenses": 34500000, "operatingExpenses": 109300000, "costAndExpenses": 748200000, "interestIncome": 0, "interestExpense": 0, "depreciationAndAmortization": 34500000, "ebitda": 123700000, "ebitdaratio": 0.1477014925, "operatingIncome": 89300000, "operatingIncomeRatio": 0.1066268657, "totalOtherIncomeExpensesNet": 100000, "incomeBeforeTax": 69300000, "incomeBeforeTaxRatio": 0.0827462687, "incomeTaxExpense": 25500000, "netIncome": 52300000, "netIncomeRatio": 0.0624477612, "eps": 0.23, "epsdiluted": 0.23, "weightedAverageShsOut": 226184984, "weightedAverageShsOutDil": 229122452, "link": "", "finalLink": "", "calculatedOtherExpenses": 34500000, "calculatedOperatingExpenses": 109300000, "calculatedNetInterest": 0, "calculatedOtherIncome": -20000000, "calculatedIncomeNonControlling": -8500000, "calculatedEbitda": 123800000}, {"date": "1994-12-31", "symbol": "AME", "reportedCurrency": "USD", "cik": "0001037868", "fillingDate": "1994-12-31", "acceptedDate": "1994-12-30 19:00:00", "calendarYear": "1994", "period": "FY", "revenue": 808000000, "costOfRevenue": 612100000, "grossProfit": 195900000, "grossProfitRatio": 0.242450495, "researchAndDevelopmentExpenses": 0, "generalAndAdministrativeExpenses": 79200000, "sellingAndMarketingExpenses": 0, "sellingGeneralAndAdministrativeExpenses": 79200000, "otherExpenses": 37300000, "operatingExpenses": 116500000, "costAndExpenses": 728600000, "interestIncome": 0, "interestExpense": 0, "depreciationAndAmortization": 37300000, "ebitda": 112600000, "ebitdaratio": 0.1393564356, "operatingIncome": 79400000, "operatingIncomeRatio": 0.0982673267, "totalOtherIncomeExpensesNet": 4100000, "incomeBeforeTax": 61800000, "incomeBeforeTaxRatio": 0.0764851485, "incomeTaxExpense": 22800000, "netIncome": 31000000, "netIncomeRatio": 0.0383663366, "eps": 0.11, "epsdiluted": 0.11, "weightedAverageShsOut": 282628956, "weightedAverageShsOutDil": 286500585, "link": "", "finalLink": "", "calculatedOtherExpenses": 37300000, "calculatedOperatingExpenses": 116500000, "calculatedNetInterest": 0, "calculatedOtherIncome": -17600000, "calculatedIncomeNonControlling": 8000000, "calculatedEbitda": 116700000}, {"date": "1993-12-31", "symbol": "AME", "reportedCurrency": "USD", "cik": "0001037868", "fillingDate": "1993-12-31", "acceptedDate": "1993-12-30 19:00:00", "calendarYear": "1993", "period": "FY", "revenue": 732200000, "costOfRevenue": 574400000, "grossProfit": 157800000, "grossProfitRatio": 0.2155148866, "researchAndDevelopmentExpenses": 0, "generalAndAdministrativeExpenses": 121800000, "sellingAndMarketingExpenses": 0, "sellingGeneralAndAdministrativeExpenses": 121800000, "otherExpenses": 35900000, "operatingExpenses": 157700000, "costAndExpenses": 732100000, "interestIncome": 0, "interestExpense": 0, "depreciationAndAmortization": 35900000, "ebitda": 29700000, "ebitdaratio": 0.0405626878, "operatingIncome": 100000, "operatingIncomeRatio": 0.0001365747, "totalOtherIncomeExpensesNet": 6300000, "incomeBeforeTax": -11200000, "incomeBeforeTaxRatio": -0.0152963671, "incomeTaxExpense": -3900000, "netIncome": -7300000, "netIncomeRatio": -0.0099699536, "eps": -0.0252, "epsdiluted": -0.0252, "weightedAverageShsOut": 289708087, "weightedAverageShsOutDil": 289708087, "link": "", "finalLink": "", "calculatedOtherExpenses": 35900000, "calculatedOperatingExpenses": 157700000, "calculatedNetInterest": 0, "calculatedOtherIncome": -11300000, "calculatedIncomeNonControlling": 0, "calculatedEbitda": 36000000}, {"date": "1992-12-31", "symbol": "AME", "reportedCurrency": "USD", "cik": "0001037868", "fillingDate": "1992-12-31", "acceptedDate": "1992-12-30 19:00:00", "calendarYear": "1992", "period": "FY", "revenue": 769600000, "costOfRevenue": 575500000, "grossProfit": 194100000, "grossProfitRatio": 0.2522089397, "researchAndDevelopmentExpenses": 0, "generalAndAdministrativeExpenses": 77700000, "sellingAndMarketingExpenses": 0, "sellingGeneralAndAdministrativeExpenses": 77700000, "otherExpenses": 37300000, "operatingExpenses": 115000000, "costAndExpenses": 690500000, "interestIncome": 0, "interestExpense": 0, "depreciationAndAmortization": 37300000, "ebitda": 109100000, "ebitdaratio": 0.1417619543, "operatingIncome": 79100000, "operatingIncomeRatio": 0.1027806653, "totalOtherIncomeExpensesNet": 7300000, "incomeBeforeTax": 66800000, "incomeBeforeTaxRatio": 0.0867983368, "incomeTaxExpense": 22400000, "netIncome": 44400000, "netIncomeRatio": 0.0576923077, "eps": 0.15, "epsdiluted": 0.15, "weightedAverageShsOut": 296584381, "weightedAverageShsOutDil": 296584381, "link": "", "finalLink": "", "calculatedOtherExpenses": 37300000, "calculatedOperatingExpenses": 115000000, "calculatedNetInterest": 0, "calculatedOtherIncome": -12300000, "calculatedIncomeNonControlling": 0, "calculatedEbitda": 116400000}, {"date": "1991-12-31", "symbol": "AME", "reportedCurrency": "USD", "cik": "0001037868", "fillingDate": "1991-12-31", "acceptedDate": "1991-12-30 19:00:00", "calendarYear": "1991", "period": "FY", "revenue": 715100000, "costOfRevenue": 538300000, "grossProfit": 176800000, "grossProfitRatio": 0.2472381485, "researchAndDevelopmentExpenses": 0, "generalAndAdministrativeExpenses": 74000000, "sellingAndMarketingExpenses": 0, "sellingGeneralAndAdministrativeExpenses": 74000000, "otherExpenses": 36500000, "operatingExpenses": 110500000, "costAndExpenses": 648800000, "interestIncome": 0, "interestExpense": 0, "depreciationAndAmortization": 36500000, "ebitda": 94600000, "ebitdaratio": 0.1322891903, "operatingIncome": 66300000, "operatingIncomeRatio": 0.0927143057, "totalOtherIncomeExpensesNet": 8200000, "incomeBeforeTax": 52400000, "incomeBeforeTaxRatio": 0.0732764648, "incomeTaxExpense": 14400000, "netIncome": 38000000, "netIncomeRatio": 0.0531394211, "eps": 0.13, "epsdiluted": 0.13, "weightedAverageShsOut": 294680246, "weightedAverageShsOutDil": 294680246, "link": "", "finalLink": "", "calculatedOtherExpenses": 36500000, "calculatedOperatingExpenses": 110500000, "calculatedNetInterest": 0, "calculatedOtherIncome": -13900000, "calculatedIncomeNonControlling": 0, "calculatedEbitda": 102800000}, {"date": "1990-12-31", "symbol": "AME", "reportedCurrency": "USD", "cik": "0001037868", "fillingDate": "1990-12-31", "acceptedDate": "1990-12-30 19:00:00", "calendarYear": "1990", "period": "FY", "revenue": 660700000, "costOfRevenue": 489300000, "grossProfit": 171400000, "grossProfitRatio": 0.2594218253, "researchAndDevelopmentExpenses": 0, "generalAndAdministrativeExpenses": 69600000, "sellingAndMarketingExpenses": 0, "sellingGeneralAndAdministrativeExpenses": 69600000, "otherExpenses": 33500000, "operatingExpenses": 103100000, "costAndExpenses": 592400000, "interestIncome": 0, "interestExpense": 0, "depreciationAndAmortization": 33500000, "ebitda": 92700000, "ebitdaratio": 0.1403057363, "operatingIncome": 68300000, "operatingIncomeRatio": 0.1033752081, "totalOtherIncomeExpensesNet": 9100000, "incomeBeforeTax": 56600000, "incomeBeforeTaxRatio": 0.0856667171, "incomeTaxExpense": 19300000, "netIncome": 37300000, "netIncomeRatio": 0.0564552747, "eps": 0.13, "epsdiluted": 0.13, "weightedAverageShsOut": 296057853, "weightedAverageShsOutDil": 296057853, "link": "", "finalLink": "", "calculatedOtherExpenses": 33500000, "calculatedOperatingExpenses": 103100000, "calculatedNetInterest": 0, "calculatedOtherIncome": -11700000, "calculatedIncomeNonControlling": 0, "calculatedEbitda": 101800000}, {"date": "1989-12-31", "symbol": "AME", "reportedCurrency": "USD", "cik": "0001037868", "fillingDate": "1989-12-31", "acceptedDate": "1989-12-30 19:00:00", "calendarYear": "1989", "period": "FY", "revenue": 587800000, "costOfRevenue": 436300000, "grossProfit": 151500000, "grossProfitRatio": 0.2577407281, "researchAndDevelopmentExpenses": 0, "generalAndAdministrativeExpenses": 66100000, "sellingAndMarketingExpenses": 0, "sellingGeneralAndAdministrativeExpenses": 66100000, "otherExpenses": 25300000, "operatingExpenses": 91400000, "costAndExpenses": 527700000, "interestIncome": 0, "interestExpense": 0, "depreciationAndAmortization": 25300000, "ebitda": 69700000, "ebitdaratio": 0.1185777475, "operatingIncome": 60100000, "operatingIncomeRatio": 0.1022456618, "totalOtherIncomeExpensesNet": 15700000, "incomeBeforeTax": 60700000, "incomeBeforeTaxRatio": 0.1032664171, "incomeTaxExpense": 22400000, "netIncome": 38300000, "netIncomeRatio": 0.0651582171, "eps": 0.13, "epsdiluted": 0.13, "weightedAverageShsOut": 297006669, "weightedAverageShsOutDil": 297006669, "link": "", "finalLink": "", "calculatedOtherExpenses": 25300000, "calculatedOperatingExpenses": 91400000, "calculatedNetInterest": 0, "calculatedOtherIncome": 600000, "calculatedIncomeNonControlling": 0, "calculatedEbitda": 85400000}, {"date": "1988-12-31", "symbol": "AME", "reportedCurrency": "USD", "cik": "0001037868", "fillingDate": "1988-12-31", "acceptedDate": "1988-12-30 19:00:00", "calendarYear": "1988", "period": "FY", "revenue": 520500000, "costOfRevenue": 382200000, "grossProfit": 138300000, "grossProfitRatio": 0.2657060519, "researchAndDevelopmentExpenses": 0, "generalAndAdministrativeExpenses": 63600000, "sellingAndMarketingExpenses": 0, "sellingGeneralAndAdministrativeExpenses": 63600000, "otherExpenses": 21100000, "operatingExpenses": 84700000, "costAndExpenses": 466900000, "interestIncome": 0, "interestExpense": 0, "depreciationAndAmortization": 21100000, "ebitda": 59600000, "ebitdaratio": 0.1145052834, "operatingIncome": 53600000, "operatingIncomeRatio": 0.1029779059, "totalOtherIncomeExpensesNet": 15100000, "incomeBeforeTax": 55800000, "incomeBeforeTaxRatio": 0.107204611, "incomeTaxExpense": 20700000, "netIncome": 30500000, "netIncomeRatio": 0.0585975024, "eps": 0.1, "epsdiluted": 0.1, "weightedAverageShsOut": 293960163, "weightedAverageShsOutDil": 293960163, "link": "", "finalLink": "", "calculatedOtherExpenses": 21100000, "calculatedOperatingExpenses": 84700000, "calculatedNetInterest": 0, "calculatedOtherIncome": 2200000, "calculatedIncomeNonControlling": 4600000, "calculatedEbitda": 74700000}, {"date": "1987-12-31", "symbol": "AME", "reportedCurrency": "USD", "cik": "0001037868", "fillingDate": "1987-12-31", "acceptedDate": "1987-12-30 19:00:00", "calendarYear": "1987", "period": "FY", "revenue": 620100000, "costOfRevenue": 458800000, "grossProfit": 161300000, "grossProfitRatio": 0.2601193356, "researchAndDevelopmentExpenses": 0, "generalAndAdministrativeExpenses": 71300000, "sellingAndMarketingExpenses": 0, "sellingGeneralAndAdministrativeExpenses": 71300000, "otherExpenses": 24100000, "operatingExpenses": 95400000, "costAndExpenses": 554200000, "interestIncome": 0, "interestExpense": 0, "depreciationAndAmortization": 24100000, "ebitda": 76700000, "ebitdaratio": 0.1236897275, "operatingIncome": 65900000, "operatingIncomeRatio": 0.1062731817, "totalOtherIncomeExpensesNet": 13300000, "incomeBeforeTax": 65300000, "incomeBeforeTaxRatio": 0.1053055959, "incomeTaxExpense": 24100000, "netIncome": 41200000, "netIncomeRatio": 0.0664408966, "eps": 0.14, "epsdiluted": 0.14, "weightedAverageShsOut": 295703212, "weightedAverageShsOutDil": 295703212, "link": "", "finalLink": "", "calculatedOtherExpenses": 24100000, "calculatedOperatingExpenses": 95400000, "calculatedNetInterest": 0, "calculatedOtherIncome": -600000, "calculatedIncomeNonControlling": 0, "calculatedEbitda": 90000000}, {"date": "1986-12-31", "symbol": "AME", "reportedCurrency": "USD", "cik": "0001037868", "fillingDate": "1986-12-31", "acceptedDate": "1986-12-30 19:00:00", "calendarYear": "1986", "period": "FY", "revenue": 568500000, "costOfRevenue": 430600000, "grossProfit": 137900000, "grossProfitRatio": 0.2425681618, "researchAndDevelopmentExpenses": 0, "generalAndAdministrativeExpenses": 68700000, "sellingAndMarketingExpenses": 0, "sellingGeneralAndAdministrativeExpenses": 68700000, "otherExpenses": 26200000, "operatingExpenses": 94900000, "costAndExpenses": 525500000, "interestIncome": 0, "interestExpense": 0, "depreciationAndAmortization": 26200000, "ebitda": 49900000, "ebitdaratio": 0.0877748461, "operatingIncome": 43000000, "operatingIncomeRatio": 0.0756376429, "totalOtherIncomeExpensesNet": 19300000, "incomeBeforeTax": 54500000, "incomeBeforeTaxRatio": 0.0958663149, "incomeTaxExpense": 17900000, "netIncome": 36600000, "netIncomeRatio": 0.0643799472, "eps": 0.12, "epsdiluted": 0.12, "weightedAverageShsOut": 297501851, "weightedAverageShsOutDil": 297501851, "link": "", "finalLink": "", "calculatedOtherExpenses": 26200000, "calculatedOperatingExpenses": 94900000, "calculatedNetInterest": 0, "calculatedOtherIncome": 11500000, "calculatedIncomeNonControlling": 0, "calculatedEbitda": 69200000}, {"date": "1985-12-31", "symbol": "AME", "reportedCurrency": "USD", "cik": "0001037868", "fillingDate": "1985-12-31", "acceptedDate": "1985-12-30 19:00:00", "calendarYear": "1985", "period": "FY", "revenue": 502800000, "costOfRevenue": 367800000, "grossProfit": 135000000, "grossProfitRatio": 0.26849642, "researchAndDevelopmentExpenses": 0, "generalAndAdministrativeExpenses": 61400000, "sellingAndMarketingExpenses": 0, "sellingGeneralAndAdministrativeExpenses": 61400000, "otherExpenses": 16900000, "operatingExpenses": 78300000, "costAndExpenses": 446100000, "interestIncome": 0, "interestExpense": 0, "depreciationAndAmortization": 16900000, "ebitda": 64200000, "ebitdaratio": 0.1276849642, "operatingIncome": 56700000, "operatingIncomeRatio": 0.1127684964, "totalOtherIncomeExpensesNet": 9400000, "incomeBeforeTax": 61700000, "incomeBeforeTaxRatio": 0.1227128083, "incomeTaxExpense": 26800000, "netIncome": 34900000, "netIncomeRatio": 0.0694112967, "eps": 0.12, "epsdiluted": 0.12, "weightedAverageShsOut": 294321589, "weightedAverageShsOutDil": 294321589, "link": "", "finalLink": "", "calculatedOtherExpenses": 16900000, "calculatedOperatingExpenses": 78300000, "calculatedNetInterest": 0, "calculatedOtherIncome": 5000000, "calculatedIncomeNonControlling": 0, "calculatedEbitda": 73600000}]}