{"originalCurrency": "USD", "convertedCurrency": "USD", "report": [{"date": "2023-12-31", "symbol": "AMED", "reportedCurrency": "USD", "cik": "0000896262", "fillingDate": "2024-02-22", "acceptedDate": "2024-02-22 13:00:14", "calendarYear": "2023", "period": "FY", "revenue": 2236382000, "costOfRevenue": 1779305000, "grossProfit": 457077000, "grossProfitRatio": 0.2043823461, "researchAndDevelopmentExpenses": 3800000, "generalAndAdministrativeExpenses": 780060000, "sellingAndMarketingExpenses": -753978000, "sellingGeneralAndAdministrativeExpenses": 26082000, "otherExpenses": -237929000, "operatingExpenses": 264011000, "costAndExpenses": 2043316000, "interestIncome": 3270000, "interestExpense": 31274000, "depreciationAndAmortization": 23847000, "ebitda": 216913000, "ebitdaratio": 0.0969928214, "operatingIncome": 193066000, "operatingIncomeRatio": 0.0863296163, "totalOtherIncomeExpensesNet": -153443000, "incomeBeforeTax": 39623000, "incomeBeforeTaxRatio": 0.0177174561, "incomeTaxExpense": 50559000, "netIncome": -9747000, "netIncomeRatio": -0.0043583788, "eps": -0.3, "epsdiluted": -0.3, "weightedAverageShsOut": 32598999, "weightedAverageShsOutDil": 32598999, "link": "https://www.sec.gov/Archives/edgar/data/896262/000089626224000014/0000896262-24-000014-index.htm", "finalLink": "https://www.sec.gov/Archives/edgar/data/896262/000089626224000014/amed-20231231.htm", "calculatedOtherExpenses": 234129000, "calculatedOperatingExpenses": 264011000, "calculatedNetInterest": -28004000, "calculatedOtherIncome": -125439000, "calculatedIncomeNonControlling": -1189000, "calculatedEbitda": 216913000}, {"date": "2022-12-31", "symbol": "AMED", "reportedCurrency": "USD", "cik": "0000896262", "fillingDate": "2023-02-16", "acceptedDate": "2023-02-16 08:00:48", "calendarYear": "2022", "period": "FY", "revenue": 2223199000, "costOfRevenue": 1260425000, "grossProfit": 962774000, "grossProfitRatio": 0.4330579494, "researchAndDevelopmentExpenses": 3000000, "generalAndAdministrativeExpenses": 754058000, "sellingAndMarketingExpenses": 0, "sellingGeneralAndAdministrativeExpenses": 754058000, "otherExpenses": 24935000, "operatingExpenses": 778993000, "costAndExpenses": 2039418000, "interestIncome": 178000, "interestExpense": 22228000, "depreciationAndAmortization": 75673000, "ebitda": 256445000, "ebitdaratio": 0.1153495481, "operatingIncome": 180772000, "operatingIncomeRatio": 0.0813116595, "totalOtherIncomeExpensesNet": -20528000, "incomeBeforeTax": 160244000, "incomeBeforeTaxRatio": 0.0720781181, "incomeTaxExpense": 42545000, "netIncome": 118609000, "netIncomeRatio": 0.0533505997, "eps": 3.65, "epsdiluted": 3.63, "weightedAverageShsOut": 32517000, "weightedAverageShsOutDil": 32653000, "link": "https://www.sec.gov/Archives/edgar/data/896262/000089626223000017/0000896262-23-000017-index.htm", "finalLink": "https://www.sec.gov/Archives/edgar/data/896262/000089626223000017/amed-20221231.htm", "calculatedOtherExpenses": 24944000, "calculatedOperatingExpenses": 782002000, "calculatedNetInterest": -22050000, "calculatedOtherIncome": 1522000, "calculatedIncomeNonControlling": -910000, "calculatedEbitda": 256445000}, {"date": "2021-12-31", "symbol": "AMED", "reportedCurrency": "USD", "cik": "0000896262", "fillingDate": "2022-02-24", "acceptedDate": "2022-02-24 08:02:16", "calendarYear": "2021", "period": "FY", "revenue": 2214112000, "costOfRevenue": 1233356000, "grossProfit": 980756000, "grossProfitRatio": 0.4429568152, "researchAndDevelopmentExpenses": 0, "generalAndAdministrativeExpenses": 711240000, "sellingAndMarketingExpenses": 0, "sellingGeneralAndAdministrativeExpenses": 711240000, "otherExpenses": 17601000, "operatingExpenses": 728841000, "costAndExpenses": 1962197000, "interestIncome": 49000, "interestExpense": 9525000, "depreciationAndAmortization": 78008000, "ebitda": 329923000, "ebitdaratio": 0.1490091739, "operatingIncome": 251915000, "operatingIncomeRatio": 0.1137769905, "totalOtherIncomeExpensesNet": 28316000, "incomeBeforeTax": 280231000, "incomeBeforeTaxRatio": 0.1265658648, "incomeTaxExpense": 70065000, "netIncome": 209072000, "netIncomeRatio": 0.0944270209, "eps": 6.41, "epsdiluted": 6.34, "weightedAverageShsOut": 32642000, "weightedAverageShsOutDil": 32972000, "link": "https://www.sec.gov/Archives/edgar/data/896262/000089626222000020/0000896262-22-000020-index.htm", "finalLink": "https://www.sec.gov/Archives/edgar/data/896262/000089626222000020/amed-20211231.htm", "calculatedOtherExpenses": 17601000, "calculatedOperatingExpenses": 728841000, "calculatedNetInterest": -9476000, "calculatedOtherIncome": 37792000, "calculatedIncomeNonControlling": 1094000, "calculatedEbitda": 329923000}, {"date": "2020-12-31", "symbol": "AMED", "reportedCurrency": "USD", "cik": "0000896262", "fillingDate": "2021-02-25", "acceptedDate": "2021-02-25 08:02:16", "calendarYear": "2020", "period": "FY", "revenue": 2071519000, "costOfRevenue": 1185369000, "grossProfit": 886150000, "grossProfitRatio": 0.427777877, "researchAndDevelopmentExpenses": 0, "generalAndAdministrativeExpenses": 668300000, "sellingAndMarketingExpenses": 0, "sellingGeneralAndAdministrativeExpenses": 668300000, "otherExpenses": -5570000, "operatingExpenses": 662730000, "costAndExpenses": 1848099000, "interestIncome": 292000, "interestExpense": 11038000, "depreciationAndAmortization": 74683000, "ebitda": 293951000, "ebitdaratio": 0.1419011846, "operatingIncome": 219268000, "operatingIncomeRatio": 0.1058488964, "totalOtherIncomeExpensesNet": -8449000, "incomeBeforeTax": 210819000, "incomeBeforeTaxRatio": 0.1017702469, "incomeTaxExpense": 25635000, "netIncome": 183608000, "netIncomeRatio": 0.0886344755, "eps": 5.64, "epsdiluted": 5.52, "weightedAverageShsOut": 32558999, "weightedAverageShsOutDil": 33268000, "link": "https://www.sec.gov/Archives/edgar/data/896262/000089626221000045/0000896262-21-000045-index.htm", "finalLink": "https://www.sec.gov/Archives/edgar/data/896262/000089626221000045/amed-20201231.htm", "calculatedOtherExpenses": -1418000, "calculatedOperatingExpenses": 666882000, "calculatedNetInterest": -10746000, "calculatedOtherIncome": 2297000, "calculatedIncomeNonControlling": 1576000, "calculatedEbitda": 293951000}, {"date": "2019-12-31", "symbol": "AMED", "reportedCurrency": "USD", "cik": "0000896262", "fillingDate": "2020-02-19", "acceptedDate": "2020-02-19 09:39:49", "calendarYear": "2019", "period": "FY", "revenue": 1955633000, "costOfRevenue": 1150337000, "grossProfit": 805296000, "grossProfitRatio": 0.4117827834, "researchAndDevelopmentExpenses": 0, "generalAndAdministrativeExpenses": 607926000, "sellingAndMarketingExpenses": 0, "sellingGeneralAndAdministrativeExpenses": 607926000, "otherExpenses": 18428000, "operatingExpenses": 626354000, "costAndExpenses": 1776691000, "interestIncome": 78000, "interestExpense": 14515000, "depreciationAndAmortization": 63256000, "ebitda": 240728000, "ebitdaratio": 0.1230946706, "operatingIncome": 177472000, "operatingIncomeRatio": 0.0907491334, "totalOtherIncomeExpensesNet": -7062000, "incomeBeforeTax": 170410000, "incomeBeforeTaxRatio": 0.0871380264, "incomeTaxExpense": 42503000, "netIncome": 126833000, "netIncomeRatio": 0.0648552157, "eps": 3.95, "epsdiluted": 3.84, "weightedAverageShsOut": 32142000, "weightedAverageShsOutDil": 32990000, "link": "https://www.sec.gov/Archives/edgar/data/896262/000089626220000006/0000896262-20-000006-index.htm", "finalLink": "https://www.sec.gov/Archives/edgar/data/896262/000089626220000006/amed-20193112x10xk.htm", "calculatedOtherExpenses": 19898000, "calculatedOperatingExpenses": 627824000, "calculatedNetInterest": -14437000, "calculatedOtherIncome": 7375000, "calculatedIncomeNonControlling": 1074000, "calculatedEbitda": 240728000}, {"date": "2018-12-31", "symbol": "AMED", "reportedCurrency": "USD", "cik": "0000896262", "fillingDate": "2019-02-28", "acceptedDate": "2019-02-28 08:08:54", "calendarYear": "2018", "period": "FY", "revenue": 1662578000, "costOfRevenue": 992863000, "grossProfit": 669715000, "grossProfitRatio": 0.4028171911, "researchAndDevelopmentExpenses": 0, "generalAndAdministrativeExpenses": 501306000, "sellingAndMarketingExpenses": 0, "sellingGeneralAndAdministrativeExpenses": 501306000, "otherExpenses": 3240000, "operatingExpenses": 514567000, "costAndExpenses": 1507430000, "interestIncome": 278000, "interestExpense": 7370000, "depreciationAndAmortization": 13261000, "ebitda": 179619000, "ebitdaratio": 0.108036435, "operatingIncome": 155148000, "operatingIncomeRatio": 0.093317727, "totalOtherIncomeExpensesNet": 10932000, "incomeBeforeTax": 158988000, "incomeBeforeTaxRatio": 0.0956273931, "incomeTaxExpense": 38859000, "netIncome": 119346000, "netIncomeRatio": 0.0717836998, "eps": 3.64, "epsdiluted": 3.55, "weightedAverageShsOut": 32791000, "weightedAverageShsOutDil": 33609000, "link": "https://www.sec.gov/Archives/edgar/data/896262/000089626219000004/0000896262-19-000004-index.htm", "finalLink": "https://www.sec.gov/Archives/edgar/data/896262/000089626219000004/amed-20183112x10xk.htm", "calculatedOtherExpenses": 13261000, "calculatedOperatingExpenses": 514567000, "calculatedNetInterest": -7092000, "calculatedOtherIncome": 10932000, "calculatedIncomeNonControlling": 783000, "calculatedEbitda": 168409000}, {"date": "2017-12-31", "symbol": "AMED", "reportedCurrency": "USD", "cik": "0000896262", "fillingDate": "2018-02-28", "acceptedDate": "2018-02-28 08:01:04", "calendarYear": "2017", "period": "FY", "revenue": 1533680000, "costOfRevenue": 900726000, "grossProfit": 632954000, "grossProfitRatio": 0.4127027802, "researchAndDevelopmentExpenses": 0, "generalAndAdministrativeExpenses": 482213000, "sellingAndMarketingExpenses": 0, "sellingGeneralAndAdministrativeExpenses": 482213000, "otherExpenses": 3769000, "operatingExpenses": 524395000, "costAndExpenses": 1425121000, "interestIncome": 158000, "interestExpense": 5031000, "depreciationAndAmortization": 17123000, "ebitda": 132990000, "ebitdaratio": 0.086713004, "operatingIncome": 78524000, "operatingIncomeRatio": 0.0511997288, "totalOtherIncomeExpensesNet": -22885000, "incomeBeforeTax": 80801000, "incomeBeforeTaxRatio": 0.0526843931, "incomeTaxExpense": 50118000, "netIncome": 30301000, "netIncomeRatio": 0.0197570549, "eps": 0.9, "epsdiluted": 0.88, "weightedAverageShsOut": 33704000, "weightedAverageShsOutDil": 34304000, "link": "https://www.sec.gov/Archives/edgar/data/896262/000162828018002423/0001628280-18-002423-index.htm", "finalLink": "https://www.sec.gov/Archives/edgar/data/896262/000162828018002423/amed-20173112x10xk.htm", "calculatedOtherExpenses": 72217000, "calculatedOperatingExpenses": 554430000, "calculatedNetInterest": -4873000, "calculatedOtherIncome": 7150000, "calculatedIncomeNonControlling": 382000, "calculatedEbitda": 95647000}, {"date": "2016-12-31", "symbol": "AMED", "reportedCurrency": "USD", "cik": "0000896262", "fillingDate": "2017-03-01", "acceptedDate": "2017-03-01 08:00:33", "calendarYear": "2016", "period": "FY", "revenue": 1437454000, "costOfRevenue": 833055000, "grossProfit": 604399000, "grossProfitRatio": 0.4204649331, "researchAndDevelopmentExpenses": 0, "generalAndAdministrativeExpenses": 503430000, "sellingAndMarketingExpenses": 0, "sellingGeneralAndAdministrativeExpenses": 503430000, "otherExpenses": 3727000, "operatingExpenses": 542627000, "costAndExpenses": 1375682000, "interestIncome": 75000, "interestExpense": 5164000, "depreciationAndAmortization": 19678000, "ebitda": 90840000, "ebitdaratio": 0.0631950657, "operatingIncome": 57340000, "operatingIncomeRatio": 0.0398899721, "totalOtherIncomeExpensesNet": 4883000, "incomeBeforeTax": 61566000, "incomeBeforeTaxRatio": 0.0428298923, "incomeTaxExpense": 23935000, "netIncome": 37261000, "netIncomeRatio": 0.0259215251, "eps": 1.12, "epsdiluted": 1.1, "weightedAverageShsOut": 33198000, "weightedAverageShsOutDil": 33741000, "link": "https://www.sec.gov/Archives/edgar/data/896262/000119312517063925/0001193125-17-063925-index.htm", "finalLink": "https://www.sec.gov/Archives/edgar/data/896262/000119312517063925/d332070d10k.htm", "calculatedOtherExpenses": 43629000, "calculatedOperatingExpenses": 547059000, "calculatedNetInterest": -5089000, "calculatedOtherIncome": 9315000, "calculatedIncomeNonControlling": 370000, "calculatedEbitda": 77018000}, {"date": "2015-12-31", "symbol": "AMED", "reportedCurrency": "USD", "cik": "0000896262", "fillingDate": "2016-03-10", "acceptedDate": "2016-03-09 20:50:35", "calendarYear": "2015", "period": "FY", "revenue": 1280541000, "costOfRevenue": 725915000, "grossProfit": 554626000, "grossProfitRatio": 0.4331185023, "researchAndDevelopmentExpenses": 0, "generalAndAdministrativeExpenses": 452435000, "sellingAndMarketingExpenses": 0, "sellingGeneralAndAdministrativeExpenses": 452435000, "otherExpenses": 9747000, "operatingExpenses": 486524000, "costAndExpenses": 1212439000, "interestIncome": 71000, "interestExpense": 10783000, "depreciationAndAmortization": 20036000, "ebitda": 107779000, "ebitdaratio": 0.0841667701, "operatingIncome": -9166000, "operatingIncomeRatio": -0.0071579122, "totalOtherIncomeExpensesNet": -57698000, "incomeBeforeTax": -308000, "incomeBeforeTaxRatio": -0.0002405233, "incomeTaxExpense": 2004000, "netIncome": -3021000, "netIncomeRatio": -0.0023591591, "eps": -0.0915, "epsdiluted": -0.0915, "weightedAverageShsOut": 33018000, "weightedAverageShsOutDil": 33018000, "link": "https://www.sec.gov/Archives/edgar/data/896262/000119312516498856/0001193125-16-498856-index.htm", "finalLink": "https://www.sec.gov/Archives/edgar/data/896262/000119312516498856/d38348d10k.htm", "calculatedOtherExpenses": 111357000, "calculatedOperatingExpenses": 563792000, "calculatedNetInterest": -10712000, "calculatedOtherIncome": 19570000, "calculatedIncomeNonControlling": 709000, "calculatedEbitda": 10870000}, {"date": "2014-12-31", "symbol": "AMED", "reportedCurrency": "USD", "cik": "0000896262", "fillingDate": "2015-03-04", "acceptedDate": "2015-03-04 14:39:44", "calendarYear": "2014", "period": "FY", "revenue": 1204554000, "costOfRevenue": 691061000, "grossProfit": 513493000, "grossProfitRatio": 0.4262930512, "researchAndDevelopmentExpenses": 0, "generalAndAdministrativeExpenses": 441738000, "sellingAndMarketingExpenses": 0, "sellingGeneralAndAdministrativeExpenses": 441738000, "otherExpenses": 2061000, "operatingExpenses": 486339000, "costAndExpenses": 1177400000, "interestIncome": 94000, "interestExpense": 8217000, "depreciationAndAmortization": 28307000, "ebitda": 60607000, "ebitdaratio": 0.0503148883, "operatingIncome": 24047000, "operatingIncomeRatio": 0.0199634055, "totalOtherIncomeExpensesNet": 1945000, "incomeBeforeTax": 20976000, "incomeBeforeTaxRatio": 0.0174139142, "incomeTaxExpense": 7671000, "netIncome": 12776000, "netIncomeRatio": 0.0106064153, "eps": 0.39, "epsdiluted": 0.39, "weightedAverageShsOut": 32301000, "weightedAverageShsOutDil": 32823000, "link": "https://www.sec.gov/Archives/edgar/data/896262/000119312515076564/0001193125-15-076564-index.htm", "finalLink": "https://www.sec.gov/Archives/edgar/data/896262/000119312515076564/d861886d10k.htm", "calculatedOtherExpenses": 47708000, "calculatedOperatingExpenses": 489446000, "calculatedNetInterest": -8123000, "calculatedOtherIncome": 5052000, "calculatedIncomeNonControlling": 529000, "calculatedEbitda": 52354000}, {"date": "2013-12-31", "symbol": "AMED", "reportedCurrency": "USD", "cik": "0000896262", "fillingDate": "2014-03-12", "acceptedDate": "2014-03-12 12:58:18", "calendarYear": "2013", "period": "FY", "revenue": 1249344000, "costOfRevenue": 717996000, "grossProfit": 531348000, "grossProfitRatio": 0.4253015983, "researchAndDevelopmentExpenses": 0, "generalAndAdministrativeExpenses": 474074000, "sellingAndMarketingExpenses": 0, "sellingGeneralAndAdministrativeExpenses": 474074000, "otherExpenses": 4334000, "operatingExpenses": 526827000, "costAndExpenses": 1244823000, "interestIncome": 54000, "interestExpense": 4412000, "depreciationAndAmortization": 37383000, "ebitda": 47812000, "ebitdaratio": 0.0382696839, "operatingIncome": -154971000, "operatingIncomeRatio": -0.1240418972, "totalOtherIncomeExpensesNet": -153638000, "incomeBeforeTax": -153475000, "incomeBeforeTaxRatio": -0.1228444688, "incomeTaxExpense": -58773000, "netIncome": -96178000, "netIncomeRatio": -0.0769828006, "eps": -3.08, "epsdiluted": -3.08, "weightedAverageShsOut": 31243288, "weightedAverageShsOutDil": 31247000, "link": "https://www.sec.gov/Archives/edgar/data/896262/000119312514095238/0001193125-14-095238-index.htm", "finalLink": "https://www.sec.gov/Archives/edgar/data/896262/000119312514095238/d690541d10k.htm", "calculatedOtherExpenses": 212245000, "calculatedOperatingExpenses": 686319000, "calculatedNetInterest": -4358000, "calculatedOtherIncome": 5854000, "calculatedIncomeNonControlling": 1476000, "calculatedEbitda": -117588000}, {"date": "2012-12-31", "symbol": "AMED", "reportedCurrency": "USD", "cik": "0000896262", "fillingDate": "2013-03-12", "acceptedDate": "2013-03-12 17:00:41", "calendarYear": "2012", "period": "FY", "revenue": 1487905000, "costOfRevenue": 841146000, "grossProfit": 646759000, "grossProfitRatio": 0.4346776172, "researchAndDevelopmentExpenses": 0, "generalAndAdministrativeExpenses": 535259000, "sellingAndMarketingExpenses": 0, "sellingGeneralAndAdministrativeExpenses": 535259000, "otherExpenses": 3917000, "operatingExpenses": 596861000, "costAndExpenses": 1438007000, "interestIncome": 65000, "interestExpense": 12169000, "depreciationAndAmortization": 40059000, "ebitda": 95634000, "ebitdaratio": 0.0642742648, "operatingIncome": -112205000, "operatingIncomeRatio": -0.0754114006, "totalOtherIncomeExpensesNet": -156491000, "incomeBeforeTax": -118697000, "incomeBeforeTaxRatio": -0.0797745824, "incomeTaxExpense": -21397000, "netIncome": -83588000, "netIncomeRatio": -0.0561783178, "eps": -2.8, "epsdiluted": -2.8, "weightedAverageShsOut": 29896000, "weightedAverageShsOutDil": 29896000, "link": "https://www.sec.gov/Archives/edgar/data/896262/000119312513103324/0001193125-13-103324-index.htm", "finalLink": "https://www.sec.gov/Archives/edgar/data/896262/000119312513103324/d455707d10k.htm", "calculatedOtherExpenses": 223705000, "calculatedOperatingExpenses": 758964000, "calculatedNetInterest": -12104000, "calculatedOtherIncome": 5612000, "calculatedIncomeNonControlling": -13712000, "calculatedEbitda": -72146000}, {"date": "2011-12-31", "symbol": "AMED", "reportedCurrency": "USD", "cik": "0000896262", "fillingDate": "2012-02-28", "acceptedDate": "2012-02-28 16:04:07", "calendarYear": "2011", "period": "FY", "revenue": 1470358000, "costOfRevenue": 782348000, "grossProfit": 688010000, "grossProfitRatio": 0.4679200576, "researchAndDevelopmentExpenses": 0, "generalAndAdministrativeExpenses": 341482000, "sellingAndMarketingExpenses": 0, "sellingGeneralAndAdministrativeExpenses": 341482000, "otherExpenses": 817394000, "operatingExpenses": 1158876000, "costAndExpenses": 1941224000, "interestIncome": 231000, "interestExpense": 8822000, "depreciationAndAmortization": 39559000, "ebitda": -429582000, "ebitdaratio": -0.2921615008, "operatingIncome": -470866000, "operatingIncomeRatio": -0.3202390166, "totalOtherIncomeExpensesNet": 654000, "incomeBeforeTax": -478803000, "incomeBeforeTaxRatio": -0.3256370217, "incomeTaxExpense": -103426000, "netIncome": -382464000, "netIncomeRatio": -0.2601162438, "eps": -13.33, "epsdiluted": -13.33, "weightedAverageShsOut": 28693000, "weightedAverageShsOutDil": 28693000, "link": "https://www.sec.gov/Archives/edgar/data/896262/000119312512085131/0001193125-12-085131-index.htm", "finalLink": "https://www.sec.gov/Archives/edgar/data/896262/000119312512085131/d257934d10k.htm", "calculatedOtherExpenses": 817394000, "calculatedOperatingExpenses": 1158876000, "calculatedNetInterest": -8591000, "calculatedOtherIncome": 654000, "calculatedIncomeNonControlling": 7087000, "calculatedEbitda": -431307000}, {"date": "2010-12-31", "symbol": "AMED", "reportedCurrency": "USD", "cik": "0000896262", "fillingDate": "2011-02-22", "acceptedDate": "2011-02-22 16:21:58", "calendarYear": "2010", "period": "FY", "revenue": 1634319000, "costOfRevenue": 820460000, "grossProfit": 813859000, "grossProfitRatio": 0.4979805044, "researchAndDevelopmentExpenses": 0, "generalAndAdministrativeExpenses": 566546000, "sellingAndMarketingExpenses": 0, "sellingGeneralAndAdministrativeExpenses": 566546000, "otherExpenses": 53803000, "operatingExpenses": 620349000, "costAndExpenses": 1440809000, "interestIncome": 435000, "interestExpense": 9201000, "depreciationAndAmortization": 34589000, "ebitda": 231550000, "ebitdaratio": 0.1416798067, "operatingIncome": 193510000, "operatingIncomeRatio": 0.118404057, "totalOtherIncomeExpensesNet": 838000, "incomeBeforeTax": 185582000, "incomeBeforeTaxRatio": 0.1135531068, "incomeTaxExpense": 72309000, "netIncome": 112580000, "netIncomeRatio": 0.0688849606, "eps": 4.02, "epsdiluted": 3.95, "weightedAverageShsOut": 28032000, "weightedAverageShsOutDil": 28484000, "link": "https://www.sec.gov/Archives/edgar/data/896262/000119312511042171/0001193125-11-042171-index.htm", "finalLink": "https://www.sec.gov/Archives/edgar/data/896262/000119312511042171/d10k.htm", "calculatedOtherExpenses": 53803000, "calculatedOperatingExpenses": 620349000, "calculatedNetInterest": -8766000, "calculatedOtherIncome": 838000, "calculatedIncomeNonControlling": 693000, "calculatedEbitda": 228099000}, {"date": "2009-12-31", "symbol": "AMED", "reportedCurrency": "USD", "cik": "0000896262", "fillingDate": "2010-02-23", "acceptedDate": "2010-02-23 16:35:37", "calendarYear": "2009", "period": "FY", "revenue": 1513459000, "costOfRevenue": 724465000, "grossProfit": 788994000, "grossProfitRatio": 0.5213183839, "researchAndDevelopmentExpenses": 0, "generalAndAdministrativeExpenses": 509756000, "sellingAndMarketingExpenses": 0, "sellingGeneralAndAdministrativeExpenses": 509756000, "otherExpenses": 48490000, "operatingExpenses": 558246000, "costAndExpenses": 1282711000, "interestIncome": 213000, "interestExpense": 11670000, "depreciationAndAmortization": 28312000, "ebitda": 261616000, "ebitdaratio": 0.1728596546, "operatingIncome": 230748000, "operatingIncomeRatio": 0.1524639914, "totalOtherIncomeExpensesNet": 3103000, "incomeBeforeTax": 222394000, "incomeBeforeTaxRatio": 0.1469441855, "incomeTaxExpense": 86171000, "netIncome": 135837000, "netIncomeRatio": 0.0897526791, "eps": 4.99, "epsdiluted": 4.89, "weightedAverageShsOut": 27231000, "weightedAverageShsOutDil": 27759000, "link": "https://www.sec.gov/Archives/edgar/data/896262/000119312510037640/0001193125-10-037640-index.htm", "finalLink": "https://www.sec.gov/Archives/edgar/data/896262/000119312510037640/d10k.htm", "calculatedOtherExpenses": 48490000, "calculatedOperatingExpenses": 558246000, "calculatedNetInterest": -11457000, "calculatedOtherIncome": 3103000, "calculatedIncomeNonControlling": 386000, "calculatedEbitda": 259060000}, {"date": "2008-12-31", "symbol": "AMED", "reportedCurrency": "USD", "cik": "0000896262", "fillingDate": "2009-02-17", "acceptedDate": "2009-02-17 16:02:01", "calendarYear": "2008", "period": "FY", "revenue": 1187415000, "costOfRevenue": 562633000, "grossProfit": 624782000, "grossProfitRatio": 0.5261698732, "researchAndDevelopmentExpenses": 0, "generalAndAdministrativeExpenses": 423277000, "sellingAndMarketingExpenses": 0, "sellingGeneralAndAdministrativeExpenses": 423277000, "otherExpenses": 44404000, "operatingExpenses": 467681000, "costAndExpenses": 1030314000, "interestIncome": 1027000, "interestExpense": 16627000, "depreciationAndAmortization": 20406000, "ebitda": 178534000, "ebitdaratio": 0.1503551833, "operatingIncome": 157101000, "operatingIncomeRatio": 0.1323050492, "totalOtherIncomeExpensesNet": -145000, "incomeBeforeTax": 141356000, "incomeBeforeTaxRatio": 0.1190451527, "incomeTaxExpense": 54714000, "netIncome": 86682000, "netIncomeRatio": 0.0730005937, "eps": 3.28, "epsdiluted": 3.22, "weightedAverageShsOut": 26445000, "weightedAverageShsOutDil": 26903000, "link": "https://www.sec.gov/Archives/edgar/data/896262/000119312509031143/0001193125-09-031143-index.htm", "finalLink": "https://www.sec.gov/Archives/edgar/data/896262/000119312509031143/d10k.htm", "calculatedOtherExpenses": 44404000, "calculatedOperatingExpenses": 467681000, "calculatedNetInterest": -15600000, "calculatedOtherIncome": -145000, "calculatedIncomeNonControlling": -40000, "calculatedEbitda": 177507000}, {"date": "2007-12-31", "symbol": "AMED", "reportedCurrency": "USD", "cik": "0000896262", "fillingDate": "2008-02-27", "acceptedDate": "2008-02-27 16:16:44", "calendarYear": "2007", "period": "FY", "revenue": 697934000, "costOfRevenue": 308734000, "grossProfit": 389200000, "grossProfitRatio": 0.5576458519, "researchAndDevelopmentExpenses": 0, "generalAndAdministrativeExpenses": 278889000, "sellingAndMarketingExpenses": 0, "sellingGeneralAndAdministrativeExpenses": 278889000, "otherExpenses": 13749000, "operatingExpenses": 292638000, "costAndExpenses": 601372000, "interestIncome": 3985000, "interestExpense": -835000, "depreciationAndAmortization": 13774000, "ebitda": 106752000, "ebitdaratio": 0.1529542908, "operatingIncome": 96562000, "operatingIncomeRatio": 0.1383540564, "totalOtherIncomeExpensesNet": 3706000, "incomeBeforeTax": 103418000, "incomeBeforeTaxRatio": 0.1481773348, "incomeTaxExpense": 38298000, "netIncome": 65113000, "netIncomeRatio": 0.0932939218, "eps": 2.52, "epsdiluted": 2.48, "weightedAverageShsOut": 25842000, "weightedAverageShsOutDil": 26275000, "link": "https://www.sec.gov/Archives/edgar/data/896262/000119312508040101/0001193125-08-040101-index.htm", "finalLink": "https://www.sec.gov/Archives/edgar/data/896262/000119312508040101/d10k.htm", "calculatedOtherExpenses": 13749000, "calculatedOperatingExpenses": 292638000, "calculatedNetInterest": 4820000, "calculatedOtherIncome": 2036000, "calculatedIncomeNonControlling": 7000, "calculatedEbitda": 110336000}, {"date": "2006-12-31", "symbol": "AMED", "reportedCurrency": "USD", "cik": "0000896262", "fillingDate": "2007-02-20", "acceptedDate": "2007-02-20 16:33:49", "calendarYear": "2006", "period": "FY", "revenue": 541148000, "costOfRevenue": 235458000, "grossProfit": 305690000, "grossProfitRatio": 0.5648916747, "researchAndDevelopmentExpenses": 0, "generalAndAdministrativeExpenses": 229928000, "sellingAndMarketingExpenses": 0, "sellingGeneralAndAdministrativeExpenses": 229928000, "otherExpenses": 10106000, "operatingExpenses": 240034000, "costAndExpenses": 475492000, "interestIncome": 1197000, "interestExpense": -4907000, "depreciationAndAmortization": 10558000, "ebitda": 76263000, "ebitdaratio": 0.1409281749, "operatingIncome": 65656000, "operatingIncomeRatio": 0.1213272524, "totalOtherIncomeExpensesNet": -49000, "incomeBeforeTax": 61897000, "incomeBeforeTaxRatio": 0.1143809087, "incomeTaxExpense": 23642000, "netIncome": 38255000, "netIncomeRatio": 0.070692306, "eps": 1.75, "epsdiluted": 1.72, "weightedAverageShsOut": 21809000, "weightedAverageShsOutDil": 22289000, "link": "https://www.sec.gov/Archives/edgar/data/896262/000119312507035162/0001193125-07-035162-index.htm", "finalLink": "https://www.sec.gov/Archives/edgar/data/896262/000119312507035162/d10k.htm", "calculatedOtherExpenses": 10106000, "calculatedOperatingExpenses": 240034000, "calculatedNetInterest": 6104000, "calculatedOtherIncome": -9863000, "calculatedIncomeNonControlling": 0, "calculatedEbitda": 76214000}, {"date": "2005-12-31", "symbol": "AMED", "reportedCurrency": "USD", "cik": "0000896262", "fillingDate": "2006-03-16", "acceptedDate": "2006-03-16 13:40:51", "calendarYear": "2005", "period": "FY", "revenue": 381558000, "costOfRevenue": 163032000, "grossProfit": 218526000, "grossProfitRatio": 0.572720268, "researchAndDevelopmentExpenses": 0, "generalAndAdministrativeExpenses": 168424000, "sellingAndMarketingExpenses": 0, "sellingGeneralAndAdministrativeExpenses": 168424000, "otherExpenses": 0, "operatingExpenses": 168424000, "costAndExpenses": 331456000, "interestIncome": 0, "interestExpense": 0, "depreciationAndAmortization": 6973000, "ebitda": 56969000, "ebitdaratio": 0.1493062654, "operatingIncome": 50102000, "operatingIncomeRatio": 0.1313090015, "totalOtherIncomeExpensesNet": 106000, "incomeBeforeTax": 48740000, "incomeBeforeTaxRatio": 0.1277394262, "incomeTaxExpense": 18638000, "netIncome": 30102000, "netIncomeRatio": 0.0788923309, "eps": 1.45, "epsdiluted": 1.41, "weightedAverageShsOut": 20808000, "weightedAverageShsOutDil": 21293000, "link": "https://www.sec.gov/Archives/edgar/data/896262/000119312506056356/0001193125-06-056356-index.htm", "finalLink": "https://www.sec.gov/Archives/edgar/data/896262/000119312506056356/d10k.htm", "calculatedOtherExpenses": 0, "calculatedOperatingExpenses": 168424000, "calculatedNetInterest": 0, "calculatedOtherIncome": -1362000, "calculatedIncomeNonControlling": 0, "calculatedEbitda": 57075000}, {"date": "2004-12-31", "symbol": "AMED", "reportedCurrency": "USD", "cik": "0000896262", "fillingDate": "2005-03-17", "acceptedDate": "2005-03-16 21:12:38", "calendarYear": "2004", "period": "FY", "revenue": 227089000, "costOfRevenue": 96078000, "grossProfit": 131011000, "grossProfitRatio": 0.5769147779, "researchAndDevelopmentExpenses": 0, "generalAndAdministrativeExpenses": 97633000, "sellingAndMarketingExpenses": 0, "sellingGeneralAndAdministrativeExpenses": 97633000, "otherExpenses": 0, "operatingExpenses": 97633000, "costAndExpenses": 193711000, "interestIncome": 0, "interestExpense": 0, "depreciationAndAmortization": 4126000, "ebitda": 37563000, "ebitdaratio": 0.1654109182, "operatingIncome": 33378000, "operatingIncomeRatio": 0.1469820203, "totalOtherIncomeExpensesNet": -59000, "incomeBeforeTax": 33359000, "incomeBeforeTaxRatio": 0.1468983526, "incomeTaxExpense": 12855000, "netIncome": 20504000, "netIncomeRatio": 0.0902905909, "eps": 1.18, "epsdiluted": 1.13, "weightedAverageShsOut": 17408898, "weightedAverageShsOutDil": 18056881, "link": "https://www.sec.gov/Archives/edgar/data/896262/000119312505053157/0001193125-05-053157-index.htm", "finalLink": "https://www.sec.gov/Archives/edgar/data/896262/000119312505053157/d10k.htm", "calculatedOtherExpenses": 0, "calculatedOperatingExpenses": 97633000, "calculatedNetInterest": 0, "calculatedOtherIncome": -19000, "calculatedIncomeNonControlling": 0, "calculatedEbitda": 37504000}, {"date": "2003-12-31", "symbol": "AMED", "reportedCurrency": "USD", "cik": "0000896262", "fillingDate": "2004-03-29", "acceptedDate": "2004-03-26 20:37:31", "calendarYear": "2003", "period": "FY", "revenue": 142473000, "costOfRevenue": 58554000, "grossProfit": 83919000, "grossProfitRatio": 0.5890168664, "researchAndDevelopmentExpenses": 0, "generalAndAdministrativeExpenses": 69581000, "sellingAndMarketingExpenses": 0, "sellingGeneralAndAdministrativeExpenses": 69581000, "otherExpenses": 0, "operatingExpenses": 69581000, "costAndExpenses": 128135000, "interestIncome": 0, "interestExpense": 0, "depreciationAndAmortization": 3072000, "ebitda": 16919000, "ebitdaratio": 0.118752325, "operatingIncome": 14338000, "operatingIncomeRatio": 0.1006366118, "totalOtherIncomeExpensesNet": 491000, "incomeBeforeTax": 13627000, "incomeBeforeTaxRatio": 0.0956461926, "incomeTaxExpense": 5220000, "netIncome": 8407000, "netIncomeRatio": 0.0590076716, "eps": 0.65, "epsdiluted": 0.62, "weightedAverageShsOut": 13077006, "weightedAverageShsOutDil": 13431664, "link": "https://www.sec.gov/Archives/edgar/data/896262/000119312504051054/0001193125-04-051054-index.htm", "finalLink": "https://www.sec.gov/Archives/edgar/data/896262/000119312504051054/d10k.htm", "calculatedOtherExpenses": 0, "calculatedOperatingExpenses": 69581000, "calculatedNetInterest": 0, "calculatedOtherIncome": -711000, "calculatedIncomeNonControlling": 0, "calculatedEbitda": 17410000}, {"date": "2002-12-31", "symbol": "AMED", "reportedCurrency": "USD", "cik": "0000896262", "fillingDate": "2003-03-28", "acceptedDate": "2003-03-28 17:07:54", "calendarYear": "2002", "period": "FY", "revenue": 129424000, "costOfRevenue": 58244000, "grossProfit": 71180000, "grossProfitRatio": 0.5499752751, "researchAndDevelopmentExpenses": 0, "generalAndAdministrativeExpenses": 63060000, "sellingAndMarketingExpenses": 0, "sellingGeneralAndAdministrativeExpenses": 63060000, "otherExpenses": 0, "operatingExpenses": 63060000, "costAndExpenses": 121304000, "interestIncome": 0, "interestExpense": 0, "depreciationAndAmortization": 2947000, "ebitda": 19943000, "ebitdaratio": 0.1540904315, "operatingIncome": 6480000, "operatingIncomeRatio": 0.0500679936, "totalOtherIncomeExpensesNet": -8876000, "incomeBeforeTax": -2533000, "incomeBeforeTaxRatio": -0.0195713314, "incomeTaxExpense": -3285000, "netIncome": 752000, "netIncomeRatio": 0.0058103597, "eps": 0.0675, "epsdiluted": 0.06, "weightedAverageShsOut": 11331716, "weightedAverageShsOutDil": 12009033, "link": "https://www.sec.gov/Archives/edgar/data/896262/000089924303000712/0000899243-03-000712-index.htm", "finalLink": "https://www.sec.gov/Archives/edgar/data/896262/000089924303000712/d10k.htm", "calculatedOtherExpenses": 1640000, "calculatedOperatingExpenses": 64700000, "calculatedNetInterest": 0, "calculatedOtherIncome": -9013000, "calculatedIncomeNonControlling": 0, "calculatedEbitda": 9427000}, {"date": "2001-12-31", "symbol": "AMED", "reportedCurrency": "USD", "cik": "0000896262", "fillingDate": "2002-03-21", "acceptedDate": "2002-03-21 00:00:00", "calendarYear": "2001", "period": "FY", "revenue": 110174000, "costOfRevenue": 49046000, "grossProfit": 61128000, "grossProfitRatio": 0.5548314484, "researchAndDevelopmentExpenses": 0, "generalAndAdministrativeExpenses": 53665000, "sellingAndMarketingExpenses": 0, "sellingGeneralAndAdministrativeExpenses": 53665000, "otherExpenses": 0, "operatingExpenses": 53665000, "costAndExpenses": 102711000, "interestIncome": 0, "interestExpense": 0, "depreciationAndAmortization": 3439000, "ebitda": 10612000, "ebitdaratio": 0.096320366, "operatingIncome": 7463000, "operatingIncomeRatio": 0.0677383049, "totalOtherIncomeExpensesNet": 290000, "incomeBeforeTax": 5296000, "incomeBeforeTaxRatio": 0.0480694175, "incomeTaxExpense": 220000, "netIncome": 5386000, "netIncomeRatio": 0.0488863071, "eps": 0.68, "epsdiluted": 0.51, "weightedAverageShsOut": 7921135, "weightedAverageShsOutDil": 10639734, "link": "https://www.sec.gov/Archives/edgar/data/896262/000095013402002418/0000950134-02-002418-index.htm", "finalLink": "https://www.sec.gov/Archives/edgar/data/896262/000095013402002418/d95025e10-k.txt", "calculatedOtherExpenses": 0, "calculatedOperatingExpenses": 53665000, "calculatedNetInterest": 0, "calculatedOtherIncome": -2167000, "calculatedIncomeNonControlling": -310000, "calculatedEbitda": 10902000}, {"date": "2000-12-31", "symbol": "AMED", "reportedCurrency": "USD", "cik": "0000896262", "fillingDate": "2001-03-19", "acceptedDate": "2001-03-19 00:00:00", "calendarYear": "2000", "period": "FY", "revenue": 90755000, "costOfRevenue": 41468000, "grossProfit": 49287000, "grossProfitRatio": 0.5430775164, "researchAndDevelopmentExpenses": 0, "generalAndAdministrativeExpenses": 49251000, "sellingAndMarketingExpenses": 0, "sellingGeneralAndAdministrativeExpenses": 49251000, "otherExpenses": 0, "operatingExpenses": 49251000, "costAndExpenses": 90719000, "interestIncome": 0, "interestExpense": 0, "depreciationAndAmortization": 2872000, "ebitda": 2767000, "ebitdaratio": 0.0304886783, "operatingIncome": 36000, "operatingIncomeRatio": 0.0003966724, "totalOtherIncomeExpensesNet": 141000, "incomeBeforeTax": -1733000, "incomeBeforeTaxRatio": -0.0190953666, "incomeTaxExpense": -659000, "netIncome": 6370000, "netIncomeRatio": 0.0701889703, "eps": 0.65, "epsdiluted": 0.65, "weightedAverageShsOut": 5781188, "weightedAverageShsOutDil": 5781188, "link": "https://www.sec.gov/Archives/edgar/data/896262/000095013401002251/0000950134-01-002251-index.htm", "finalLink": "https://www.sec.gov/Archives/edgar/data/896262/000095013401002251/d84823e10-k.txt", "calculatedOtherExpenses": 0, "calculatedOperatingExpenses": 49251000, "calculatedNetInterest": 0, "calculatedOtherIncome": -1769000, "calculatedIncomeNonControlling": -7444000, "calculatedEbitda": 2908000}, {"date": "1999-12-31", "symbol": "AMED", "reportedCurrency": "USD", "cik": "0000896262", "fillingDate": "2000-03-30", "acceptedDate": "2000-03-30 00:00:00", "calendarYear": "1999", "period": "FY", "revenue": 97411000, "costOfRevenue": 46890000, "grossProfit": 50521000, "grossProfitRatio": 0.5186375255, "researchAndDevelopmentExpenses": 0, "generalAndAdministrativeExpenses": 30089000, "sellingAndMarketingExpenses": 0, "sellingGeneralAndAdministrativeExpenses": 30089000, "otherExpenses": 23057000, "operatingExpenses": 53146000, "costAndExpenses": 100036000, "interestIncome": 0, "interestExpense": 0, "depreciationAndAmortization": 3068000, "ebitda": 25232000, "ebitdaratio": 0.259026188, "operatingIncome": -2625000, "operatingIncomeRatio": -0.0269476753, "totalOtherIncomeExpensesNet": -24789000, "incomeBeforeTax": -7916000, "incomeBeforeTaxRatio": -0.081263923, "incomeTaxExpense": -3263000, "netIncome": 1300000, "netIncomeRatio": 0.0133455154, "eps": 0.32, "epsdiluted": 0.32, "weightedAverageShsOut": 4123896, "weightedAverageShsOutDil": 4123896, "link": "https://www.sec.gov/Archives/edgar/data/896262/000095013400002861/0000950134-00-002861-index.html", "finalLink": "https://www.sec.gov/Archives/edgar/data/896262/000095013400002861/", "calculatedOtherExpenses": 23057000, "calculatedOperatingExpenses": 53146000, "calculatedNetInterest": 0, "calculatedOtherIncome": -5291000, "calculatedIncomeNonControlling": -5953000, "calculatedEbitda": 443000}, {"date": "1998-12-31", "symbol": "AMED", "reportedCurrency": "USD", "cik": "0000896262", "fillingDate": "1999-03-31", "acceptedDate": "1999-03-31 00:00:00", "calendarYear": "1998", "period": "FY", "revenue": 38086000, "costOfRevenue": 22923000, "grossProfit": 15163000, "grossProfitRatio": 0.3981252954, "researchAndDevelopmentExpenses": 0, "generalAndAdministrativeExpenses": 44441000, "sellingAndMarketingExpenses": 0, "sellingGeneralAndAdministrativeExpenses": 44441000, "otherExpenses": 0, "operatingExpenses": 44441000, "costAndExpenses": 67364000, "interestIncome": 0, "interestExpense": 0, "depreciationAndAmortization": 1707000, "ebitda": -27390000, "ebitdaratio": -0.7191618968, "operatingIncome": -29278000, "operatingIncomeRatio": -0.768733918, "totalOtherIncomeExpensesNet": -181000, "incomeBeforeTax": -30568000, "incomeBeforeTaxRatio": -0.8026046316, "incomeTaxExpense": -1374000, "netIncome": -24871000, "netIncomeRatio": -0.6530221079, "eps": -6.09, "epsdiluted": -6.08, "weightedAverageShsOut": 4081231, "weightedAverageShsOutDil": 4091354, "link": "https://www.sec.gov/Archives/edgar/data/896262/000089924399000660/0000899243-99-000660-index.html", "finalLink": "https://www.sec.gov/Archives/edgar/data/896262/", "calculatedOtherExpenses": 0, "calculatedOperatingExpenses": 44441000, "calculatedNetInterest": 0, "calculatedOtherIncome": -1290000, "calculatedIncomeNonControlling": -4323000, "calculatedEbitda": -27571000}, {"date": "1997-12-31", "symbol": "AMED", "reportedCurrency": "USD", "cik": "0000896262", "fillingDate": "1998-04-16", "acceptedDate": "1998-04-16 00:00:00", "calendarYear": "1997", "period": "FY", "revenue": 54496000, "costOfRevenue": 30641000, "grossProfit": 23855000, "grossProfitRatio": 0.4377385496, "researchAndDevelopmentExpenses": 0, "generalAndAdministrativeExpenses": 24443000, "sellingAndMarketingExpenses": 0, "sellingGeneralAndAdministrativeExpenses": 24443000, "otherExpenses": 0, "operatingExpenses": 24443000, "costAndExpenses": 55084000, "interestIncome": 0, "interestExpense": 0, "depreciationAndAmortization": 1240000, "ebitda": 652000, "ebitdaratio": 0.0119641809, "operatingIncome": -588000, "operatingIncomeRatio": -0.0107897827, "totalOtherIncomeExpensesNet": -962000, "incomeBeforeTax": -1550000, "incomeBeforeTaxRatio": -0.0284424545, "incomeTaxExpense": -382000, "netIncome": -1194000, "netIncomeRatio": -0.0219098649, "eps": -0.33, "epsdiluted": -0.24, "weightedAverageShsOut": 3646575, "weightedAverageShsOutDil": 5000000, "link": "https://www.sec.gov/Archives/edgar/data/896262/000089924398000650/0000899243-98-000650-index.html", "finalLink": "https://www.sec.gov/Archives/edgar/data/896262/", "calculatedOtherExpenses": 0, "calculatedOperatingExpenses": 24443000, "calculatedNetInterest": 0, "calculatedOtherIncome": -962000, "calculatedIncomeNonControlling": 26000, "calculatedEbitda": 652000}, {"date": "1996-12-31", "symbol": "AMED", "reportedCurrency": "USD", "cik": "0000896262", "fillingDate": "1997-04-14", "acceptedDate": "1997-04-14 00:00:00", "calendarYear": "1996", "period": "FY", "revenue": 46060226, "costOfRevenue": 26404786, "grossProfit": 19655440, "grossProfitRatio": 0.4267334685, "researchAndDevelopmentExpenses": 0, "generalAndAdministrativeExpenses": 18511698, "sellingAndMarketingExpenses": 0, "sellingGeneralAndAdministrativeExpenses": 18511698, "otherExpenses": 0, "operatingExpenses": 18511698, "costAndExpenses": 44916484, "interestIncome": 0, "interestExpense": 0, "depreciationAndAmortization": 944676, "ebitda": 2088418, "ebitdaratio": 0.0453410281, "operatingIncome": 1143742, "operatingIncomeRatio": 0.0248314457, "totalOtherIncomeExpensesNet": -1178029, "incomeBeforeTax": -34287, "incomeBeforeTaxRatio": -0.000744395, "incomeTaxExpense": 2467, "netIncome": 18321, "netIncomeRatio": 0.0003977618, "eps": 0.0075, "epsdiluted": 0.0075, "weightedAverageShsOut": 3433247, "weightedAverageShsOutDil": 3433247, "link": "https://www.sec.gov/Archives/edgar/data/896262/000089056697000838/0000890566-97-000838-index.html", "finalLink": "https://www.sec.gov/Archives/edgar/data/896262/", "calculatedOtherExpenses": 0, "calculatedOperatingExpenses": 18511698, "calculatedNetInterest": 0, "calculatedOtherIncome": -1178029, "calculatedIncomeNonControlling": -55075, "calculatedEbitda": 2088418}, {"date": "1995-12-31", "symbol": "AMED", "reportedCurrency": "USD", "cik": "0000896262", "fillingDate": "1995-12-31", "acceptedDate": "1995-12-30 19:00:00", "calendarYear": "1995", "period": "FY", "revenue": 37600000, "costOfRevenue": 21800000, "grossProfit": 15800000, "grossProfitRatio": 0.420212766, "researchAndDevelopmentExpenses": 0, "generalAndAdministrativeExpenses": 13800000, "sellingAndMarketingExpenses": 0, "sellingGeneralAndAdministrativeExpenses": 13800000, "otherExpenses": 600000, "operatingExpenses": 14400000, "costAndExpenses": 36200000, "interestIncome": 0, "interestExpense": 0, "depreciationAndAmortization": -600000, "ebitda": 1800000, "ebitdaratio": 0.0478723404, "operatingIncome": 1400000, "operatingIncomeRatio": 0.0372340426, "totalOtherIncomeExpensesNet": 200000, "incomeBeforeTax": 1100000, "incomeBeforeTaxRatio": 0.0292553191, "incomeTaxExpense": 200000, "netIncome": 900000, "netIncomeRatio": 0.0239361702, "eps": 0.37, "epsdiluted": 0.37, "weightedAverageShsOut": 2432432, "weightedAverageShsOutDil": 2432432, "link": "", "finalLink": "", "calculatedOtherExpenses": 600000, "calculatedOperatingExpenses": 14400000, "calculatedNetInterest": 0, "calculatedOtherIncome": -300000, "calculatedIncomeNonControlling": 0, "calculatedEbitda": 800000}, {"date": "1994-12-31", "symbol": "AMED", "reportedCurrency": "USD", "cik": "0000896262", "fillingDate": "1994-12-31", "acceptedDate": "1994-12-30 19:00:00", "calendarYear": "1994", "period": "FY", "revenue": 24500000, "costOfRevenue": 15500000, "grossProfit": 9000000, "grossProfitRatio": 0.3673469388, "researchAndDevelopmentExpenses": 0, "generalAndAdministrativeExpenses": 8500000, "sellingAndMarketingExpenses": 0, "sellingGeneralAndAdministrativeExpenses": 8500000, "otherExpenses": 300000, "operatingExpenses": 8800000, "costAndExpenses": 24300000, "interestIncome": 0, "interestExpense": 0, "depreciationAndAmortization": -300000, "ebitda": 500000, "ebitdaratio": 0.0204081633, "operatingIncome": 200000, "operatingIncomeRatio": 0.0081632653, "totalOtherIncomeExpensesNet": 0, "incomeBeforeTax": 0, "incomeBeforeTaxRatio": 0, "incomeTaxExpense": 0, "netIncome": 0, "netIncomeRatio": 0, "eps": 0, "epsdiluted": 0, "weightedAverageShsOut": 1547000, "weightedAverageShsOutDil": 1547000, "link": "", "finalLink": "", "calculatedOtherExpenses": 300000, "calculatedOperatingExpenses": 8800000, "calculatedNetInterest": 0, "calculatedOtherIncome": -200000, "calculatedIncomeNonControlling": 0, "calculatedEbitda": -100000}, {"date": "1993-12-31", "symbol": "AMED", "reportedCurrency": "USD", "cik": "0000896262", "fillingDate": "1993-12-31", "acceptedDate": "1993-12-30 19:00:00", "calendarYear": "1993", "period": "FY", "revenue": 14000000, "costOfRevenue": 9200000, "grossProfit": 4800000, "grossProfitRatio": 0.3428571429, "researchAndDevelopmentExpenses": 0, "generalAndAdministrativeExpenses": 4700000, "sellingAndMarketingExpenses": 0, "sellingGeneralAndAdministrativeExpenses": 4700000, "otherExpenses": 100000, "operatingExpenses": 4800000, "costAndExpenses": 14000000, "interestIncome": 0, "interestExpense": 0, "depreciationAndAmortization": -100000, "ebitda": -200000, "ebitdaratio": -0.0142857143, "operatingIncome": -100000, "operatingIncomeRatio": -0.0071428571, "totalOtherIncomeExpensesNet": 100000, "incomeBeforeTax": 0, "incomeBeforeTaxRatio": 0, "incomeTaxExpense": 100000, "netIncome": -100000, "netIncomeRatio": -0.0071428571, "eps": -0.03, "epsdiluted": -0.03, "weightedAverageShsOut": 3333333, "weightedAverageShsOutDil": 3333333, "link": "", "finalLink": "", "calculatedOtherExpenses": 200000, "calculatedOperatingExpenses": 4900000, "calculatedNetInterest": 0, "calculatedOtherIncome": 100000, "calculatedIncomeNonControlling": 0, "calculatedEbitda": -200000}]}