{"originalCurrency": "USD", "convertedCurrency": "USD", "report": [{"date": "2023-12-31", "symbol": "AMH", "reportedCurrency": "USD", "cik": "0001562401", "fillingDate": "2024-02-23", "acceptedDate": "2024-02-23 14:57:34", "calendarYear": "2023", "period": "FY", "revenue": 1643172000, "costOfRevenue": 1175342000, "grossProfit": 467830000, "grossProfitRatio": 0.2847115214, "researchAndDevelopmentExpenses": 0, "generalAndAdministrativeExpenses": 74615000, "sellingAndMarketingExpenses": 0, "sellingGeneralAndAdministrativeExpenses": 74615000, "otherExpenses": -115122000, "operatingExpenses": 115122000, "costAndExpenses": 1290464000, "interestIncome": 0, "interestExpense": 195430000, "depreciationAndAmortization": 456550000, "ebitda": 809258000, "ebitdaratio": 0.4924974379, "operatingIncome": 352708000, "operatingIncomeRatio": 0.2146506878, "totalOtherIncomeExpensesNet": 79434000, "incomeBeforeTax": 432142000, "incomeBeforeTaxRatio": 0.2629925534, "incomeTaxExpense": 53057000, "netIncome": 380168000, "netIncomeRatio": 0.2313622676, "eps": 1.01, "epsdiluted": 1.01, "weightedAverageShsOut": 362024968, "weightedAverageShsOutDil": 362477216, "link": "https://www.sec.gov/Archives/edgar/data/1562401/000156240124000021/0001562401-24-000021-index.htm", "finalLink": "https://www.sec.gov/Archives/edgar/data/1562401/000156240124000021/amh-20231231.htm", "calculatedOtherExpenses": 40507000, "calculatedOperatingExpenses": 115122000, "calculatedNetInterest": -195430000, "calculatedOtherIncome": 274864000, "calculatedIncomeNonControlling": -1083000, "calculatedEbitda": 809258000}, {"date": "2022-12-31", "symbol": "AMH", "reportedCurrency": "USD", "cik": "0001562401", "fillingDate": "2023-02-24", "acceptedDate": "2023-02-24 14:15:52", "calendarYear": "2022", "period": "FY", "revenue": 1490534000, "costOfRevenue": 664789000, "grossProfit": 825745000, "grossProfitRatio": 0.5539927301, "researchAndDevelopmentExpenses": 0, "generalAndAdministrativeExpenses": 68057000, "sellingAndMarketingExpenses": 0, "sellingGeneralAndAdministrativeExpenses": 68057000, "otherExpenses": 426531000, "operatingExpenses": 494588000, "costAndExpenses": 1159377000, "interestIncome": 134871000, "interestExpense": 134871000, "depreciationAndAmortization": 426531000, "ebitda": 764553000, "ebitdaratio": 0.512938987, "operatingIncome": 338022000, "operatingIncomeRatio": 0.2267791275, "totalOtherIncomeExpensesNet": -27997000, "incomeBeforeTax": 310025000, "incomeBeforeTaxRatio": 0.2079959263, "incomeTaxExpense": 134871000, "netIncome": 175154000, "netIncomeRatio": 0.1175109055, "eps": 0.5, "epsdiluted": 0.5, "weightedAverageShsOut": 349290848, "weightedAverageShsOutDil": 349787092, "link": "https://www.sec.gov/Archives/edgar/data/1562401/000156240123000032/0001562401-23-000032-index.htm", "finalLink": "https://www.sec.gov/Archives/edgar/data/1562401/000156240123000032/amh-20221231.htm", "calculatedOtherExpenses": 419666000, "calculatedOperatingExpenses": 487723000, "calculatedNetInterest": 0, "calculatedOtherIncome": -27997000, "calculatedIncomeNonControlling": 0, "calculatedEbitda": 764553000}, {"date": "2021-12-31", "symbol": "AMH", "reportedCurrency": "USD", "cik": "0001562401", "fillingDate": "2022-02-25", "acceptedDate": "2022-02-25 15:01:40", "calendarYear": "2021", "period": "FY", "revenue": 1303882000, "costOfRevenue": 587070000, "grossProfit": 716812000, "grossProfitRatio": 0.5497522015, "researchAndDevelopmentExpenses": 0, "generalAndAdministrativeExpenses": 56444000, "sellingAndMarketingExpenses": 0, "sellingGeneralAndAdministrativeExpenses": 56444000, "otherExpenses": 372848000, "operatingExpenses": 429292000, "costAndExpenses": 1016362000, "interestIncome": 114893000, "interestExpense": 114893000, "depreciationAndAmortization": 372848000, "ebitda": 664353000, "ebitdaratio": 0.5095192663, "operatingIncome": 291505000, "operatingIncomeRatio": 0.2235670099, "totalOtherIncomeExpensesNet": -80946000, "incomeBeforeTax": 210559000, "incomeBeforeTaxRatio": 0.1614862388, "incomeTaxExpense": 140345000, "netIncome": 70214000, "netIncomeRatio": 0.053849965, "eps": 0.22, "epsdiluted": 0.22, "weightedAverageShsOut": 324245168, "weightedAverageShsOutDil": 325518291, "link": "https://www.sec.gov/Archives/edgar/data/1562401/000156240122000039/0001562401-22-000039-index.htm", "finalLink": "https://www.sec.gov/Archives/edgar/data/1562401/000156240122000039/amh-20211231.htm", "calculatedOtherExpenses": 368863000, "calculatedOperatingExpenses": 425307000, "calculatedNetInterest": 0, "calculatedOtherIncome": -80946000, "calculatedIncomeNonControlling": 0, "calculatedEbitda": 664353000}, {"date": "2020-12-31", "symbol": "AMH", "reportedCurrency": "USD", "cik": "0001562401", "fillingDate": "2021-02-26", "acceptedDate": "2021-02-26 13:20:19", "calendarYear": "2020", "period": "FY", "revenue": 1182836000, "costOfRevenue": 540159000, "grossProfit": 642677000, "grossProfitRatio": 0.543335678, "researchAndDevelopmentExpenses": 0, "generalAndAdministrativeExpenses": 48517000, "sellingAndMarketingExpenses": 0, "sellingGeneralAndAdministrativeExpenses": 48517000, "otherExpenses": 343153000, "operatingExpenses": 391670000, "costAndExpenses": 931829000, "interestIncome": 117038000, "interestExpense": 117038000, "depreciationAndAmortization": 343153000, "ebitda": 580124000, "ebitdaratio": 0.4904517617, "operatingIncome": 236971000, "operatingIncomeRatio": 0.2003413829, "totalOtherIncomeExpensesNet": -82142000, "incomeBeforeTax": 154829000, "incomeBeforeTaxRatio": 0.1308964218, "incomeTaxExpense": 117457000, "netIncome": 37372000, "netIncomeRatio": 0.0315952507, "eps": 0.12, "epsdiluted": 0.12, "weightedAverageShsOut": 306613197, "weightedAverageShsOutDil": 307074747, "link": "https://www.sec.gov/Archives/edgar/data/1562401/000156240121000041/0001562401-21-000041-index.htm", "finalLink": "https://www.sec.gov/Archives/edgar/data/1562401/000156240121000041/amh-20201231.htm", "calculatedOtherExpenses": 357189000, "calculatedOperatingExpenses": 405706000, "calculatedNetInterest": 0, "calculatedOtherIncome": -82142000, "calculatedIncomeNonControlling": 0, "calculatedEbitda": 580124000}, {"date": "2019-12-31", "symbol": "AMH", "reportedCurrency": "USD", "cik": "0001562401", "fillingDate": "2020-02-28", "acceptedDate": "2020-02-28 16:32:49", "calendarYear": "2019", "period": "FY", "revenue": 1143378000, "costOfRevenue": 520762000, "grossProfit": 622616000, "grossProfitRatio": 0.5445408255, "researchAndDevelopmentExpenses": 0, "generalAndAdministrativeExpenses": 43206000, "sellingAndMarketingExpenses": 0, "sellingGeneralAndAdministrativeExpenses": 43206000, "otherExpenses": 329293000, "operatingExpenses": 372499000, "costAndExpenses": 893261000, "interestIncome": 127114000, "interestExpense": 127114000, "depreciationAndAmortization": 329293000, "ebitda": 572677000, "ebitdaratio": 0.5008641062, "operatingIncome": 243384000, "operatingIncomeRatio": 0.2128639872, "totalOtherIncomeExpensesNet": -87124000, "incomeBeforeTax": 156260000, "incomeBeforeTaxRatio": 0.1366652148, "incomeTaxExpense": 135602000, "netIncome": 20658000, "netIncomeRatio": 0.0180675157, "eps": 0.069, "epsdiluted": 0.0689, "weightedAverageShsOut": 299415397, "weightedAverageShsOutDil": 299918966, "link": "https://www.sec.gov/Archives/edgar/data/1562401/000156240120000037/0001562401-20-000037-index.htm", "finalLink": "https://www.sec.gov/Archives/edgar/data/1562401/000156240120000037/amh12311910k.htm", "calculatedOtherExpenses": 336026000, "calculatedOperatingExpenses": 379232000, "calculatedNetInterest": 0, "calculatedOtherIncome": -87124000, "calculatedIncomeNonControlling": 0, "calculatedEbitda": 572677000}, {"date": "2018-12-31", "symbol": "AMH", "reportedCurrency": "USD", "cik": "0001562401", "fillingDate": "2019-02-22", "acceptedDate": "2019-02-22 15:00:18", "calendarYear": "2018", "period": "FY", "revenue": 1072855000, "costOfRevenue": 487478000, "grossProfit": 585377000, "grossProfitRatio": 0.5456254573, "researchAndDevelopmentExpenses": 0, "generalAndAdministrativeExpenses": 36575000, "sellingAndMarketingExpenses": 0, "sellingGeneralAndAdministrativeExpenses": 36575000, "otherExpenses": -7265000, "operatingExpenses": 355260000, "costAndExpenses": 842738000, "interestIncome": 0, "interestExpense": 122900000, "depreciationAndAmortization": 318685000, "ebitda": 541537000, "ebitdaratio": 0.5047625262, "operatingIncome": 230117000, "operatingIncomeRatio": 0.2144903086, "totalOtherIncomeExpensesNet": 5221000, "incomeBeforeTax": 112438000, "incomeBeforeTaxRatio": 0.1048026061, "incomeTaxExpense": 4165000, "netIncome": 108273000, "netIncomeRatio": 0.1009204413, "eps": 0.37, "epsdiluted": 0.37, "weightedAverageShsOut": 293640500, "weightedAverageShsOutDil": 294268330, "link": "https://www.sec.gov/Archives/edgar/data/1562401/000156240119000020/0001562401-19-000020-index.htm", "finalLink": "https://www.sec.gov/Archives/edgar/data/1562401/000156240119000020/amh12311810k.htm", "calculatedOtherExpenses": 318685000, "calculatedOperatingExpenses": 355260000, "calculatedNetInterest": -122900000, "calculatedOtherIncome": 5221000, "calculatedIncomeNonControlling": 0, "calculatedEbitda": 548802000}, {"date": "2017-12-31", "symbol": "AMH", "reportedCurrency": "USD", "cik": "0001562401", "fillingDate": "2018-02-23", "acceptedDate": "2018-02-23 14:41:19", "calendarYear": "2017", "period": "FY", "revenue": 960399000, "costOfRevenue": 424786000, "grossProfit": 535613000, "grossProfitRatio": 0.5576984149, "researchAndDevelopmentExpenses": 0, "generalAndAdministrativeExpenses": 34732000, "sellingAndMarketingExpenses": 0, "sellingGeneralAndAdministrativeExpenses": 34732000, "otherExpenses": -5005000, "operatingExpenses": 332022000, "costAndExpenses": 756808000, "interestIncome": 0, "interestExpense": 112620000, "depreciationAndAmortization": 297290000, "ebitda": 495876000, "ebitdaratio": 0.5163229033, "operatingIncome": 203591000, "operatingIncomeRatio": 0.2119858517, "totalOtherIncomeExpensesNet": -14479000, "incomeBeforeTax": 76492000, "incomeBeforeTaxRatio": 0.0796460638, "incomeTaxExpense": -4507000, "netIncome": 80999000, "netIncomeRatio": 0.084338905, "eps": -0.08, "epsdiluted": -0.08, "weightedAverageShsOut": 264254718, "weightedAverageShsOutDil": 264254718, "link": "https://www.sec.gov/Archives/edgar/data/1562401/000156240118000029/0001562401-18-000029-index.htm", "finalLink": "https://www.sec.gov/Archives/edgar/data/1562401/000156240118000029/amh12311710k.htm", "calculatedOtherExpenses": 297290000, "calculatedOperatingExpenses": 332022000, "calculatedNetInterest": -112620000, "calculatedOtherIncome": -14479000, "calculatedIncomeNonControlling": 0, "calculatedEbitda": 500881000}, {"date": "2016-12-31", "symbol": "AMH", "reportedCurrency": "USD", "cik": "0001562401", "fillingDate": "2017-02-24", "acceptedDate": "2017-02-24 16:08:39", "calendarYear": "2016", "period": "FY", "revenue": 878889000, "costOfRevenue": 386474000, "grossProfit": 492415000, "grossProfitRatio": 0.5602698407, "researchAndDevelopmentExpenses": 0, "generalAndAdministrativeExpenses": 34628000, "sellingAndMarketingExpenses": 0, "sellingGeneralAndAdministrativeExpenses": 34628000, "otherExpenses": -11978000, "operatingExpenses": 333305000, "costAndExpenses": 719779000, "interestIncome": 0, "interestExpense": 130847000, "depreciationAndAmortization": 298677000, "ebitda": 445809000, "ebitdaratio": 0.5072415288, "operatingIncome": 16820000, "operatingIncomeRatio": 0.0191377978, "totalOtherIncomeExpensesNet": -17817000, "incomeBeforeTax": 10446000, "incomeBeforeTaxRatio": 0.0118854599, "incomeTaxExpense": 3751000, "netIncome": 6695000, "netIncomeRatio": 0.0076175717, "eps": -0.14, "epsdiluted": -0.14, "weightedAverageShsOut": 234010168, "weightedAverageShsOutDil": 234010168, "link": "https://www.sec.gov/Archives/edgar/data/1562401/000156240117000005/0001562401-17-000005-index.htm", "finalLink": "https://www.sec.gov/Archives/edgar/data/1562401/000156240117000005/a123116-10k.htm", "calculatedOtherExpenses": 440967000, "calculatedOperatingExpenses": 475595000, "calculatedNetInterest": -130847000, "calculatedOtherIncome": 124473000, "calculatedIncomeNonControlling": 0, "calculatedEbitda": 315497000}, {"date": "2015-12-31", "symbol": "AMH", "reportedCurrency": "USD", "cik": "0001562401", "fillingDate": "2016-02-26", "acceptedDate": "2016-02-26 14:21:10", "calendarYear": "2015", "period": "FY", "revenue": 630576000, "costOfRevenue": 295925000, "grossProfit": 334651000, "grossProfitRatio": 0.5307068458, "researchAndDevelopmentExpenses": 0, "generalAndAdministrativeExpenses": 28031000, "sellingAndMarketingExpenses": 0, "sellingGeneralAndAdministrativeExpenses": 28031000, "otherExpenses": 242848000, "operatingExpenses": 270879000, "costAndExpenses": 566804000, "interestIncome": 0, "interestExpense": 89413000, "depreciationAndAmortization": 242848000, "ebitda": 306620000, "ebitdaratio": 0.4862538378, "operatingIncome": -45218000, "operatingIncomeRatio": -0.0717090406, "totalOtherIncomeExpensesNet": -22307000, "incomeBeforeTax": -47948000, "incomeBeforeTaxRatio": -0.0760384157, "incomeTaxExpense": 14353000, "netIncome": -62301000, "netIncomeRatio": -0.0988001446, "eps": -0.3, "epsdiluted": -0.3, "weightedAverageShsOut": 210600111, "weightedAverageShsOutDil": 210600111, "link": "https://www.sec.gov/Archives/edgar/data/1562401/000156240116000057/0001562401-16-000057-index.htm", "finalLink": "https://www.sec.gov/Archives/edgar/data/1562401/000156240116000057/amh-12312015x10k.htm", "calculatedOtherExpenses": 351838000, "calculatedOperatingExpenses": 379869000, "calculatedNetInterest": -89413000, "calculatedOtherIncome": 86683000, "calculatedIncomeNonControlling": 0, "calculatedEbitda": 197630000}, {"date": "2014-12-31", "symbol": "AMH", "reportedCurrency": "USD", "cik": "0001562401", "fillingDate": "2015-03-02", "acceptedDate": "2015-03-02 16:54:40", "calendarYear": "2014", "period": "FY", "revenue": 398874000, "costOfRevenue": 188373000, "grossProfit": 210501000, "grossProfitRatio": 0.5277380827, "researchAndDevelopmentExpenses": 0, "generalAndAdministrativeExpenses": 24533000, "sellingAndMarketingExpenses": 0, "sellingGeneralAndAdministrativeExpenses": 24533000, "otherExpenses": 165516000, "operatingExpenses": 190049000, "costAndExpenses": 378422000, "interestIncome": 0, "interestExpense": 19881000, "depreciationAndAmortization": 165516000, "ebitda": 185968000, "ebitdaratio": 0.4662324443, "operatingIncome": -21815000, "operatingIncomeRatio": -0.0546914564, "totalOtherIncomeExpensesNet": -33663000, "incomeBeforeTax": -33092000, "incomeBeforeTaxRatio": -0.0829635424, "incomeTaxExpense": 14965000, "netIncome": -48057000, "netIncomeRatio": -0.1204816559, "eps": -0.24, "epsdiluted": -0.24, "weightedAverageShsOut": 196348757, "weightedAverageShsOutDil": 196348757, "link": "https://www.sec.gov/Archives/edgar/data/1562401/000104746915001510/0001047469-15-001510-index.htm", "finalLink": "https://www.sec.gov/Archives/edgar/data/1562401/000104746915001510/a2223305z10-k.htm", "calculatedOtherExpenses": 207783000, "calculatedOperatingExpenses": 232316000, "calculatedNetInterest": -19881000, "calculatedOtherIncome": 8604000, "calculatedIncomeNonControlling": 0, "calculatedEbitda": 143701000}, {"date": "2013-12-31", "symbol": "AMH", "reportedCurrency": "USD", "cik": "0001562401", "fillingDate": "2014-03-26", "acceptedDate": "2014-03-26 12:33:40", "calendarYear": "2013", "period": "FY", "revenue": 139032000, "costOfRevenue": 73752000, "grossProfit": 65280000, "grossProfitRatio": 0.469532194, "researchAndDevelopmentExpenses": 0, "generalAndAdministrativeExpenses": 16276000, "sellingAndMarketingExpenses": 0, "sellingGeneralAndAdministrativeExpenses": 16276000, "otherExpenses": 70987000, "operatingExpenses": 87263000, "costAndExpenses": 161015000, "interestIncome": 0, "interestExpense": 370000, "depreciationAndAmortization": 70987000, "ebitda": 49004000, "ebitdaratio": 0.3524656194, "operatingIncome": -16207000, "operatingIncomeRatio": -0.116570286, "totalOtherIncomeExpensesNet": 2279000, "incomeBeforeTax": -20074000, "incomeBeforeTaxRatio": -0.1443840267, "incomeTaxExpense": 12237000, "netIncome": -32311000, "netIncomeRatio": -0.2323997353, "eps": -0.26, "epsdiluted": -0.26, "weightedAverageShsOut": 123592086, "weightedAverageShsOutDil": 123592086, "link": "https://www.sec.gov/Archives/edgar/data/1562401/000119312514116022/0001193125-14-116022-index.htm", "finalLink": "https://www.sec.gov/Archives/edgar/data/1562401/000119312514116022/d644538d10k.htm", "calculatedOtherExpenses": 65211000, "calculatedOperatingExpenses": 81487000, "calculatedNetInterest": -370000, "calculatedOtherIncome": -3497000, "calculatedIncomeNonControlling": 0, "calculatedEbitda": 54780000}, {"date": "2012-12-31", "symbol": "AMH", "reportedCurrency": "USD", "cik": "0001562401", "fillingDate": "2012-12-31", "acceptedDate": "2012-12-31 00:00:00", "calendarYear": "2012", "period": "FY", "revenue": 4540000, "costOfRevenue": 3590000, "grossProfit": 950000, "grossProfitRatio": 0.2092511013, "researchAndDevelopmentExpenses": 0, "generalAndAdministrativeExpenses": 8206000, "sellingAndMarketingExpenses": 0, "sellingGeneralAndAdministrativeExpenses": 8206000, "otherExpenses": 2111000, "operatingExpenses": 10317000, "costAndExpenses": 13907000, "interestIncome": 0, "interestExpense": 0, "depreciationAndAmortization": 2111000, "ebitda": -6387000, "ebitdaratio": -1.4068281938, "operatingIncome": -10236000, "operatingIncomeRatio": -2.2546255507, "totalOtherIncomeExpensesNet": -869000, "incomeBeforeTax": -10236000, "incomeBeforeTaxRatio": -2.2546255507, "incomeTaxExpense": 869000, "netIncome": -10236000, "netIncomeRatio": -2.2546255507, "eps": -0.14, "epsdiluted": -0.14, "weightedAverageShsOut": 72234717, "weightedAverageShsOutDil": 72234717, "link": null, "finalLink": null, "calculatedOtherExpenses": 2980000, "calculatedOperatingExpenses": 11186000, "calculatedNetInterest": 0, "calculatedOtherIncome": 0, "calculatedIncomeNonControlling": -869000, "calculatedEbitda": -8125000}]}