{"originalCurrency": "USD", "convertedCurrency": "USD", "report": [{"date": "2023-12-31", "symbol": "AMKR", "reportedCurrency": "USD", "cik": "0001047127", "fillingDate": "2024-02-16", "acceptedDate": "2024-02-16 15:59:56", "calendarYear": "2023", "period": "FY", "revenue": 6503065000, "costOfRevenue": 5559912000, "grossProfit": 943153000, "grossProfitRatio": 0.1450320733, "researchAndDevelopmentExpenses": 177473000, "generalAndAdministrativeExpenses": 0, "sellingAndMarketingExpenses": 0, "sellingGeneralAndAdministrativeExpenses": 295393000, "otherExpenses": 2457000, "operatingExpenses": 472866000, "costAndExpenses": 6032778000, "interestIncome": 48458000, "interestExpense": 59000000, "depreciationAndAmortization": 631508000, "ebitda": 1101795000, "ebitdaratio": 0.1694270317, "operatingIncome": 470287000, "operatingIncomeRatio": 0.0723177456, "totalOtherIncomeExpensesNet": -26446000, "incomeBeforeTax": 443841000, "incomeBeforeTaxRatio": 0.0682510478, "incomeTaxExpense": 81710000, "netIncome": 359813000, "netIncomeRatio": 0.055329756, "eps": 1.46, "epsdiluted": 1.46, "weightedAverageShsOut": 245628000, "weightedAverageShsOutDil": 247176000, "link": "https://www.sec.gov/Archives/edgar/data/1047127/000104712724000019/0001047127-24-000019-index.htm", "finalLink": "https://www.sec.gov/Archives/edgar/data/1047127/000104712724000019/amkr-20231231.htm", "calculatedOtherExpenses": 0, "calculatedOperatingExpenses": 472866000, "calculatedNetInterest": -10542000, "calculatedOtherIncome": -15904000, "calculatedIncomeNonControlling": 2318000, "calculatedEbitda": 1101795000}, {"date": "2022-12-31", "symbol": "AMKR", "reportedCurrency": "USD", "cik": "0001047127", "fillingDate": "2023-02-22", "acceptedDate": "2023-02-22 15:43:06", "calendarYear": "2022", "period": "FY", "revenue": 7091585000, "costOfRevenue": 5761598000, "grossProfit": 1329987000, "grossProfitRatio": 0.1875443924, "researchAndDevelopmentExpenses": 149429000, "generalAndAdministrativeExpenses": 0, "sellingAndMarketingExpenses": 0, "sellingGeneralAndAdministrativeExpenses": 283372000, "otherExpenses": 18309000, "operatingExpenses": 432801000, "costAndExpenses": 6194399000, "interestIncome": 12762000, "interestExpense": 58563000, "depreciationAndAmortization": 631011000, "ebitda": 1528197000, "ebitdaratio": 0.2154944205, "operatingIncome": 897186000, "operatingIncomeRatio": 0.1265141714, "totalOtherIncomeExpensesNet": -40254000, "incomeBeforeTax": 856932000, "incomeBeforeTaxRatio": 0.1208378663, "incomeTaxExpense": 89890000, "netIncome": 765823000, "netIncomeRatio": 0.1079903858, "eps": 3.13, "epsdiluted": 3.11, "weightedAverageShsOut": 244676000, "weightedAverageShsOutDil": 246205000, "link": "https://www.sec.gov/Archives/edgar/data/1047127/000104712723000009/0001047127-23-000009-index.htm", "finalLink": "https://www.sec.gov/Archives/edgar/data/1047127/000104712723000009/amkr-20221231.htm", "calculatedOtherExpenses": 0, "calculatedOperatingExpenses": 432801000, "calculatedNetInterest": -45801000, "calculatedOtherIncome": 5547000, "calculatedIncomeNonControlling": 1219000, "calculatedEbitda": 1528197000}, {"date": "2021-12-31", "symbol": "AMKR", "reportedCurrency": "USD", "cik": "0001047127", "fillingDate": "2022-02-18", "acceptedDate": "2022-02-18 14:54:10", "calendarYear": "2021", "period": "FY", "revenue": 6138329000, "costOfRevenue": 4912775000, "grossProfit": 1225554000, "grossProfitRatio": 0.199655965, "researchAndDevelopmentExpenses": 166037000, "generalAndAdministrativeExpenses": 0, "sellingAndMarketingExpenses": 0, "sellingGeneralAndAdministrativeExpenses": 296084000, "otherExpenses": 3141000, "operatingExpenses": 462121000, "costAndExpenses": 5374896000, "interestIncome": 1065000, "interestExpense": 51508000, "depreciationAndAmortization": 566723000, "ebitda": 1330156000, "ebitdaratio": 0.216696759, "operatingIncome": 763433000, "operatingIncomeRatio": 0.1243714698, "totalOtherIncomeExpensesNet": -48367000, "incomeBeforeTax": 715066000, "incomeBeforeTaxRatio": 0.1164919639, "incomeTaxExpense": 69459000, "netIncome": 642995000, "netIncomeRatio": 0.1047508206, "eps": 2.64, "epsdiluted": 2.62, "weightedAverageShsOut": 243878000, "weightedAverageShsOutDil": 245704000, "link": "https://www.sec.gov/Archives/edgar/data/1047127/000104712722000006/0001047127-22-000006-index.htm", "finalLink": "https://www.sec.gov/Archives/edgar/data/1047127/000104712722000006/amkr-20211231.htm", "calculatedOtherExpenses": 0, "calculatedOperatingExpenses": 462121000, "calculatedNetInterest": -50443000, "calculatedOtherIncome": 2076000, "calculatedIncomeNonControlling": 2612000, "calculatedEbitda": 1330156000}, {"date": "2020-12-31", "symbol": "AMKR", "reportedCurrency": "USD", "cik": "0001047127", "fillingDate": "2021-02-19", "acceptedDate": "2021-02-19 15:01:29", "calendarYear": "2020", "period": "FY", "revenue": 5050589000, "costOfRevenue": 4149775000, "grossProfit": 900814000, "grossProfitRatio": 0.1783582073, "researchAndDevelopmentExpenses": 140727000, "generalAndAdministrativeExpenses": 0, "sellingAndMarketingExpenses": 0, "sellingGeneralAndAdministrativeExpenses": 302842000, "otherExpenses": -6395000, "operatingExpenses": 443569000, "costAndExpenses": 4593344000, "interestIncome": 5449000, "interestExpense": 64168000, "depreciationAndAmortization": 504001000, "ebitda": 961246000, "ebitdaratio": 0.1903235444, "operatingIncome": 457245000, "operatingIncomeRatio": 0.0905330052, "totalOtherIncomeExpensesNet": -70563000, "incomeBeforeTax": 386682000, "incomeBeforeTaxRatio": 0.0765617634, "incomeTaxExpense": 46183000, "netIncome": 338138000, "netIncomeRatio": 0.0669502112, "eps": 1.4, "epsdiluted": 1.4, "weightedAverageShsOut": 241509000, "weightedAverageShsOutDil": 242248000, "link": "https://www.sec.gov/Archives/edgar/data/1047127/000104712721000010/0001047127-21-000010-index.htm", "finalLink": "https://www.sec.gov/Archives/edgar/data/1047127/000104712721000010/amkr-20201231.htm", "calculatedOtherExpenses": 0, "calculatedOperatingExpenses": 443569000, "calculatedNetInterest": -58719000, "calculatedOtherIncome": -11844000, "calculatedIncomeNonControlling": 2361000, "calculatedEbitda": 961246000}, {"date": "2019-12-31", "symbol": "AMKR", "reportedCurrency": "USD", "cik": "0001047127", "fillingDate": "2020-02-19", "acceptedDate": "2020-02-19 14:59:38", "calendarYear": "2019", "period": "FY", "revenue": 4052650000, "costOfRevenue": 3403211000, "grossProfit": 649439000, "grossProfitRatio": 0.1602504534, "researchAndDevelopmentExpenses": 137638000, "generalAndAdministrativeExpenses": 0, "sellingAndMarketingExpenses": 0, "sellingGeneralAndAdministrativeExpenses": 281933000, "otherExpenses": -1773000, "operatingExpenses": 419571000, "costAndExpenses": 3822782000, "interestIncome": 6655000, "interestExpense": 71587000, "depreciationAndAmortization": 519102000, "ebitda": 752272000, "ebitdaratio": 0.1856247147, "operatingIncome": 233170000, "operatingIncomeRatio": 0.057535193, "totalOtherIncomeExpensesNet": -73360000, "incomeBeforeTax": 159810000, "incomeBeforeTaxRatio": 0.0394334571, "incomeTaxExpense": 37182000, "netIncome": 120888000, "netIncomeRatio": 0.0298293709, "eps": 0.5, "epsdiluted": 0.5, "weightedAverageShsOut": 239725000, "weightedAverageShsOutDil": 240122000, "link": "https://www.sec.gov/Archives/edgar/data/1047127/000104712720000006/0001047127-20-000006-index.htm", "finalLink": "https://www.sec.gov/Archives/edgar/data/1047127/000104712720000006/amkr12311910k.htm", "calculatedOtherExpenses": -3302000, "calculatedOperatingExpenses": 416269000, "calculatedNetInterest": -64932000, "calculatedOtherIncome": -8428000, "calculatedIncomeNonControlling": 1740000, "calculatedEbitda": 752272000}, {"date": "2018-12-31", "symbol": "AMKR", "reportedCurrency": "USD", "cik": "0001047127", "fillingDate": "2019-02-22", "acceptedDate": "2019-02-22 14:02:14", "calendarYear": "2018", "period": "FY", "revenue": 4316466000, "costOfRevenue": 3605901000, "grossProfit": 710565000, "grossProfitRatio": 0.164617305, "researchAndDevelopmentExpenses": 157182000, "generalAndAdministrativeExpenses": 295239000, "sellingAndMarketingExpenses": 0, "sellingGeneralAndAdministrativeExpenses": 295239000, "otherExpenses": 6617000, "operatingExpenses": 452421000, "costAndExpenses": 4058322000, "interestIncome": 4133000, "interestExpense": 78946000, "depreciationAndAmortization": 571961000, "ebitda": 836722000, "ebitdaratio": 0.1938442235, "operatingIncome": 258144000, "operatingIncomeRatio": 0.0598044789, "totalOtherIncomeExpensesNet": 6617000, "incomeBeforeTax": 185815000, "incomeBeforeTaxRatio": 0.0430479471, "incomeTaxExpense": 56250000, "netIncome": 127092000, "netIncomeRatio": 0.0294435309, "eps": 0.53, "epsdiluted": 0.53, "weightedAverageShsOut": 239329000, "weightedAverageShsOutDil": 239741000, "link": "https://www.sec.gov/Archives/edgar/data/1047127/000104712719000007/0001047127-19-000007-index.htm", "finalLink": "https://www.sec.gov/Archives/edgar/data/1047127/000104712719000007/amkr12311810k.htm", "calculatedOtherExpenses": 0, "calculatedOperatingExpenses": 452421000, "calculatedNetInterest": -74813000, "calculatedOtherIncome": 2484000, "calculatedIncomeNonControlling": 2473000, "calculatedEbitda": 830105000}, {"date": "2017-12-31", "symbol": "AMKR", "reportedCurrency": "USD", "cik": "0001047127", "fillingDate": "2018-02-23", "acceptedDate": "2018-02-23 14:03:28", "calendarYear": "2017", "period": "FY", "revenue": 4186497000, "costOfRevenue": 3429224000, "grossProfit": 757273000, "grossProfitRatio": 0.1808846394, "researchAndDevelopmentExpenses": 166614000, "generalAndAdministrativeExpenses": 297455000, "sellingAndMarketingExpenses": 0, "sellingGeneralAndAdministrativeExpenses": 297455000, "otherExpenses": -11889000, "operatingExpenses": 464069000, "costAndExpenses": 3893293000, "interestIncome": 3215000, "interestExpense": 85554000, "depreciationAndAmortization": 581940000, "ebitda": 863255000, "ebitdaratio": 0.2061998372, "operatingIncome": 293204000, "operatingIncomeRatio": 0.0700356408, "totalOtherIncomeExpensesNet": 96220000, "incomeBeforeTax": 303870000, "incomeBeforeTaxRatio": 0.0725833555, "incomeTaxExpense": 38982000, "netIncome": 260706000, "netIncomeRatio": 0.062273065, "eps": 1.09, "epsdiluted": 1.09, "weightedAverageShsOut": 238937000, "weightedAverageShsOutDil": 239651000, "link": "https://www.sec.gov/Archives/edgar/data/1047127/000104712718000009/0001047127-18-000009-index.htm", "finalLink": "https://www.sec.gov/Archives/edgar/data/1047127/000104712718000009/amkr12311710k.htm", "calculatedOtherExpenses": 0, "calculatedOperatingExpenses": 464069000, "calculatedNetInterest": -82339000, "calculatedOtherIncome": 93005000, "calculatedIncomeNonControlling": 4182000, "calculatedEbitda": 875144000}, {"date": "2016-12-31", "symbol": "AMKR", "reportedCurrency": "USD", "cik": "0001047127", "fillingDate": "2017-02-24", "acceptedDate": "2017-02-24 15:25:16", "calendarYear": "2016", "period": "FY", "revenue": 3893635000, "costOfRevenue": 3198158000, "grossProfit": 695477000, "grossProfitRatio": 0.1786189512, "researchAndDevelopmentExpenses": 117206000, "generalAndAdministrativeExpenses": 284331000, "sellingAndMarketingExpenses": 0, "sellingGeneralAndAdministrativeExpenses": 284331000, "otherExpenses": 5854000, "operatingExpenses": 401537000, "costAndExpenses": 3599695000, "interestIncome": 1326000, "interestExpense": 84637000, "depreciationAndAmortization": 555186000, "ebitda": 854980000, "ebitdaratio": 0.2195840134, "operatingIncome": 293940000, "operatingIncomeRatio": 0.0754924383, "totalOtherIncomeExpensesNet": 5854000, "incomeBeforeTax": 215157000, "incomeBeforeTaxRatio": 0.0552586465, "incomeTaxExpense": 47853000, "netIncome": 164190000, "netIncomeRatio": 0.0421688217, "eps": 0.69, "epsdiluted": 0.69, "weightedAverageShsOut": 237416000, "weightedAverageShsOutDil": 238034000, "link": "https://www.sec.gov/Archives/edgar/data/1047127/000104712717000011/0001047127-17-000011-index.htm", "finalLink": "https://www.sec.gov/Archives/edgar/data/1047127/000104712717000011/amkr12311610k.htm", "calculatedOtherExpenses": 0, "calculatedOperatingExpenses": 401537000, "calculatedNetInterest": -83311000, "calculatedOtherIncome": 4528000, "calculatedIncomeNonControlling": 3114000, "calculatedEbitda": 849126000}, {"date": "2015-12-31", "symbol": "AMKR", "reportedCurrency": "USD", "cik": "0001047127", "fillingDate": "2016-02-22", "acceptedDate": "2016-02-22 13:45:25", "calendarYear": "2015", "period": "FY", "revenue": 2884603000, "costOfRevenue": 2405338000, "grossProfit": 479265000, "grossProfitRatio": 0.1661459133, "researchAndDevelopmentExpenses": 82017000, "generalAndAdministrativeExpenses": 232409000, "sellingAndMarketingExpenses": -755000, "sellingGeneralAndAdministrativeExpenses": 231654000, "otherExpenses": -10928000, "operatingExpenses": 313671000, "costAndExpenses": 2719009000, "interestIncome": 2539000, "interestExpense": 86376000, "depreciationAndAmortization": 494200000, "ebitda": 648866000, "ebitdaratio": 0.2249411791, "operatingIncome": 165594000, "operatingIncomeRatio": 0.0574061665, "totalOtherIncomeExpensesNet": -10928000, "incomeBeforeTax": 68290000, "incomeBeforeTaxRatio": 0.0236739683, "incomeTaxExpense": 28035000, "netIncome": 57567000, "netIncomeRatio": 0.0199566457, "eps": 0.24, "epsdiluted": 0.24, "weightedAverageShsOut": 236850000, "weightedAverageShsOutDil": 237170000, "link": "https://www.sec.gov/Archives/edgar/data/1047127/000104712716000049/0001047127-16-000049-index.htm", "finalLink": "https://www.sec.gov/Archives/edgar/data/1047127/000104712716000049/amkr12311510k.htm", "calculatedOtherExpenses": 0, "calculatedOperatingExpenses": 313671000, "calculatedNetInterest": -83837000, "calculatedOtherIncome": -13467000, "calculatedIncomeNonControlling": -17312000, "calculatedEbitda": 659794000}, {"date": "2014-12-31", "symbol": "AMKR", "reportedCurrency": "USD", "cik": "0001047127", "fillingDate": "2015-02-19", "acceptedDate": "2015-02-19 16:58:40", "calendarYear": "2014", "period": "FY", "revenue": 3129440000, "costOfRevenue": 2576618000, "grossProfit": 552822000, "grossProfitRatio": 0.1766520528, "researchAndDevelopmentExpenses": 76864000, "generalAndAdministrativeExpenses": 254498000, "sellingAndMarketingExpenses": 0, "sellingGeneralAndAdministrativeExpenses": 254498000, "otherExpenses": 24543000, "operatingExpenses": 331362000, "costAndExpenses": 2907980000, "interestIncome": 3359000, "interestExpense": 109925000, "depreciationAndAmortization": 464706000, "ebitda": 710709000, "ebitdaratio": 0.2271042103, "operatingIncome": 221460000, "operatingIncomeRatio": 0.0707666547, "totalOtherIncomeExpensesNet": 24543000, "incomeBeforeTax": 136078000, "incomeBeforeTaxRatio": 0.0434831791, "incomeTaxExpense": 33845000, "netIncome": 130386000, "netIncomeRatio": 0.0416643233, "eps": 0.56, "epsdiluted": 0.55, "weightedAverageShsOut": 230710000, "weightedAverageShsOutDil": 236731000, "link": "https://www.sec.gov/Archives/edgar/data/1047127/000104712715000010/0001047127-15-000010-index.htm", "finalLink": "https://www.sec.gov/Archives/edgar/data/1047127/000104712715000010/amkr12311410k.htm", "calculatedOtherExpenses": 0, "calculatedOperatingExpenses": 331362000, "calculatedNetInterest": -106566000, "calculatedOtherIncome": 21184000, "calculatedIncomeNonControlling": -28153000, "calculatedEbitda": 686166000}, {"date": "2013-12-31", "symbol": "AMKR", "reportedCurrency": "USD", "cik": "0001047127", "fillingDate": "2014-02-28", "acceptedDate": "2014-02-28 15:44:40", "calendarYear": "2013", "period": "FY", "revenue": 2956450000, "costOfRevenue": 2411937000, "grossProfit": 544513000, "grossProfitRatio": 0.1841779837, "researchAndDevelopmentExpenses": 64625000, "generalAndAdministrativeExpenses": 247779000, "sellingAndMarketingExpenses": 0, "sellingGeneralAndAdministrativeExpenses": 247779000, "otherExpenses": -2214000, "operatingExpenses": 312404000, "costAndExpenses": 2724341000, "interestIncome": 3785000, "interestExpense": 105908000, "depreciationAndAmortization": 410346000, "ebitda": 640241000, "ebitdaratio": 0.2165573576, "operatingIncome": 232109000, "operatingIncomeRatio": 0.0785093609, "totalOtherIncomeExpensesNet": -2214000, "incomeBeforeTax": 123987000, "incomeBeforeTaxRatio": 0.041937797, "incomeTaxExpense": 22646000, "netIncome": 109296000, "netIncomeRatio": 0.0369686617, "eps": 0.58, "epsdiluted": 0.5, "weightedAverageShsOut": 187032000, "weightedAverageShsOutDil": 235330000, "link": "https://www.sec.gov/Archives/edgar/data/1047127/000104712714000006/0001047127-14-000006-index.htm", "finalLink": "https://www.sec.gov/Archives/edgar/data/1047127/000104712714000006/amkr12311310k.htm", "calculatedOtherExpenses": 0, "calculatedOperatingExpenses": 312404000, "calculatedNetInterest": -102123000, "calculatedOtherIncome": -5999000, "calculatedIncomeNonControlling": -7955000, "calculatedEbitda": 642455000}, {"date": "2012-12-31", "symbol": "AMKR", "reportedCurrency": "USD", "cik": "0001047127", "fillingDate": "2013-03-08", "acceptedDate": "2013-03-08 13:04:18", "calendarYear": "2012", "period": "FY", "revenue": 2759846000, "costOfRevenue": 2315436000, "grossProfit": 444410000, "grossProfitRatio": 0.1610271008, "researchAndDevelopmentExpenses": 54118000, "generalAndAdministrativeExpenses": 217000000, "sellingAndMarketingExpenses": 0, "sellingGeneralAndAdministrativeExpenses": 217000000, "otherExpenses": 1586000, "operatingExpenses": 271118000, "costAndExpenses": 2586554000, "interestIncome": 3160000, "interestExpense": 96343000, "depreciationAndAmortization": 370479000, "ebitda": 554109000, "ebitdaratio": 0.2007753331, "operatingIncome": 173292000, "operatingIncomeRatio": 0.06279046, "totalOtherIncomeExpensesNet": 1794000, "incomeBeforeTax": 81903000, "incomeBeforeTaxRatio": 0.0296766559, "incomeTaxExpense": 19001000, "netIncome": 62018000, "netIncomeRatio": 0.0224715437, "eps": 0.39, "epsdiluted": 0.32, "weightedAverageShsOut": 160105000, "weightedAverageShsOutDil": 243004000, "link": "https://www.sec.gov/Archives/edgar/data/1047127/000104712713000007/0001047127-13-000007-index.htm", "finalLink": "https://www.sec.gov/Archives/edgar/data/1047127/000104712713000007/amkr12311210k.htm", "calculatedOtherExpenses": 0, "calculatedOperatingExpenses": 271118000, "calculatedNetInterest": -93183000, "calculatedOtherIncome": 1794000, "calculatedIncomeNonControlling": 884000, "calculatedEbitda": 543771000}, {"date": "2011-12-31", "symbol": "AMKR", "reportedCurrency": "USD", "cik": "0001047127", "fillingDate": "2012-02-24", "acceptedDate": "2012-02-23 18:37:46", "calendarYear": "2011", "period": "FY", "revenue": 2776359000, "costOfRevenue": 2285790000, "grossProfit": 490569000, "grossProfitRatio": 0.1766950888, "researchAndDevelopmentExpenses": 50386000, "generalAndAdministrativeExpenses": 246513000, "sellingAndMarketingExpenses": 0, "sellingGeneralAndAdministrativeExpenses": 246513000, "otherExpenses": 0, "operatingExpenses": 296899000, "costAndExpenses": 2582689000, "interestIncome": 2749000, "interestExpense": 86606000, "depreciationAndAmortization": 335644000, "ebitda": 539148000, "ebitdaratio": 0.1941924657, "operatingIncome": 193670000, "operatingIncomeRatio": 0.069756829, "totalOtherIncomeExpensesNet": -9594000, "incomeBeforeTax": 100219000, "incomeBeforeTaxRatio": 0.036097277, "incomeTaxExpense": 7124000, "netIncome": 91808000, "netIncomeRatio": 0.0330677697, "eps": 0.48, "epsdiluted": 0.39, "weightedAverageShsOut": 190829000, "weightedAverageShsOutDil": 273686000, "link": "https://www.sec.gov/Archives/edgar/data/1047127/000144530512000428/0001445305-12-000428-index.htm", "finalLink": "https://www.sec.gov/Archives/edgar/data/1047127/000144530512000428/amkr12311110k.htm", "calculatedOtherExpenses": 0, "calculatedOperatingExpenses": 296899000, "calculatedNetInterest": -83857000, "calculatedOtherIncome": -9594000, "calculatedIncomeNonControlling": 1287000, "calculatedEbitda": 529314000}, {"date": "2010-12-31", "symbol": "AMKR", "reportedCurrency": "USD", "cik": "0001047127", "fillingDate": "2011-02-24", "acceptedDate": "2011-02-24 16:42:32", "calendarYear": "2010", "period": "FY", "revenue": 2939483000, "costOfRevenue": 2275727000, "grossProfit": 663756000, "grossProfitRatio": 0.2258070552, "researchAndDevelopmentExpenses": 47534000, "generalAndAdministrativeExpenses": 242424000, "sellingAndMarketingExpenses": 0, "sellingGeneralAndAdministrativeExpenses": 242424000, "otherExpenses": 0, "operatingExpenses": 289958000, "costAndExpenses": 2565685000, "interestIncome": 2950000, "interestExpense": 100845000, "depreciationAndAmortization": 323608000, "ebitda": 706791000, "ebitdaratio": 0.2404473848, "operatingIncome": 373798000, "operatingIncomeRatio": 0.1271645388, "totalOtherIncomeExpensesNet": -24744000, "incomeBeforeTax": 251159000, "incomeBeforeTaxRatio": 0.0854432565, "incomeTaxExpense": 19012000, "netIncome": 231971000, "netIncomeRatio": 0.078915578, "eps": 1.26, "epsdiluted": 0.91, "weightedAverageShsOut": 183312000, "weightedAverageShsOutDil": 282602000, "link": "https://www.sec.gov/Archives/edgar/data/1047127/000095012311017901/0000950123-11-017901-index.htm", "finalLink": "https://www.sec.gov/Archives/edgar/data/1047127/000095012311017901/p18139e10vk.htm", "calculatedOtherExpenses": 0, "calculatedOperatingExpenses": 289958000, "calculatedNetInterest": -97895000, "calculatedOtherIncome": -24744000, "calculatedIncomeNonControlling": 176000, "calculatedEbitda": 697406000}, {"date": "2009-12-31", "symbol": "AMKR", "reportedCurrency": "USD", "cik": "0001047127", "fillingDate": "2010-02-24", "acceptedDate": "2010-02-24 17:14:18", "calendarYear": "2009", "period": "FY", "revenue": 2179109000, "costOfRevenue": 1698713000, "grossProfit": 480396000, "grossProfitRatio": 0.2204552411, "researchAndDevelopmentExpenses": 44453000, "generalAndAdministrativeExpenses": 210907000, "sellingAndMarketingExpenses": 0, "sellingGeneralAndAdministrativeExpenses": 210907000, "otherExpenses": -281000, "operatingExpenses": 255360000, "costAndExpenses": 1954073000, "interestIncome": 2367000, "interestExpense": 113029000, "depreciationAndAmortization": 305510000, "ebitda": 532919000, "ebitdaratio": 0.2445582116, "operatingIncome": 225317000, "operatingIncomeRatio": 0.1033986827, "totalOtherIncomeExpensesNet": 14516000, "incomeBeforeTax": 126523000, "incomeBeforeTaxRatio": 0.0580618042, "incomeTaxExpense": -29760000, "netIncome": 155980000, "netIncomeRatio": 0.0715797145, "eps": 0.85, "epsdiluted": 0.67, "weightedAverageShsOut": 183067000, "weightedAverageShsOutDil": 263379000, "link": "https://www.sec.gov/Archives/edgar/data/1047127/000095012310016426/0000950123-10-016426-index.htm", "finalLink": "https://www.sec.gov/Archives/edgar/data/1047127/000095012310016426/p16892e10vk.htm", "calculatedOtherExpenses": -281000, "calculatedOperatingExpenses": 255079000, "calculatedNetInterest": -110662000, "calculatedOtherIncome": 11868000, "calculatedIncomeNonControlling": 303000, "calculatedEbitda": 530827000}, {"date": "2008-12-31", "symbol": "AMKR", "reportedCurrency": "USD", "cik": "0001047127", "fillingDate": "2009-02-24", "acceptedDate": "2009-02-24 16:58:37", "calendarYear": "2008", "period": "FY", "revenue": 2658602000, "costOfRevenue": 2096864000, "grossProfit": 561738000, "grossProfitRatio": 0.211290746, "researchAndDevelopmentExpenses": 56227000, "generalAndAdministrativeExpenses": 251756000, "sellingAndMarketingExpenses": 0, "sellingGeneralAndAdministrativeExpenses": 251756000, "otherExpenses": -9856000, "operatingExpenses": 298127000, "costAndExpenses": 2394991000, "interestIncome": 0, "interestExpense": 116230000, "depreciationAndAmortization": 309920000, "ebitda": 573531000, "ebitdaratio": 0.215726536, "operatingIncome": -407506000, "operatingIncomeRatio": -0.1532783019, "totalOtherIncomeExpensesNet": -573069000, "incomeBeforeTax": -425688000, "incomeBeforeTaxRatio": -0.1601172345, "incomeTaxExpense": 31788000, "netIncome": -456695000, "netIncomeRatio": -0.1717801311, "eps": -2.5, "epsdiluted": -2.5, "weightedAverageShsOut": 182734000, "weightedAverageShsOutDil": 182734000, "link": "https://www.sec.gov/Archives/edgar/data/1047127/000095015309000153/0000950153-09-000153-index.htm", "finalLink": "https://www.sec.gov/Archives/edgar/data/1047127/000095015309000153/p14091e10vk.htm", "calculatedOtherExpenses": 661261000, "calculatedOperatingExpenses": 969244000, "calculatedNetInterest": -116230000, "calculatedOtherIncome": 98048000, "calculatedIncomeNonControlling": -781000, "calculatedEbitda": -97586000}, {"date": "2007-12-31", "symbol": "AMKR", "reportedCurrency": "USD", "cik": "0001047127", "fillingDate": "2008-02-25", "acceptedDate": "2008-02-25 17:27:37", "calendarYear": "2007", "period": "FY", "revenue": 2739445000, "costOfRevenue": 2057572000, "grossProfit": 681873000, "grossProfitRatio": 0.2489091769, "researchAndDevelopmentExpenses": 41650000, "generalAndAdministrativeExpenses": 251249000, "sellingAndMarketingExpenses": 0, "sellingGeneralAndAdministrativeExpenses": 251249000, "otherExpenses": -1717000, "operatingExpenses": 291182000, "costAndExpenses": 2348754000, "interestIncome": 0, "interestExpense": 124099000, "depreciationAndAmortization": 288829000, "ebitda": 703308000, "ebitdaratio": 0.2567337545, "operatingIncome": 390691000, "operatingIncomeRatio": 0.1426168439, "totalOtherIncomeExpensesNet": -23788000, "incomeBeforeTax": 234837000, "incomeBeforeTaxRatio": 0.0857242982, "incomeTaxExpense": 12597000, "netIncome": 219864000, "netIncomeRatio": 0.0802585925, "eps": 1.22, "epsdiluted": 1.11, "weightedAverageShsOut": 180597000, "weightedAverageShsOutDil": 208767000, "link": "https://www.sec.gov/Archives/edgar/data/1047127/000095015308000393/0000950153-08-000393-index.htm", "finalLink": "https://www.sec.gov/Archives/edgar/data/1047127/000095015308000393/p75028e10vk.htm", "calculatedOtherExpenses": -1717000, "calculatedOperatingExpenses": 291182000, "calculatedNetInterest": -124099000, "calculatedOtherIncome": -31755000, "calculatedIncomeNonControlling": 2376000, "calculatedEbitda": 679520000}, {"date": "2006-12-31", "symbol": "AMKR", "reportedCurrency": "USD", "cik": "0001047127", "fillingDate": "2007-02-26", "acceptedDate": "2007-02-26 17:09:25", "calendarYear": "2006", "period": "FY", "revenue": 2728560000, "costOfRevenue": 2053600000, "grossProfit": 674960000, "grossProfitRatio": 0.2473685754, "researchAndDevelopmentExpenses": 38735000, "generalAndAdministrativeExpenses": 250142000, "sellingAndMarketingExpenses": 0, "sellingGeneralAndAdministrativeExpenses": 250142000, "otherExpenses": 1000000, "operatingExpenses": 289877000, "costAndExpenses": 2343477000, "interestIncome": 0, "interestExpense": 154807000, "depreciationAndAmortization": 285765000, "ebitda": 713153000, "ebitdaratio": 0.2613660685, "operatingIncome": 385083000, "operatingIncomeRatio": 0.1411304864, "totalOtherIncomeExpensesNet": -42305000, "incomeBeforeTax": 182494000, "incomeBeforeTaxRatio": 0.0668828979, "incomeTaxExpense": 11208000, "netIncome": 170084000, "netIncomeRatio": 0.0623347113, "eps": 0.96, "epsdiluted": 0.9, "weightedAverageShsOut": 177682000, "weightedAverageShsOutDil": 199556000, "link": "https://www.sec.gov/Archives/edgar/data/1047127/000095015307000403/0000950153-07-000403-index.htm", "finalLink": "https://www.sec.gov/Archives/edgar/data/1047127/000095015307000403/p73489e10vk.htm", "calculatedOtherExpenses": 1000000, "calculatedOperatingExpenses": 289877000, "calculatedNetInterest": -154807000, "calculatedOtherIncome": -47782000, "calculatedIncomeNonControlling": 1202000, "calculatedEbitda": 670848000}, {"date": "2005-12-31", "symbol": "AMKR", "reportedCurrency": "USD", "cik": "0001047127", "fillingDate": "2006-03-16", "acceptedDate": "2006-03-16 15:06:47", "calendarYear": "2005", "period": "FY", "revenue": 2099949000, "costOfRevenue": 1743996000, "grossProfit": 355953000, "grossProfitRatio": 0.1695055451, "researchAndDevelopmentExpenses": 37347000, "generalAndAdministrativeExpenses": 293155000, "sellingAndMarketingExpenses": 0, "sellingGeneralAndAdministrativeExpenses": 293155000, "otherExpenses": -4408000, "operatingExpenses": 326094000, "costAndExpenses": 2070090000, "interestIncome": -144887000, "interestExpense": 521000, "depreciationAndAmortization": 257321000, "ebitda": 291701000, "ebitdaratio": 0.1389086116, "operatingIncome": 29859000, "operatingIncomeRatio": 0.0142189167, "totalOtherIncomeExpensesNet": -4521000, "incomeBeforeTax": -142440000, "incomeBeforeTaxRatio": -0.0678302187, "incomeTaxExpense": -5551000, "netIncome": -136889000, "netIncomeRatio": -0.0651868212, "eps": -0.78, "epsdiluted": -0.78, "weightedAverageShsOut": 176385000, "weightedAverageShsOutDil": 176385000, "link": "https://www.sec.gov/Archives/edgar/data/1047127/000095015306000688/0000950153-06-000688-index.htm", "finalLink": "https://www.sec.gov/Archives/edgar/data/1047127/000095015306000688/p72010e10vk.htm", "calculatedOtherExpenses": -4408000, "calculatedOperatingExpenses": 326094000, "calculatedNetInterest": -145408000, "calculatedOtherIncome": -26891000, "calculatedIncomeNonControlling": 0, "calculatedEbitda": 287180000}, {"date": "2004-12-31", "symbol": "AMKR", "reportedCurrency": "USD", "cik": "0001047127", "fillingDate": "2005-03-29", "acceptedDate": "2005-03-29 17:13:12", "calendarYear": "2004", "period": "FY", "revenue": 1901279000, "costOfRevenue": 1533447000, "grossProfit": 367832000, "grossProfitRatio": 0.1934655566, "researchAndDevelopmentExpenses": 36707000, "generalAndAdministrativeExpenses": 214338000, "sellingAndMarketingExpenses": 0, "sellingGeneralAndAdministrativeExpenses": 214338000, "otherExpenses": 7577000, "operatingExpenses": 258622000, "costAndExpenses": 1792069000, "interestIncome": -21438000, "interestExpense": 148902000, "depreciationAndAmortization": 242740000, "ebitda": 334294000, "ebitdaratio": 0.175825852, "operatingIncome": 109210000, "operatingIncomeRatio": 0.057440281, "totalOtherIncomeExpensesNet": 17654000, "incomeBeforeTax": -22344000, "incomeBeforeTaxRatio": -0.011752089, "incomeTaxExpense": 15192000, "netIncome": -37536000, "netIncomeRatio": -0.0197424997, "eps": -0.21, "epsdiluted": -0.21, "weightedAverageShsOut": 175342000, "weightedAverageShsOutDil": 175342000, "link": "https://www.sec.gov/Archives/edgar/data/1047127/000089322005000695/0000893220-05-000695-index.htm", "finalLink": "https://www.sec.gov/Archives/edgar/data/1047127/000089322005000695/w06723e10vk.htm", "calculatedOtherExpenses": 7577000, "calculatedOperatingExpenses": 258622000, "calculatedNetInterest": -170340000, "calculatedOtherIncome": 38786000, "calculatedIncomeNonControlling": 0, "calculatedEbitda": 351950000}, {"date": "2003-12-31", "symbol": "AMKR", "reportedCurrency": "USD", "cik": "0001047127", "fillingDate": "2004-03-04", "acceptedDate": "2004-03-04 16:35:47", "calendarYear": "2003", "period": "FY", "revenue": 1603768000, "costOfRevenue": 1267302000, "grossProfit": 336466000, "grossProfitRatio": 0.2097971776, "researchAndDevelopmentExpenses": 25784000, "generalAndAdministrativeExpenses": 179952000, "sellingAndMarketingExpenses": 0, "sellingGeneralAndAdministrativeExpenses": 179952000, "otherExpenses": 7722000, "operatingExpenses": 213458000, "costAndExpenses": 1480760000, "interestIncome": 0, "interestExpense": 0, "depreciationAndAmortization": 238275000, "ebitda": 388852000, "ebitdaratio": 0.2424615032, "operatingIncome": 123008000, "operatingIncomeRatio": 0.076699373, "totalOtherIncomeExpensesNet": -30859000, "incomeBeforeTax": -52601000, "incomeBeforeTaxRatio": -0.0327983848, "incomeTaxExpense": -233000, "netIncome": 2198000, "netIncomeRatio": 0.0013705224, "eps": -0.03, "epsdiluted": -0.03, "weightedAverageShsOut": 167142000, "weightedAverageShsOutDil": 167142000, "link": "https://www.sec.gov/Archives/edgar/data/1047127/000089322004000331/0000893220-04-000331-index.htm", "finalLink": "https://www.sec.gov/Archives/edgar/data/1047127/000089322004000331/w94279e10vk.txt", "calculatedOtherExpenses": 7722000, "calculatedOperatingExpenses": 213458000, "calculatedNetInterest": 0, "calculatedOtherIncome": -175609000, "calculatedIncomeNonControlling": -54566000, "calculatedEbitda": 361283000}, {"date": "2002-12-31", "symbol": "AMKR", "reportedCurrency": "USD", "cik": "0001047127", "fillingDate": "2003-03-27", "acceptedDate": "2003-03-27 17:13:35", "calendarYear": "2002", "period": "FY", "revenue": 1639707000, "costOfRevenue": 1521887000, "grossProfit": 117820000, "grossProfitRatio": 0.0718543008, "researchAndDevelopmentExpenses": 31189000, "generalAndAdministrativeExpenses": 188567000, "sellingAndMarketingExpenses": 0, "sellingGeneralAndAdministrativeExpenses": 188567000, "otherExpenses": 301458000, "operatingExpenses": 521214000, "costAndExpenses": 2043101000, "interestIncome": 0, "interestExpense": 0, "depreciationAndAmortization": 333596000, "ebitda": 398924000, "ebitdaratio": 0.2432898073, "operatingIncome": -403394000, "operatingIncomeRatio": -0.2460159041, "totalOtherIncomeExpensesNet": -502587000, "incomeBeforeTax": -760944000, "incomeBeforeTaxRatio": -0.4640731545, "incomeTaxExpense": 65815000, "netIncome": -826759000, "netIncomeRatio": -0.5042114231, "eps": -5.04, "epsdiluted": -5.04, "weightedAverageShsOut": 164124000, "weightedAverageShsOutDil": 164124000, "link": "https://www.sec.gov/Archives/edgar/data/1047127/000089322003000476/0000893220-03-000476-index.htm", "finalLink": "https://www.sec.gov/Archives/edgar/data/1047127/000089322003000476/w84305e10vk.txt", "calculatedOtherExpenses": 301458000, "calculatedOperatingExpenses": 521214000, "calculatedNetInterest": 0, "calculatedOtherIncome": -357550000, "calculatedIncomeNonControlling": 0, "calculatedEbitda": -69798000}, {"date": "2001-12-31", "symbol": "AMKR", "reportedCurrency": "USD", "cik": "0001047127", "fillingDate": "2002-04-01", "acceptedDate": "2002-04-01 00:00:00", "calendarYear": "2001", "period": "FY", "revenue": 1517862000, "costOfRevenue": 1448064000, "grossProfit": 69798000, "grossProfitRatio": 0.0459844176, "researchAndDevelopmentExpenses": 38786000, "generalAndAdministrativeExpenses": 214733000, "sellingAndMarketingExpenses": 0, "sellingGeneralAndAdministrativeExpenses": 214733000, "otherExpenses": 84962000, "operatingExpenses": 338481000, "costAndExpenses": 1786545000, "interestIncome": 0, "interestExpense": 0, "depreciationAndAmortization": 465083000, "ebitda": 193603000, "ebitdaratio": 0.1275498036, "operatingIncome": -268683000, "operatingIncomeRatio": -0.1770141159, "totalOtherIncomeExpensesNet": -97909000, "incomeBeforeTax": -532552000, "incomeBeforeTaxRatio": -0.3508566655, "incomeTaxExpense": -81691000, "netIncome": -450861000, "netIncomeRatio": -0.2970368848, "eps": -2.87, "epsdiluted": -2.87, "weightedAverageShsOut": 157111000, "weightedAverageShsOutDil": 157111000, "link": "https://www.sec.gov/Archives/edgar/data/1047127/000089322002000409/0000893220-02-000409-index.htm", "finalLink": "https://www.sec.gov/Archives/edgar/data/1047127/000089322002000409/w58972e10-k405.txt", "calculatedOtherExpenses": 84962000, "calculatedOperatingExpenses": 338481000, "calculatedNetInterest": 0, "calculatedOtherIncome": -263869000, "calculatedIncomeNonControlling": 0, "calculatedEbitda": 196400000}, {"date": "2000-12-31", "symbol": "AMKR", "reportedCurrency": "USD", "cik": "0001047127", "fillingDate": "2001-04-02", "acceptedDate": "2001-04-02 00:00:00", "calendarYear": "2000", "period": "FY", "revenue": 2387294000, "costOfRevenue": 1782158000, "grossProfit": 605136000, "grossProfitRatio": 0.2534819758, "researchAndDevelopmentExpenses": 26057000, "generalAndAdministrativeExpenses": 192623000, "sellingAndMarketingExpenses": 0, "sellingGeneralAndAdministrativeExpenses": 192623000, "otherExpenses": 63080000, "operatingExpenses": 281760000, "costAndExpenses": 2063918000, "interestIncome": 0, "interestExpense": 0, "depreciationAndAmortization": 332909000, "ebitda": 662392000, "ebitdaratio": 0.2774656159, "operatingIncome": 323376000, "operatingIncomeRatio": 0.1354571326, "totalOtherIncomeExpensesNet": -27098000, "incomeBeforeTax": 197429000, "incomeBeforeTaxRatio": 0.0826999104, "incomeTaxExpense": 22285000, "netIncome": 154153000, "netIncomeRatio": 0.064572273, "eps": 1.06, "epsdiluted": 1.06, "weightedAverageShsOut": 145806000, "weightedAverageShsOutDil": 151663000, "link": "https://www.sec.gov/Archives/edgar/data/1047127/000089322001000419/0000893220-01-000419-index.htm", "finalLink": "https://www.sec.gov/Archives/edgar/data/1047127/000089322001000419/w44256e10-k405.txt", "calculatedOtherExpenses": 63080000, "calculatedOperatingExpenses": 281760000, "calculatedNetInterest": 0, "calculatedOtherIncome": -125947000, "calculatedIncomeNonControlling": 20991000, "calculatedEbitda": 656285000}, {"date": "1999-12-31", "symbol": "AMKR", "reportedCurrency": "USD", "cik": "0001047127", "fillingDate": "2000-03-30", "acceptedDate": "2000-03-30 00:00:00", "calendarYear": "1999", "period": "FY", "revenue": 1909972000, "costOfRevenue": 1577226000, "grossProfit": 332746000, "grossProfitRatio": 0.1742151194, "researchAndDevelopmentExpenses": 11436000, "generalAndAdministrativeExpenses": 145233000, "sellingAndMarketingExpenses": 0, "sellingGeneralAndAdministrativeExpenses": 145233000, "otherExpenses": 0, "operatingExpenses": 156669000, "costAndExpenses": 1733895000, "interestIncome": 0, "interestExpense": 0, "depreciationAndAmortization": 180332000, "ebitda": 381834000, "ebitdaratio": 0.1999160197, "operatingIncome": 176077000, "operatingIncomeRatio": 0.0921882624, "totalOtherIncomeExpensesNet": -27394000, "incomeBeforeTax": 105288000, "incomeBeforeTaxRatio": 0.0551254155, "incomeTaxExpense": 26600000, "netIncome": 76719000, "netIncomeRatio": 0.0401676046, "eps": 0.64, "epsdiluted": 0.63, "weightedAverageShsOut": 119341000, "weightedAverageShsOutDil": 135067000, "link": "https://www.sec.gov/Archives/edgar/data/1047127/000089322000000375/0000893220-00-000375-index.html", "finalLink": "https://www.sec.gov/Archives/edgar/data/1047127/000089322000000375/", "calculatedOtherExpenses": 0, "calculatedOperatingExpenses": 156669000, "calculatedNetInterest": 0, "calculatedOtherIncome": -70789000, "calculatedIncomeNonControlling": 1969000, "calculatedEbitda": 356409000}, {"date": "1998-12-31", "symbol": "AMKR", "reportedCurrency": "USD", "cik": "0001047127", "fillingDate": "1999-03-31", "acceptedDate": "1999-03-31 00:00:00", "calendarYear": "1998", "period": "FY", "revenue": 1567983000, "costOfRevenue": 1307150000, "grossProfit": 260833000, "grossProfitRatio": 0.1663493801, "researchAndDevelopmentExpenses": 8251000, "generalAndAdministrativeExpenses": 119846000, "sellingAndMarketingExpenses": 0, "sellingGeneralAndAdministrativeExpenses": 119846000, "otherExpenses": 0, "operatingExpenses": 128097000, "costAndExpenses": 1435247000, "interestIncome": 0, "interestExpense": 0, "depreciationAndAmortization": 119239000, "ebitda": 265971000, "ebitdaratio": 0.1696262013, "operatingIncome": 132736000, "operatingIncomeRatio": 0.084653979, "totalOtherIncomeExpensesNet": -13996000, "incomeBeforeTax": 100735000, "incomeBeforeTaxRatio": 0.0642449567, "incomeTaxExpense": 24716000, "netIncome": 75460000, "netIncomeRatio": 0.0481255218, "eps": 0.71, "epsdiluted": 0.7, "weightedAverageShsOut": 106221000, "weightedAverageShsOutDil": 116596000, "link": "https://www.sec.gov/Archives/edgar/data/1047127/000089161899001295/0000891618-99-001295-index.html", "finalLink": "https://www.sec.gov/Archives/edgar/data/1047127/", "calculatedOtherExpenses": 0, "calculatedOperatingExpenses": 128097000, "calculatedNetInterest": 0, "calculatedOtherIncome": -32001000, "calculatedIncomeNonControlling": 559000, "calculatedEbitda": 251975000}, {"date": "1997-12-31", "symbol": "AMKR", "reportedCurrency": "USD", "cik": "0001047127", "fillingDate": "1997-12-31", "acceptedDate": "1997-12-30 19:00:00", "calendarYear": "1997", "period": "FY", "revenue": 1455761000, "costOfRevenue": 1242669000, "grossProfit": 213092000, "grossProfitRatio": 0.1463784234, "researchAndDevelopmentExpenses": 8525000, "generalAndAdministrativeExpenses": 103726000, "sellingAndMarketingExpenses": 0, "sellingGeneralAndAdministrativeExpenses": 103726000, "otherExpenses": 0, "operatingExpenses": 112251000, "costAndExpenses": 1354920000, "interestIncome": 0, "interestExpense": 0, "depreciationAndAmortization": 81864000, "ebitda": 190299000, "ebitdaratio": 0.1307213203, "operatingIncome": 100841000, "operatingIncomeRatio": 0.0692702992, "totalOtherIncomeExpensesNet": -24885000, "incomeBeforeTax": 61006000, "incomeBeforeTaxRatio": 0.0419066042, "incomeTaxExpense": 7078000, "netIncome": 43281000, "netIncomeRatio": 0.0297308418, "eps": 0.48, "epsdiluted": 0.48, "weightedAverageShsOut": 90208333, "weightedAverageShsOutDil": 90208333, "link": "", "finalLink": "", "calculatedOtherExpenses": 0, "calculatedOperatingExpenses": 112251000, "calculatedNetInterest": 0, "calculatedOtherIncome": -39835000, "calculatedIncomeNonControlling": 10647000, "calculatedEbitda": 182705000}]}