{"originalCurrency": "USD", "convertedCurrency": "USD", "report": [{"date": "2023-12-31", "symbol": "AMP", "reportedCurrency": "USD", "cik": "0000820027", "fillingDate": "2024-02-22", "acceptedDate": "2024-02-22 15:00:04", "calendarYear": "2023", "period": "FY", "revenue": 15535000000, "costOfRevenue": -561000000, "grossProfit": 16096000000, "grossProfitRatio": 1.0361120051, "researchAndDevelopmentExpenses": 0, "generalAndAdministrativeExpenses": 3871000000, "sellingAndMarketingExpenses": 5078000000, "sellingGeneralAndAdministrativeExpenses": 8949000000, "otherExpenses": -4987000000, "operatingExpenses": 8949000000, "costAndExpenses": 12301000000, "interestIncome": -561000000, "interestExpense": 324000000, "depreciationAndAmortization": -154000000, "ebitda": -154000000, "ebitdaratio": -0.0099130995, "operatingIncome": 7147000000, "operatingIncomeRatio": 0.4600579337, "totalOtherIncomeExpensesNet": 3234000000, "incomeBeforeTax": 3234000000, "incomeBeforeTaxRatio": 0.2081750885, "incomeTaxExpense": 678000000, "netIncome": 2556000000, "netIncomeRatio": 0.1645317026, "eps": 24.18, "epsdiluted": 23.71, "weightedAverageShsOut": 105700000, "weightedAverageShsOutDil": 107800000, "link": "https://www.sec.gov/Archives/edgar/data/820027/000082002724000015/0000820027-24-000015-index.htm", "finalLink": "https://www.sec.gov/Archives/edgar/data/820027/000082002724000015/amp-20231231.htm", "calculatedOtherExpenses": 0, "calculatedOperatingExpenses": 8949000000, "calculatedNetInterest": -885000000, "calculatedOtherIncome": -3028000000, "calculatedIncomeNonControlling": 0, "calculatedEbitda": 6993000000}, {"date": "2022-12-31", "symbol": "AMP", "reportedCurrency": "USD", "cik": "0000820027", "fillingDate": "2023-02-23", "acceptedDate": "2023-02-23 16:07:25", "calendarYear": "2022", "period": "FY", "revenue": 14271000000, "costOfRevenue": 6855000000, "grossProfit": 7416000000, "grossProfitRatio": 0.5196552449, "researchAndDevelopmentExpenses": 0, "generalAndAdministrativeExpenses": 3723000000, "sellingAndMarketingExpenses": 4923000000, "sellingGeneralAndAdministrativeExpenses": 8646000000, "otherExpenses": -4112000000, "operatingExpenses": 8646000000, "costAndExpenses": 11089000000, "interestIncome": -76000000, "interestExpense": 198000000, "depreciationAndAmortization": -40000000, "ebitda": 3340000000, "ebitdaratio": 0.2340410623, "operatingIncome": 3380000000, "operatingIncomeRatio": 0.2368439493, "totalOtherIncomeExpensesNet": -198000000, "incomeBeforeTax": 3182000000, "incomeBeforeTaxRatio": 0.2229696587, "incomeTaxExpense": 623000000, "netIncome": 3149000000, "netIncomeRatio": 0.220657277, "eps": 23.08, "epsdiluted": 23.08, "weightedAverageShsOut": 105278990, "weightedAverageShsOutDil": 105278990, "link": "https://www.sec.gov/Archives/edgar/data/820027/000082002723000014/0000820027-23-000014-index.htm", "finalLink": "https://www.sec.gov/Archives/edgar/data/820027/000082002723000014/amp-20221231.htm", "calculatedOtherExpenses": -4610000000, "calculatedOperatingExpenses": 4036000000, "calculatedNetInterest": -274000000, "calculatedOtherIncome": 76000000, "calculatedIncomeNonControlling": -590000000, "calculatedEbitda": 3340000000}, {"date": "2021-12-31", "symbol": "AMP", "reportedCurrency": "USD", "cik": "0000820027", "fillingDate": "2022-02-25", "acceptedDate": "2022-02-25 13:55:27", "calendarYear": "2021", "period": "FY", "revenue": 13489000000, "costOfRevenue": 5532000000, "grossProfit": 7957000000, "grossProfitRatio": 0.5898880569, "researchAndDevelopmentExpenses": 0, "generalAndAdministrativeExpenses": 3435000000, "sellingAndMarketingExpenses": 5015000000, "sellingGeneralAndAdministrativeExpenses": 8450000000, "otherExpenses": -18971000000, "operatingExpenses": -10521000000, "costAndExpenses": 10139000000, "interestIncome": -12000000, "interestExpense": 191000000, "depreciationAndAmortization": 98000000, "ebitda": 3066000000, "ebitdaratio": 0.2272963155, "operatingIncome": 2968000000, "operatingIncomeRatio": 0.2200311365, "totalOtherIncomeExpensesNet": 382000000, "incomeBeforeTax": 3350000000, "incomeBeforeTaxRatio": 0.2483505078, "incomeTaxExpense": 590000000, "netIncome": 3417000000, "netIncomeRatio": 0.253317518, "eps": 23.53, "epsdiluted": 23, "weightedAverageShsOut": 110861010, "weightedAverageShsOutDil": 110861010, "link": "https://www.sec.gov/Archives/edgar/data/820027/000082002722000016/0000820027-22-000016-index.htm", "finalLink": "https://www.sec.gov/Archives/edgar/data/820027/000082002722000016/amp-20211231.htm", "calculatedOtherExpenses": -3461000000, "calculatedOperatingExpenses": 4989000000, "calculatedNetInterest": -203000000, "calculatedOtherIncome": 585000000, "calculatedIncomeNonControlling": -657000000, "calculatedEbitda": 3066000000}, {"date": "2020-12-31", "symbol": "AMP", "reportedCurrency": "USD", "cik": "0000820027", "fillingDate": "2021-02-24", "acceptedDate": "2021-02-24 15:26:03", "calendarYear": "2020", "period": "FY", "revenue": 11899000000, "costOfRevenue": 6067000000, "grossProfit": 5832000000, "grossProfitRatio": 0.4901252206, "researchAndDevelopmentExpenses": 0, "generalAndAdministrativeExpenses": 3120000000, "sellingAndMarketingExpenses": 4059000000, "sellingGeneralAndAdministrativeExpenses": 7179000000, "otherExpenses": -17530000000, "operatingExpenses": -10351000000, "costAndExpenses": 10068000000, "interestIncome": -59000000, "interestExpense": 162000000, "depreciationAndAmortization": 207000000, "ebitda": 1755000000, "ebitdaratio": 0.1474913858, "operatingIncome": 1548000000, "operatingIncomeRatio": 0.130094966, "totalOtherIncomeExpensesNet": 283000000, "incomeBeforeTax": 1831000000, "incomeBeforeTaxRatio": 0.1538784772, "incomeTaxExpense": 297000000, "netIncome": 1534000000, "netIncomeRatio": 0.1289183965, "eps": 12.39, "epsdiluted": 12.2, "weightedAverageShsOut": 123800000, "weightedAverageShsOutDil": 125700000, "link": "https://www.sec.gov/Archives/edgar/data/820027/000082002721000012/0000820027-21-000012-index.htm", "finalLink": "https://www.sec.gov/Archives/edgar/data/820027/000082002721000012/amp-20201231.htm", "calculatedOtherExpenses": -2895000000, "calculatedOperatingExpenses": 4284000000, "calculatedNetInterest": -221000000, "calculatedOtherIncome": 504000000, "calculatedIncomeNonControlling": 0, "calculatedEbitda": 1755000000}, {"date": "2019-12-31", "symbol": "AMP", "reportedCurrency": "USD", "cik": "0000820027", "fillingDate": "2020-02-26", "acceptedDate": "2020-02-26 16:25:43", "calendarYear": "2019", "period": "FY", "revenue": 12754000000, "costOfRevenue": 6456000000, "grossProfit": 6298000000, "grossProfitRatio": 0.4938058648, "researchAndDevelopmentExpenses": 0, "generalAndAdministrativeExpenses": 3287000000, "sellingAndMarketingExpenses": 3810000000, "sellingGeneralAndAdministrativeExpenses": 7097000000, "otherExpenses": -18898000000, "operatingExpenses": -11801000000, "costAndExpenses": 10522000000, "interestIncome": -136000000, "interestExpense": 214000000, "depreciationAndAmortization": 183000000, "ebitda": 1136000000, "ebitdaratio": 0.0890700957, "operatingIncome": 953000000, "operatingIncomeRatio": 0.074721656, "totalOtherIncomeExpensesNet": 1279000000, "incomeBeforeTax": 2232000000, "incomeBeforeTaxRatio": 0.1750039203, "incomeTaxExpense": 339000000, "netIncome": 1893000000, "netIncomeRatio": 0.1484240238, "eps": 14.12, "epsdiluted": 13.92, "weightedAverageShsOut": 134100000, "weightedAverageShsOutDil": 136000000, "link": "https://www.sec.gov/Archives/edgar/data/820027/000082002720000010/0000820027-20-000010-index.htm", "finalLink": "https://www.sec.gov/Archives/edgar/data/820027/000082002720000010/amp12312019.htm", "calculatedOtherExpenses": -1752000000, "calculatedOperatingExpenses": 5345000000, "calculatedNetInterest": -350000000, "calculatedOtherIncome": 1629000000, "calculatedIncomeNonControlling": 0, "calculatedEbitda": 1136000000}, {"date": "2018-12-31", "symbol": "AMP", "reportedCurrency": "USD", "cik": "0000820027", "fillingDate": "2019-02-27", "acceptedDate": "2019-02-26 17:58:54", "calendarYear": "2018", "period": "FY", "revenue": 12835000000, "costOfRevenue": 6493000000, "grossProfit": 6342000000, "grossProfitRatio": 0.4941176471, "researchAndDevelopmentExpenses": 0, "generalAndAdministrativeExpenses": 3171000000, "sellingAndMarketingExpenses": 3637000000, "sellingGeneralAndAdministrativeExpenses": 6808000000, "otherExpenses": 3298000000, "operatingExpenses": 10106000000, "costAndExpenses": 10351000000, "interestIncome": -89000000, "interestExpense": 245000000, "depreciationAndAmortization": 198000000, "ebitda": 3016000000, "ebitdaratio": 0.2349824698, "operatingIncome": 2818000000, "operatingIncomeRatio": 0.2195559018, "totalOtherIncomeExpensesNet": 1249000000, "incomeBeforeTax": 2484000000, "incomeBeforeTaxRatio": 0.1935333074, "incomeTaxExpense": 386000000, "netIncome": 2098000000, "netIncomeRatio": 0.163459291, "eps": 14.41, "epsdiluted": 14.2, "weightedAverageShsOut": 145600000, "weightedAverageShsOutDil": 147700000, "link": "https://www.sec.gov/Archives/edgar/data/820027/000082002719000010/0000820027-19-000010-index.htm", "finalLink": "https://www.sec.gov/Archives/edgar/data/820027/000082002719000010/amp12312018.htm", "calculatedOtherExpenses": -3284000000, "calculatedOperatingExpenses": 3524000000, "calculatedNetInterest": -334000000, "calculatedOtherIncome": 0, "calculatedIncomeNonControlling": 0, "calculatedEbitda": 3016000000}, {"date": "2017-12-31", "symbol": "AMP", "reportedCurrency": "USD", "cik": "0000820027", "fillingDate": "2018-02-23", "acceptedDate": "2018-02-22 20:33:10", "calendarYear": "2017", "period": "FY", "revenue": 12027000000, "costOfRevenue": 6191000000, "grossProfit": 5836000000, "grossProfitRatio": 0.4852415399, "researchAndDevelopmentExpenses": 0, "generalAndAdministrativeExpenses": 3051000000, "sellingAndMarketingExpenses": 3399000000, "sellingGeneralAndAdministrativeExpenses": 6450000000, "otherExpenses": 3261000000, "operatingExpenses": 9711000000, "costAndExpenses": 9813000000, "interestIncome": -48000000, "interestExpense": 207000000, "depreciationAndAmortization": 234000000, "ebitda": 2703000000, "ebitdaratio": 0.2247443253, "operatingIncome": 2469000000, "operatingIncomeRatio": 0.2052881018, "totalOtherIncomeExpensesNet": 1010000000, "incomeBeforeTax": 2214000000, "incomeBeforeTaxRatio": 0.1840858069, "incomeTaxExpense": 734000000, "netIncome": 1480000000, "netIncomeRatio": 0.1230564563, "eps": 9.6, "epsdiluted": 9.44, "weightedAverageShsOut": 154100000, "weightedAverageShsOutDil": 156700000, "link": "https://www.sec.gov/Archives/edgar/data/820027/000082002718000008/0000820027-18-000008-index.htm", "finalLink": "https://www.sec.gov/Archives/edgar/data/820027/000082002718000008/amp12312017.htm", "calculatedOtherExpenses": -3083000000, "calculatedOperatingExpenses": 3367000000, "calculatedNetInterest": -255000000, "calculatedOtherIncome": 0, "calculatedIncomeNonControlling": 0, "calculatedEbitda": 2703000000}, {"date": "2016-12-31", "symbol": "AMP", "reportedCurrency": "USD", "cik": "0000820027", "fillingDate": "2017-02-23", "acceptedDate": "2017-02-23 16:57:59", "calendarYear": "2016", "period": "FY", "revenue": 11696000000, "costOfRevenue": 6191000000, "grossProfit": 5505000000, "grossProfitRatio": 0.4706737346, "researchAndDevelopmentExpenses": 0, "generalAndAdministrativeExpenses": 2977000000, "sellingAndMarketingExpenses": 3202000000, "sellingGeneralAndAdministrativeExpenses": 6179000000, "otherExpenses": 3789000000, "operatingExpenses": 9968000000, "costAndExpenses": 10104000000, "interestIncome": -39000000, "interestExpense": 241000000, "depreciationAndAmortization": 248000000, "ebitda": 2120000000, "ebitdaratio": 0.1812585499, "operatingIncome": 1314000000, "operatingIncomeRatio": 0.1123461012, "totalOtherIncomeExpensesNet": 1095000000, "incomeBeforeTax": 1592000000, "incomeBeforeTaxRatio": 0.1361149111, "incomeTaxExpense": 278000000, "netIncome": 1314000000, "netIncomeRatio": 0.1123461012, "eps": 7.9, "epsdiluted": 7.81, "weightedAverageShsOut": 166300000, "weightedAverageShsOutDil": 168200000, "link": "https://www.sec.gov/Archives/edgar/data/820027/000082002717000007/0000820027-17-000007-index.htm", "finalLink": "https://www.sec.gov/Archives/edgar/data/820027/000082002717000007/ameriprisefinancial12312016.htm", "calculatedOtherExpenses": -1988000000, "calculatedOperatingExpenses": 4191000000, "calculatedNetInterest": -280000000, "calculatedOtherIncome": 558000000, "calculatedIncomeNonControlling": 0, "calculatedEbitda": 1562000000}, {"date": "2015-12-31", "symbol": "AMP", "reportedCurrency": "USD", "cik": "0000820027", "fillingDate": "2016-02-25", "acceptedDate": "2016-02-25 15:01:36", "calendarYear": "2015", "period": "FY", "revenue": 12170000000, "costOfRevenue": 5891000000, "grossProfit": 6279000000, "grossProfitRatio": 0.5159408381, "researchAndDevelopmentExpenses": 0, "generalAndAdministrativeExpenses": 3082000000, "sellingAndMarketingExpenses": 3276000000, "sellingGeneralAndAdministrativeExpenses": 6358000000, "otherExpenses": 3283000000, "operatingExpenses": 9641000000, "costAndExpenses": 10028000000, "interestIncome": -30000000, "interestExpense": 387000000, "depreciationAndAmortization": 248000000, "ebitda": 2682000000, "ebitdaratio": 0.2203779786, "operatingIncome": 1687000000, "operatingIncomeRatio": 0.1386195563, "totalOtherIncomeExpensesNet": 1260000000, "incomeBeforeTax": 2142000000, "incomeBeforeTaxRatio": 0.1760065735, "incomeTaxExpense": 455000000, "netIncome": 1562000000, "netIncomeRatio": 0.1283483977, "eps": 8.6, "epsdiluted": 8.48, "weightedAverageShsOut": 181700000, "weightedAverageShsOutDil": 184200000, "link": "https://www.sec.gov/Archives/edgar/data/820027/000082002716000168/0000820027-16-000168-index.htm", "finalLink": "https://www.sec.gov/Archives/edgar/data/820027/000082002716000168/ameriprisefinancial12312015.htm", "calculatedOtherExpenses": -1766000000, "calculatedOperatingExpenses": 4592000000, "calculatedNetInterest": -417000000, "calculatedOtherIncome": 872000000, "calculatedIncomeNonControlling": 125000000, "calculatedEbitda": 1935000000}, {"date": "2014-12-31", "symbol": "AMP", "reportedCurrency": "USD", "cik": "0000820027", "fillingDate": "2015-02-24", "acceptedDate": "2015-02-24 17:31:20", "calendarYear": "2014", "period": "FY", "revenue": 12268000000, "costOfRevenue": 5585000000, "grossProfit": 6683000000, "grossProfitRatio": 0.5447505706, "researchAndDevelopmentExpenses": 0, "generalAndAdministrativeExpenses": 3095000000, "sellingAndMarketingExpenses": 3236000000, "sellingGeneralAndAdministrativeExpenses": 6331000000, "otherExpenses": 3062000000, "operatingExpenses": 9393000000, "costAndExpenses": 9721000000, "interestIncome": -28000000, "interestExpense": 328000000, "depreciationAndAmortization": 254000000, "ebitda": 2774000000, "ebitdaratio": 0.2261167264, "operatingIncome": 2002000000, "operatingIncomeRatio": 0.1631887838, "totalOtherIncomeExpensesNet": 1466000000, "incomeBeforeTax": 2547000000, "incomeBeforeTaxRatio": 0.2076133029, "incomeTaxExpense": 545000000, "netIncome": 1619000000, "netIncomeRatio": 0.1319693512, "eps": 8.45, "epsdiluted": 8.3, "weightedAverageShsOut": 191600000, "weightedAverageShsOutDil": 195000000, "link": "https://www.sec.gov/Archives/edgar/data/820027/000082002715000024/0000820027-15-000024-index.htm", "finalLink": "https://www.sec.gov/Archives/edgar/data/820027/000082002715000024/amp.htm", "calculatedOtherExpenses": -1650000000, "calculatedOperatingExpenses": 4681000000, "calculatedNetInterest": -356000000, "calculatedOtherIncome": 901000000, "calculatedIncomeNonControlling": 383000000, "calculatedEbitda": 2256000000}, {"date": "2013-12-31", "symbol": "AMP", "reportedCurrency": "USD", "cik": "0000820027", "fillingDate": "2014-02-27", "acceptedDate": "2014-02-27 12:19:15", "calendarYear": "2013", "period": "FY", "revenue": 11199000000, "costOfRevenue": 5086000000, "grossProfit": 6113000000, "grossProfitRatio": 0.5458523082, "researchAndDevelopmentExpenses": 0, "generalAndAdministrativeExpenses": 2945000000, "sellingAndMarketingExpenses": 3036000000, "sellingGeneralAndAdministrativeExpenses": 5981000000, "otherExpenses": 2967000000, "operatingExpenses": 8948000000, "costAndExpenses": 9229000000, "interestIncome": -31000000, "interestExpense": 281000000, "depreciationAndAmortization": 239000000, "ebitda": 2377000000, "ebitdaratio": 0.2122510938, "operatingIncome": 1478000000, "operatingIncomeRatio": 0.1319760693, "totalOtherIncomeExpensesNet": 1035000000, "incomeBeforeTax": 1970000000, "incomeBeforeTaxRatio": 0.1759085633, "incomeTaxExpense": 492000000, "netIncome": 1334000000, "netIncomeRatio": 0.1191177784, "eps": 6.56, "epsdiluted": 6.44, "weightedAverageShsOut": 203200000, "weightedAverageShsOutDil": 207100000, "link": "https://www.sec.gov/Archives/edgar/data/820027/000082002714000020/0000820027-14-000020-index.htm", "finalLink": "https://www.sec.gov/Archives/edgar/data/820027/000082002714000020/ameriprisefinancial12312013.htm", "calculatedOtherExpenses": -1346000000, "calculatedOperatingExpenses": 4635000000, "calculatedNetInterest": -312000000, "calculatedOtherIncome": 804000000, "calculatedIncomeNonControlling": 144000000, "calculatedEbitda": 1717000000}, {"date": "2012-12-31", "symbol": "AMP", "reportedCurrency": "USD", "cik": "0000820027", "fillingDate": "2013-02-27", "acceptedDate": "2013-02-26 17:35:15", "calendarYear": "2012", "period": "FY", "revenue": 10217000000, "costOfRevenue": 4776000000, "grossProfit": 5441000000, "grossProfitRatio": 0.5325437995, "researchAndDevelopmentExpenses": 0, "generalAndAdministrativeExpenses": 3042000000, "sellingAndMarketingExpenses": 2698000000, "sellingGeneralAndAdministrativeExpenses": 5740000000, "otherExpenses": 2963000000, "operatingExpenses": 8703000000, "costAndExpenses": 8979000000, "interestIncome": -42000000, "interestExpense": 276000000, "depreciationAndAmortization": 225000000, "ebitda": 1907000000, "ebitdaratio": 0.1866497015, "operatingIncome": 903000000, "operatingIncomeRatio": 0.0883821083, "totalOtherIncomeExpensesNet": 795000000, "incomeBeforeTax": 1238000000, "incomeBeforeTaxRatio": 0.121170598, "incomeTaxExpense": 335000000, "netIncome": 1029000000, "netIncomeRatio": 0.1007144954, "eps": 4.7, "epsdiluted": 4.62, "weightedAverageShsOut": 218700000, "weightedAverageShsOutDil": 222800000, "link": "https://www.sec.gov/Archives/edgar/data/820027/000104746913001718/0001047469-13-001718-index.htm", "finalLink": "https://www.sec.gov/Archives/edgar/data/820027/000104746913001718/a2212970z10-k.htm", "calculatedOtherExpenses": -1202000000, "calculatedOperatingExpenses": 4538000000, "calculatedNetInterest": -318000000, "calculatedOtherIncome": 653000000, "calculatedIncomeNonControlling": -126000000, "calculatedEbitda": 1128000000}, {"date": "2011-12-31", "symbol": "AMP", "reportedCurrency": "USD", "cik": "0000820027", "fillingDate": "2012-02-24", "acceptedDate": "2012-02-24 16:30:54", "calendarYear": "2011", "period": "FY", "revenue": 10239000000, "costOfRevenue": 0, "grossProfit": 10239000000, "grossProfitRatio": 1, "researchAndDevelopmentExpenses": 0, "generalAndAdministrativeExpenses": 2965000000, "sellingAndMarketingExpenses": 2497000000, "sellingGeneralAndAdministrativeExpenses": 5462000000, "otherExpenses": 2966000000, "operatingExpenses": 8428000000, "costAndExpenses": 8854000000, "interestIncome": 0, "interestExpense": 1217000000, "depreciationAndAmortization": 110000000, "ebitda": 1905000000, "ebitdaratio": 0.1860533255, "operatingIncome": 1030000000, "operatingIncomeRatio": 0.1005957613, "totalOtherIncomeExpensesNet": 863000000, "incomeBeforeTax": 1385000000, "incomeBeforeTaxRatio": 0.1352671159, "incomeTaxExpense": 355000000, "netIncome": 1076000000, "netIncomeRatio": 0.1050883875, "eps": 4.71, "epsdiluted": 4.61, "weightedAverageShsOut": 241400000, "weightedAverageShsOutDil": 246300000, "link": "https://www.sec.gov/Archives/edgar/data/820027/000104746912001474/0001047469-12-001474-index.htm", "finalLink": "https://www.sec.gov/Archives/edgar/data/820027/000104746912001474/a2207255z10-k.htm", "calculatedOtherExpenses": 3747000000, "calculatedOperatingExpenses": 9209000000, "calculatedNetInterest": -1217000000, "calculatedOtherIncome": 1572000000, "calculatedIncomeNonControlling": -46000000, "calculatedEbitda": 1140000000}, {"date": "2010-12-31", "symbol": "AMP", "reportedCurrency": "USD", "cik": "0000820027", "fillingDate": "2011-02-28", "acceptedDate": "2011-02-28 16:15:58", "calendarYear": "2010", "period": "FY", "revenue": 10046000000, "costOfRevenue": 0, "grossProfit": 10046000000, "grossProfitRatio": 1, "researchAndDevelopmentExpenses": 0, "generalAndAdministrativeExpenses": 2868000000, "sellingAndMarketingExpenses": 2431000000, "sellingGeneralAndAdministrativeExpenses": 5259000000, "otherExpenses": 2454000000, "operatingExpenses": 7753000000, "costAndExpenses": 8412000000, "interestIncome": 0, "interestExpense": 1269000000, "depreciationAndAmortization": 110000000, "ebitda": 1831000000, "ebitdaratio": 0.1822615967, "operatingIncome": 1721000000, "operatingIncomeRatio": 0.171311965, "totalOtherIncomeExpensesNet": 885000000, "incomeBeforeTax": 1634000000, "incomeBeforeTaxRatio": 0.1626518017, "incomeTaxExpense": 349000000, "netIncome": 1122000000, "netIncomeRatio": 0.1116862433, "eps": 4.36, "epsdiluted": 4.28, "weightedAverageShsOut": 257339450, "weightedAverageShsOutDil": 262149533, "link": "https://www.sec.gov/Archives/edgar/data/820027/000104746911001543/0001047469-11-001543-index.htm", "finalLink": "https://www.sec.gov/Archives/edgar/data/820027/000104746911001543/a2202014z10-k.htm", "calculatedOtherExpenses": 3066000000, "calculatedOperatingExpenses": 8325000000, "calculatedNetInterest": -1269000000, "calculatedOtherIncome": 1182000000, "calculatedIncomeNonControlling": 163000000, "calculatedEbitda": 1831000000}, {"date": "2009-12-31", "symbol": "AMP", "reportedCurrency": "USD", "cik": "0000820027", "fillingDate": "2010-02-24", "acceptedDate": "2010-02-23 18:47:59", "calendarYear": "2009", "period": "FY", "revenue": 7946000000, "costOfRevenue": 141000000, "grossProfit": 7805000000, "grossProfitRatio": 0.9822552228, "researchAndDevelopmentExpenses": 0, "generalAndAdministrativeExpenses": 2514000000, "sellingAndMarketingExpenses": 1782000000, "sellingGeneralAndAdministrativeExpenses": 4296000000, "otherExpenses": 2054000000, "operatingExpenses": 6350000000, "costAndExpenses": 7026000000, "interestIncome": 0, "interestExpense": 1171000000, "depreciationAndAmortization": 120000000, "ebitda": 2055000000, "ebitdaratio": 0.2586206897, "operatingIncome": 1935000000, "operatingIncomeRatio": 0.2435187516, "totalOtherIncomeExpensesNet": 722000000, "incomeBeforeTax": 920000000, "incomeBeforeTaxRatio": 0.1157815253, "incomeTaxExpense": 183000000, "netIncome": 722000000, "netIncomeRatio": 0.0908633275, "eps": 2.98, "epsdiluted": 2.95, "weightedAverageShsOut": 242200000, "weightedAverageShsOutDil": 244400000, "link": "https://www.sec.gov/Archives/edgar/data/820027/000104746910001174/0001047469-10-001174-index.htm", "finalLink": "https://www.sec.gov/Archives/edgar/data/820027/000104746910001174/a2196525z10-k.htm", "calculatedOtherExpenses": 1574000000, "calculatedOperatingExpenses": 5870000000, "calculatedNetInterest": -1171000000, "calculatedOtherIncome": 156000000, "calculatedIncomeNonControlling": 15000000, "calculatedEbitda": 2055000000}, {"date": "2008-12-31", "symbol": "AMP", "reportedCurrency": "USD", "cik": "0000820027", "fillingDate": "2009-03-02", "acceptedDate": "2009-03-02 16:27:16", "calendarYear": "2008", "period": "FY", "revenue": 1919000000, "costOfRevenue": 0, "grossProfit": 1919000000, "grossProfitRatio": 1, "researchAndDevelopmentExpenses": 0, "generalAndAdministrativeExpenses": 2436000000, "sellingAndMarketingExpenses": 1948000000, "sellingGeneralAndAdministrativeExpenses": 2436000000, "otherExpenses": 2848000000, "operatingExpenses": 7232000000, "costAndExpenses": 2290000000, "interestIncome": 0, "interestExpense": 288000000, "depreciationAndAmortization": 933000000, "ebitda": 121000000, "ebitdaratio": 0.0630536738, "operatingIncome": -812000000, "operatingIncomeRatio": -0.4231370505, "totalOtherIncomeExpensesNet": 828000000, "incomeBeforeTax": -371000000, "incomeBeforeTaxRatio": -0.1933298593, "incomeTaxExpense": -333000000, "netIncome": -38000000, "netIncomeRatio": -0.0198019802, "eps": -0.17, "epsdiluted": -0.17, "weightedAverageShsOut": 223600000, "weightedAverageShsOutDil": 226400000, "link": "https://www.sec.gov/Archives/edgar/data/820027/000104746909002121/0001047469-09-002121-index.htm", "finalLink": "https://www.sec.gov/Archives/edgar/data/820027/000104746909002121/a2190881z10-k.htm", "calculatedOtherExpenses": 295000000, "calculatedOperatingExpenses": 2731000000, "calculatedNetInterest": -288000000, "calculatedOtherIncome": 729000000, "calculatedIncomeNonControlling": 0, "calculatedEbitda": 121000000}, {"date": "2007-12-31", "symbol": "AMP", "reportedCurrency": "USD", "cik": "0000820027", "fillingDate": "2008-02-29", "acceptedDate": "2008-02-29 14:19:44", "calendarYear": "2007", "period": "FY", "revenue": 8654000000, "costOfRevenue": 0, "grossProfit": 8654000000, "grossProfitRatio": 1, "researchAndDevelopmentExpenses": 0, "generalAndAdministrativeExpenses": 2558000000, "sellingAndMarketingExpenses": 0, "sellingGeneralAndAdministrativeExpenses": 2558000000, "otherExpenses": 4592000000, "operatingExpenses": 7150000000, "costAndExpenses": 7638000000, "interestIncome": 0, "interestExpense": 112000000, "depreciationAndAmortization": 780000000, "ebitda": 1908000000, "ebitdaratio": 0.2204760804, "operatingIncome": 1128000000, "operatingIncomeRatio": 0.1303443494, "totalOtherIncomeExpensesNet": 7591000000, "incomeBeforeTax": 1016000000, "incomeBeforeTaxRatio": 0.1174023573, "incomeTaxExpense": 202000000, "netIncome": 814000000, "netIncomeRatio": 0.09406055, "eps": 3.45, "epsdiluted": 3.39, "weightedAverageShsOut": 236200000, "weightedAverageShsOutDil": 239900000, "link": "https://www.sec.gov/Archives/edgar/data/820027/000104746908002027/0001047469-08-002027-index.htm", "finalLink": "https://www.sec.gov/Archives/edgar/data/820027/000104746908002027/a2182855z10-k.htm", "calculatedOtherExpenses": 4968000000, "calculatedOperatingExpenses": 7526000000, "calculatedNetInterest": -112000000, "calculatedOtherIncome": 0, "calculatedIncomeNonControlling": 0, "calculatedEbitda": 1908000000}, {"date": "2006-12-31", "symbol": "AMP", "reportedCurrency": "USD", "cik": "0000820027", "fillingDate": "2007-02-27", "acceptedDate": "2007-02-27 13:11:51", "calendarYear": "2006", "period": "FY", "revenue": 8140000000, "costOfRevenue": 467000000, "grossProfit": 7673000000, "grossProfitRatio": 0.9426289926, "researchAndDevelopmentExpenses": 0, "generalAndAdministrativeExpenses": 3113000000, "sellingAndMarketingExpenses": 0, "sellingGeneralAndAdministrativeExpenses": 3113000000, "otherExpenses": 3654000000, "operatingExpenses": 6767000000, "costAndExpenses": 7343000000, "interestIncome": 0, "interestExpense": 116000000, "depreciationAndAmortization": 686000000, "ebitda": 1599000000, "ebitdaratio": 0.1964373464, "operatingIncome": 913000000, "operatingIncomeRatio": 0.1121621622, "totalOtherIncomeExpensesNet": 7208000000, "incomeBeforeTax": 797000000, "incomeBeforeTaxRatio": 0.0979115479, "incomeTaxExpense": 166000000, "netIncome": 631000000, "netIncomeRatio": 0.0775184275, "eps": 2.56, "epsdiluted": 2.54, "weightedAverageShsOut": 246500000, "weightedAverageShsOutDil": 248500000, "link": "https://www.sec.gov/Archives/edgar/data/820027/000110465907014265/0001104659-07-014265-index.htm", "finalLink": "https://www.sec.gov/Archives/edgar/data/820027/000110465907014265/a07-1851_310k.htm", "calculatedOtherExpenses": 3647000000, "calculatedOperatingExpenses": 6760000000, "calculatedNetInterest": -116000000, "calculatedOtherIncome": 0, "calculatedIncomeNonControlling": 0, "calculatedEbitda": 1599000000}, {"date": "2005-12-31", "symbol": "AMP", "reportedCurrency": "USD", "cik": "0000820027", "fillingDate": "2006-03-08", "acceptedDate": "2006-03-08 17:21:31", "calendarYear": "2005", "period": "FY", "revenue": 7484000000, "costOfRevenue": 0, "grossProfit": 7484000000, "grossProfitRatio": 1, "researchAndDevelopmentExpenses": 0, "generalAndAdministrativeExpenses": 2650000000, "sellingAndMarketingExpenses": 0, "sellingGeneralAndAdministrativeExpenses": 2650000000, "otherExpenses": 3641000000, "operatingExpenses": 6291000000, "costAndExpenses": 6739000000, "interestIncome": 0, "interestExpense": 73000000, "depreciationAndAmortization": 295000000, "ebitda": 1129000000, "ebitdaratio": 0.1508551577, "operatingIncome": 834000000, "operatingIncomeRatio": 0.1114377338, "totalOtherIncomeExpensesNet": 6505000000, "incomeBeforeTax": 745000000, "incomeBeforeTaxRatio": 0.0995456975, "incomeTaxExpense": 187000000, "netIncome": 574000000, "netIncomeRatio": 0.0766969535, "eps": 2.32, "epsdiluted": 2.32, "weightedAverageShsOut": 247100000, "weightedAverageShsOutDil": 247200000, "link": "https://www.sec.gov/Archives/edgar/data/820027/000110465906015078/0001104659-06-015078-index.htm", "finalLink": "https://www.sec.gov/Archives/edgar/data/820027/000110465906015078/a06-5951_110k.htm", "calculatedOtherExpenses": 4000000000, "calculatedOperatingExpenses": 6650000000, "calculatedNetInterest": -73000000, "calculatedOtherIncome": -16000000, "calculatedIncomeNonControlling": -16000000, "calculatedEbitda": 1129000000}, {"date": "2004-12-31", "symbol": "AMP", "reportedCurrency": "USD", "cik": "0000820027", "fillingDate": "2004-12-31", "acceptedDate": "2004-12-30 19:00:00", "calendarYear": "2004", "period": "FY", "revenue": 7245000000, "costOfRevenue": 0, "grossProfit": 7245000000, "grossProfitRatio": 1, "researchAndDevelopmentExpenses": 0, "generalAndAdministrativeExpenses": 2288000000, "sellingAndMarketingExpenses": 0, "sellingGeneralAndAdministrativeExpenses": 2288000000, "otherExpenses": -8379000000, "operatingExpenses": -6091000000, "costAndExpenses": 6072000000, "interestIncome": 0, "interestExpense": 52000000, "depreciationAndAmortization": 0, "ebitda": 1154000000, "ebitdaratio": 0.1592822636, "operatingIncome": 1154000000, "operatingIncomeRatio": 0.1592822636, "totalOtherIncomeExpensesNet": 6222000000, "incomeBeforeTax": 1173000000, "incomeBeforeTaxRatio": 0.1619047619, "incomeTaxExpense": 308000000, "netIncome": 794000000, "netIncomeRatio": 0.1095928226, "eps": 3.22, "epsdiluted": 3.22, "weightedAverageShsOut": 246583851, "weightedAverageShsOutDil": 246583851, "link": "", "finalLink": "", "calculatedOtherExpenses": 3803000000, "calculatedOperatingExpenses": 6091000000, "calculatedNetInterest": -52000000, "calculatedOtherIncome": 71000000, "calculatedIncomeNonControlling": 71000000, "calculatedEbitda": 1154000000}, {"date": "2003-12-31", "symbol": "AMP", "reportedCurrency": "USD", "cik": "0000820027", "fillingDate": "2003-12-31", "acceptedDate": "2003-12-30 19:00:00", "calendarYear": "2003", "period": "FY", "revenue": 6042000000, "costOfRevenue": 0, "grossProfit": 6042000000, "grossProfitRatio": 1, "researchAndDevelopmentExpenses": 0, "generalAndAdministrativeExpenses": 0, "sellingAndMarketingExpenses": 0, "sellingGeneralAndAdministrativeExpenses": 0, "otherExpenses": -5317000000, "operatingExpenses": -5317000000, "costAndExpenses": -5317000000, "interestIncome": 0, "interestExpense": 0, "depreciationAndAmortization": 0, "ebitda": 725000000, "ebitdaratio": 0.1199933797, "operatingIncome": 725000000, "operatingIncomeRatio": 0.1199933797, "totalOtherIncomeExpensesNet": 0, "incomeBeforeTax": 0, "incomeBeforeTaxRatio": 0, "incomeTaxExpense": -725000000, "netIncome": 725000000, "netIncomeRatio": 0.1199933797, "eps": 2.95, "epsdiluted": 2.95, "weightedAverageShsOut": 245762712, "weightedAverageShsOutDil": 245762712, "link": "", "finalLink": "", "calculatedOtherExpenses": 5317000000, "calculatedOperatingExpenses": 5317000000, "calculatedNetInterest": 0, "calculatedOtherIncome": -725000000, "calculatedIncomeNonControlling": 0, "calculatedEbitda": 725000000}, {"date": "2002-12-31", "symbol": "AMP", "reportedCurrency": "USD", "cik": "0000820027", "fillingDate": "2002-12-31", "acceptedDate": "2002-12-30 19:00:00", "calendarYear": "2002", "period": "FY", "revenue": 5575000000, "costOfRevenue": 0, "grossProfit": 5575000000, "grossProfitRatio": 1, "researchAndDevelopmentExpenses": 0, "generalAndAdministrativeExpenses": 0, "sellingAndMarketingExpenses": 0, "sellingGeneralAndAdministrativeExpenses": 0, "otherExpenses": -4901000000, "operatingExpenses": -4901000000, "costAndExpenses": -4901000000, "interestIncome": 0, "interestExpense": 0, "depreciationAndAmortization": 0, "ebitda": 674000000, "ebitdaratio": 0.120896861, "operatingIncome": 674000000, "operatingIncomeRatio": 0.120896861, "totalOtherIncomeExpensesNet": 0, "incomeBeforeTax": 0, "incomeBeforeTaxRatio": 0, "incomeTaxExpense": -674000000, "netIncome": 674000000, "netIncomeRatio": 0.120896861, "eps": 2.74, "epsdiluted": 2.74, "weightedAverageShsOut": 246200000, "weightedAverageShsOutDil": 246200000, "link": "", "finalLink": "", "calculatedOtherExpenses": 4901000000, "calculatedOperatingExpenses": 4901000000, "calculatedNetInterest": 0, "calculatedOtherIncome": -674000000, "calculatedIncomeNonControlling": 0, "calculatedEbitda": 674000000}, {"date": "2001-12-31", "symbol": "AMP", "reportedCurrency": "USD", "cik": "0000820027", "fillingDate": "2001-12-31", "acceptedDate": "2001-12-30 19:00:00", "calendarYear": "2001", "period": "FY", "revenue": 4744000000, "costOfRevenue": 0, "grossProfit": 4744000000, "grossProfitRatio": 1, "researchAndDevelopmentExpenses": 0, "generalAndAdministrativeExpenses": 0, "sellingAndMarketingExpenses": 0, "sellingGeneralAndAdministrativeExpenses": 0, "otherExpenses": -4657000000, "operatingExpenses": -4657000000, "costAndExpenses": -4657000000, "interestIncome": 0, "interestExpense": 0, "depreciationAndAmortization": 0, "ebitda": 87000000, "ebitdaratio": 0.0183389545, "operatingIncome": 87000000, "operatingIncomeRatio": 0.0183389545, "totalOtherIncomeExpensesNet": 0, "incomeBeforeTax": 0, "incomeBeforeTaxRatio": 0, "incomeTaxExpense": -87000000, "netIncome": 87000000, "netIncomeRatio": 0.0183389545, "eps": 0.35, "epsdiluted": 0.35, "weightedAverageShsOut": 246200000, "weightedAverageShsOutDil": 246200000, "link": "", "finalLink": "", "calculatedOtherExpenses": 4657000000, "calculatedOperatingExpenses": 4657000000, "calculatedNetInterest": 0, "calculatedOtherIncome": -87000000, "calculatedIncomeNonControlling": 0, "calculatedEbitda": 87000000}, {"date": "2000-12-31", "symbol": "AMP", "reportedCurrency": "USD", "cik": "0000820027", "fillingDate": "2000-12-31", "acceptedDate": "2000-12-30 19:00:00", "calendarYear": "2000", "period": "FY", "revenue": 6261000000, "costOfRevenue": 0, "grossProfit": 6261000000, "grossProfitRatio": 1, "researchAndDevelopmentExpenses": 0, "generalAndAdministrativeExpenses": 0, "sellingAndMarketingExpenses": 0, "sellingGeneralAndAdministrativeExpenses": 0, "otherExpenses": -5236000000, "operatingExpenses": -5236000000, "costAndExpenses": -5236000000, "interestIncome": 0, "interestExpense": 0, "depreciationAndAmortization": 0, "ebitda": 1025000000, "ebitdaratio": 0.1637118671, "operatingIncome": 1025000000, "operatingIncomeRatio": 0.1637118671, "totalOtherIncomeExpensesNet": 0, "incomeBeforeTax": 0, "incomeBeforeTaxRatio": 0, "incomeTaxExpense": -1025000000, "netIncome": 1025000000, "netIncomeRatio": 0.1637118671, "eps": 4.16, "epsdiluted": 4.16, "weightedAverageShsOut": 246200000, "weightedAverageShsOutDil": 246200000, "link": "", "finalLink": "", "calculatedOtherExpenses": 5236000000, "calculatedOperatingExpenses": 5236000000, "calculatedNetInterest": 0, "calculatedOtherIncome": -1025000000, "calculatedIncomeNonControlling": 0, "calculatedEbitda": 1025000000}]}