{"originalCurrency": "USD", "convertedCurrency": "USD", "report": [{"date": "2023-12-31", "symbol": "AMR", "reportedCurrency": "USD", "cik": "0001704715", "fillingDate": "2024-02-26", "acceptedDate": "2024-02-26 07:37:30", "calendarYear": "2023", "period": "FY", "revenue": 3471417000, "costOfRevenue": 2527030000, "grossProfit": 944387000, "grossProfitRatio": 0.2720465447, "researchAndDevelopmentExpenses": 0, "generalAndAdministrativeExpenses": 0, "sellingAndMarketingExpenses": 0, "sellingGeneralAndAdministrativeExpenses": 82390000, "otherExpenses": 1088000, "operatingExpenses": 81302000, "costAndExpenses": 2608332000, "interestIncome": 11933000, "interestExpense": 6923000, "depreciationAndAmortization": 170892000, "ebitda": 1033977000, "ebitdaratio": 0.2978544496, "operatingIncome": 863085000, "operatingIncomeRatio": 0.2486261374, "totalOtherIncomeExpensesNet": -17626000, "incomeBeforeTax": 845459000, "incomeBeforeTaxRatio": 0.2435486719, "incomeTaxExpense": 123503000, "netIncome": 721956000, "netIncomeRatio": 0.2079715574, "eps": 51.18, "epsdiluted": 49.3, "weightedAverageShsOut": 14106466, "weightedAverageShsOutDil": 14642856, "link": "https://www.sec.gov/Archives/edgar/data/1704715/000170471524000028/0001704715-24-000028-index.htm", "finalLink": "https://www.sec.gov/Archives/edgar/data/1704715/000170471524000028/amr-20231231.htm", "calculatedOtherExpenses": -1088000, "calculatedOperatingExpenses": 81302000, "calculatedNetInterest": 5010000, "calculatedOtherIncome": -22636000, "calculatedIncomeNonControlling": 0, "calculatedEbitda": 1033977000}, {"date": "2022-12-31", "symbol": "AMR", "reportedCurrency": "USD", "cik": "0001704715", "fillingDate": "2023-02-23", "acceptedDate": "2023-02-23 07:36:41", "calendarYear": "2022", "period": "FY", "revenue": 4101592000, "costOfRevenue": 2413087000, "grossProfit": 1688505000, "grossProfitRatio": 0.4116706391, "researchAndDevelopmentExpenses": 0, "generalAndAdministrativeExpenses": 0, "sellingAndMarketingExpenses": 0, "sellingGeneralAndAdministrativeExpenses": 71618000, "otherExpenses": 27128000, "operatingExpenses": 98746000, "costAndExpenses": 2511833000, "interestIncome": 3187000, "interestExpense": 21802000, "depreciationAndAmortization": 131671000, "ebitda": 1712550000, "ebitdaratio": 0.4175329969, "operatingIncome": 1580879000, "operatingIncomeRatio": 0.385430584, "totalOtherIncomeExpensesNet": -26129000, "incomeBeforeTax": 1554750000, "incomeBeforeTaxRatio": 0.3790601308, "incomeTaxExpense": 106205000, "netIncome": 1448545000, "netIncomeRatio": 0.3531665266, "eps": 82.82, "epsdiluted": 79.49, "weightedAverageShsOut": 17490886, "weightedAverageShsOutDil": 18222397, "link": "https://www.sec.gov/Archives/edgar/data/1704715/000170471523000010/0001704715-23-000010-index.htm", "finalLink": "https://www.sec.gov/Archives/edgar/data/1704715/000170471523000010/amr-20221231.htm", "calculatedOtherExpenses": 36008000, "calculatedOperatingExpenses": 107626000, "calculatedNetInterest": -18615000, "calculatedOtherIncome": -7514000, "calculatedIncomeNonControlling": 0, "calculatedEbitda": 1712550000}, {"date": "2021-12-31", "symbol": "AMR", "reportedCurrency": "USD", "cik": "0001704715", "fillingDate": "2022-03-07", "acceptedDate": "2022-03-07 07:40:13", "calendarYear": "2021", "period": "FY", "revenue": 2258586000, "costOfRevenue": 1803033000, "grossProfit": 455553000, "grossProfitRatio": 0.2016983192, "researchAndDevelopmentExpenses": 0, "generalAndAdministrativeExpenses": 0, "sellingAndMarketingExpenses": 0, "sellingGeneralAndAdministrativeExpenses": 63901000, "otherExpenses": 15548000, "operatingExpenses": 79449000, "costAndExpenses": 1882482000, "interestIncome": 334000, "interestExpense": 69654000, "depreciationAndAmortization": 145307000, "ebitda": 502447000, "ebitdaratio": 0.2224608671, "operatingIncome": 357140000, "operatingIncomeRatio": 0.158125482, "totalOtherIncomeExpensesNet": -66602000, "incomeBeforeTax": 290538000, "incomeBeforeTaxRatio": 0.1286371207, "incomeTaxExpense": 3609000, "netIncome": 288790000, "netIncomeRatio": 0.1278631852, "eps": 15.66, "epsdiluted": 15.3, "weightedAverageShsOut": 18441175, "weightedAverageShsOutDil": 18871682, "link": "https://www.sec.gov/Archives/edgar/data/1704715/000170471522000012/0001704715-22-000012-index.htm", "finalLink": "https://www.sec.gov/Archives/edgar/data/1704715/000170471522000012/amr-20211231.htm", "calculatedOtherExpenses": 34512000, "calculatedOperatingExpenses": 98413000, "calculatedNetInterest": -69320000, "calculatedOtherIncome": 2718000, "calculatedIncomeNonControlling": -1861000, "calculatedEbitda": 502447000}, {"date": "2020-12-31", "symbol": "AMR", "reportedCurrency": "USD", "cik": "0001704715", "fillingDate": "2021-03-15", "acceptedDate": "2021-03-15 07:42:24", "calendarYear": "2020", "period": "FY", "revenue": 1416187000, "costOfRevenue": 1430110000, "grossProfit": -13923000, "grossProfitRatio": -0.0098313288, "researchAndDevelopmentExpenses": 0, "generalAndAdministrativeExpenses": 0, "sellingAndMarketingExpenses": 0, "sellingGeneralAndAdministrativeExpenses": 57356000, "otherExpenses": 24281000, "operatingExpenses": 81637000, "costAndExpenses": 1511747000, "interestIncome": 7027000, "interestExpense": 74528000, "depreciationAndAmortization": 161530000, "ebitda": 67552000, "ebitdaratio": 0.0476999153, "operatingIncome": -93978000, "operatingIncomeRatio": -0.0663598804, "totalOtherIncomeExpensesNet": -149656000, "incomeBeforeTax": -243634000, "incomeBeforeTaxRatio": -0.1720351903, "incomeTaxExpense": -2164000, "netIncome": -241470000, "netIncomeRatio": -0.1705071435, "eps": -13.2, "epsdiluted": -13.2, "weightedAverageShsOut": 18298362, "weightedAverageShsOutDil": 18298362, "link": "https://www.sec.gov/Archives/edgar/data/1704715/000170471521000026/0001704715-21-000026-index.htm", "finalLink": "https://www.sec.gov/Archives/edgar/data/1704715/000170471521000026/amr-20201231.htm", "calculatedOtherExpenses": 22699000, "calculatedOperatingExpenses": 80055000, "calculatedNetInterest": -67501000, "calculatedOtherIncome": -82155000, "calculatedIncomeNonControlling": 0, "calculatedEbitda": 67552000}, {"date": "2019-12-31", "symbol": "AMR", "reportedCurrency": "USD", "cik": "0001704715", "fillingDate": "2020-03-18", "acceptedDate": "2020-03-18 07:50:42", "calendarYear": "2019", "period": "FY", "revenue": 2290260000, "costOfRevenue": 2153413000, "grossProfit": 136847000, "grossProfitRatio": 0.0597517312, "researchAndDevelopmentExpenses": 0, "generalAndAdministrativeExpenses": 0, "sellingAndMarketingExpenses": 0, "sellingGeneralAndAdministrativeExpenses": 78953000, "otherExpenses": 27223000, "operatingExpenses": 106176000, "costAndExpenses": 2259589000, "interestIncome": 7296000, "interestExpense": 66798000, "depreciationAndAmortization": 315074000, "ebitda": 335835000, "ebitdaratio": 0.1466361898, "operatingIncome": 20761000, "operatingIncomeRatio": 0.0090649097, "totalOtherIncomeExpensesNet": -281460000, "incomeBeforeTax": -260699000, "incomeBeforeTaxRatio": -0.1138294342, "incomeTaxExpense": -57557000, "netIncome": -203142000, "netIncomeRatio": -0.0886982264, "eps": -10.8, "epsdiluted": -10.8, "weightedAverageShsOut": 18808460, "weightedAverageShsOutDil": 18808460, "link": "https://www.sec.gov/Archives/edgar/data/1704715/000170471520000010/0001704715-20-000010-index.htm", "finalLink": "https://www.sec.gov/Archives/edgar/data/1704715/000170471520000010/contura1231201910-k.htm", "calculatedOtherExpenses": 37133000, "calculatedOperatingExpenses": 116086000, "calculatedNetInterest": -59502000, "calculatedOtherIncome": -221958000, "calculatedIncomeNonControlling": 0, "calculatedEbitda": 335835000}, {"date": "2018-12-31", "symbol": "AMR", "reportedCurrency": "USD", "cik": "0001704715", "fillingDate": "2019-04-01", "acceptedDate": "2019-04-01 06:41:17", "calendarYear": "2018", "period": "FY", "revenue": 2031205000, "costOfRevenue": 1733275000, "grossProfit": 297930000, "grossProfitRatio": 0.1466764802, "researchAndDevelopmentExpenses": 0, "generalAndAdministrativeExpenses": 59271000, "sellingAndMarketingExpenses": 0, "sellingGeneralAndAdministrativeExpenses": 59271000, "otherExpenses": -1254000, "operatingExpenses": 52926000, "costAndExpenses": 1786201000, "interestIncome": 1949000, "interestExpense": 38810000, "depreciationAndAmortization": 72157000, "ebitda": 311744000, "ebitdaratio": 0.1534773693, "operatingIncome": 193760000, "operatingIncomeRatio": 0.0953916518, "totalOtherIncomeExpensesNet": -70652000, "incomeBeforeTax": 137491000, "incomeBeforeTaxRatio": 0.0676893765, "incomeTaxExpense": -165363000, "netIncome": 299165000, "netIncomeRatio": 0.1472844937, "eps": 25.55, "epsdiluted": 25.54, "weightedAverageShsOut": 11711291, "weightedAverageShsOutDil": 11712653, "link": "https://www.sec.gov/Archives/edgar/data/1704715/000170471519000013/0001704715-19-000013-index.htm", "finalLink": "https://www.sec.gov/Archives/edgar/data/1704715/000170471519000013/contura12312018financials.htm", "calculatedOtherExpenses": 44899000, "calculatedOperatingExpenses": 104170000, "calculatedNetInterest": -36861000, "calculatedOtherIncome": -19408000, "calculatedIncomeNonControlling": 3689000, "calculatedEbitda": 265917000}, {"date": "2017-12-31", "symbol": "AMR", "reportedCurrency": "USD", "cik": "0001704715", "fillingDate": "2017-12-31", "acceptedDate": "2017-12-31 00:00:00", "calendarYear": "2017", "period": "FY", "revenue": 1649969000, "costOfRevenue": 1431979000, "grossProfit": 217990000, "grossProfitRatio": 0.1321176337, "researchAndDevelopmentExpenses": 0, "generalAndAdministrativeExpenses": 71950000, "sellingAndMarketingExpenses": -4491000, "sellingGeneralAndAdministrativeExpenses": 67459000, "otherExpenses": 1025000, "operatingExpenses": 67637000, "costAndExpenses": 1499616000, "interestIncome": 210000, "interestExpense": 35977000, "depreciationAndAmortization": 124007000, "ebitda": 272256000, "ebitdaratio": 0.1650067365, "operatingIncome": 181527000, "operatingIncomeRatio": 0.1100184306, "totalOtherIncomeExpensesNet": -8830000, "incomeBeforeTax": 105756000, "incomeBeforeTaxRatio": 0.0640957497, "incomeTaxExpense": -67979000, "netIncome": 154522000, "netIncomeRatio": 0.0936514565, "eps": 15.12, "epsdiluted": 14.35, "weightedAverageShsOut": 10216464, "weightedAverageShsOutDil": 10770005, "link": null, "finalLink": null, "calculatedOtherExpenses": -30996000, "calculatedOperatingExpenses": 36463000, "calculatedNetInterest": -35767000, "calculatedOtherIncome": -40004000, "calculatedIncomeNonControlling": 19213000, "calculatedEbitda": 305534000}, {"date": "2015-12-31", "symbol": "AMR", "reportedCurrency": "USD", "cik": "0001704715", "fillingDate": "2015-12-31", "acceptedDate": "2015-12-31 00:00:00", "calendarYear": "2015", "period": "FY", "revenue": 926021000, "costOfRevenue": 979469000, "grossProfit": -53448000, "grossProfitRatio": -0.0577179135, "researchAndDevelopmentExpenses": 0, "generalAndAdministrativeExpenses": 44158000, "sellingAndMarketingExpenses": 0, "sellingGeneralAndAdministrativeExpenses": 44158000, "otherExpenses": -85000, "operatingExpenses": 44059000, "costAndExpenses": 1023528000, "interestIncome": 4000, "interestExpense": 28000, "depreciationAndAmortization": 204338000, "ebitda": 99038000, "ebitdaratio": 0.1069500584, "operatingIncome": -394932000, "operatingIncomeRatio": -0.4264827687, "totalOtherIncomeExpensesNet": -315307000, "incomeBeforeTax": -412838000, "incomeBeforeTaxRatio": -0.4458192633, "incomeTaxExpense": -155052000, "netIncome": -417560000, "netIncomeRatio": -0.4509184997, "eps": -40.54, "epsdiluted": -40.54, "weightedAverageShsOut": 10300000, "weightedAverageShsOutDil": 10300000, "link": null, "finalLink": null, "calculatedOtherExpenses": 297326000, "calculatedOperatingExpenses": 341484000, "calculatedNetInterest": -24000, "calculatedOtherIncome": -17882000, "calculatedIncomeNonControlling": 159774000, "calculatedEbitda": -190594000}, {"date": "2014-12-31", "symbol": "AMR", "reportedCurrency": "USD", "cik": "0001704715", "fillingDate": "2014-12-31", "acceptedDate": "2014-12-31 00:00:00", "calendarYear": "2014", "period": "FY", "revenue": 1587025000, "costOfRevenue": 1300721000, "grossProfit": 286304000, "grossProfitRatio": 0.1804029552, "researchAndDevelopmentExpenses": 0, "generalAndAdministrativeExpenses": 0, "sellingAndMarketingExpenses": 0, "sellingGeneralAndAdministrativeExpenses": 253918000, "otherExpenses": 0, "operatingExpenses": 253918000, "costAndExpenses": 1554639000, "interestIncome": 0, "interestExpense": 712000, "depreciationAndAmortization": 201662000, "ebitda": 224245000, "ebitdaratio": 0.1412989713, "operatingIncome": -59953000, "operatingIncomeRatio": -0.0377769726, "totalOtherIncomeExpensesNet": -101766000, "incomeBeforeTax": -70085000, "incomeBeforeTaxRatio": -0.0441612451, "incomeTaxExpense": -17740000, "netIncome": -52345000, "netIncomeRatio": -0.0329830973, "eps": -1.73, "epsdiluted": -1.73, "weightedAverageShsOut": 30332131, "weightedAverageShsOutDil": 30332131, "link": null, "finalLink": null, "calculatedOtherExpenses": 92339000, "calculatedOperatingExpenses": 346257000, "calculatedNetInterest": -712000, "calculatedOtherIncome": -9420000, "calculatedIncomeNonControlling": 0, "calculatedEbitda": 141709000}]}