{"originalCurrency": "USD", "convertedCurrency": "USD", "report": [{"date": "2023-12-31", "symbol": "AMRX", "reportedCurrency": "USD", "cik": "0001723128", "fillingDate": "2024-03-14", "acceptedDate": "2024-03-14 17:04:14", "calendarYear": "2023", "period": "FY", "revenue": 2393607000, "costOfRevenue": 1573042000, "grossProfit": 820565000, "grossProfitRatio": 0.3428152575, "researchAndDevelopmentExpenses": 167778000, "generalAndAdministrativeExpenses": 0, "sellingAndMarketingExpenses": 0, "sellingGeneralAndAdministrativeExpenses": 429675000, "otherExpenses": 5119000, "operatingExpenses": 596315000, "costAndExpenses": 2169357000, "interestIncome": 0, "interestExpense": 210629000, "depreciationAndAmortization": 229400000, "ebitda": 417964000, "ebitdaratio": 0.1746168022, "operatingIncome": 204374000, "operatingIncomeRatio": 0.085383273, "totalOtherIncomeExpensesNet": -13086000, "incomeBeforeTax": -40270000, "incomeBeforeTaxRatio": -0.0168239815, "incomeTaxExpense": 8452000, "netIncome": -83993000, "netIncomeRatio": -0.0350905558, "eps": -0.48, "epsdiluted": -0.48, "weightedAverageShsOut": 176136000, "weightedAverageShsOutDil": 176136000, "link": "https://www.sec.gov/Archives/edgar/data/1723128/000172312824000014/0001723128-24-000014-index.htm", "finalLink": "https://www.sec.gov/Archives/edgar/data/1723128/000172312824000014/amrx-20231231.htm", "calculatedOtherExpenses": 18738000, "calculatedOperatingExpenses": 616191000, "calculatedNetInterest": -210629000, "calculatedOtherIncome": -34015000, "calculatedIncomeNonControlling": 35271000, "calculatedEbitda": 433774000}, {"date": "2022-12-31", "symbol": "AMRX", "reportedCurrency": "USD", "cik": "0001723128", "fillingDate": "2023-03-03", "acceptedDate": "2023-03-03 17:08:23", "calendarYear": "2022", "period": "FY", "revenue": 2212304000, "costOfRevenue": 1427596000, "grossProfit": 784708000, "grossProfitRatio": 0.3547017046, "researchAndDevelopmentExpenses": 200046000, "generalAndAdministrativeExpenses": 0, "sellingAndMarketingExpenses": 0, "sellingGeneralAndAdministrativeExpenses": 399700000, "otherExpenses": -3960000, "operatingExpenses": 595786000, "costAndExpenses": 2023382000, "interestIncome": 158377000, "interestExpense": 158377000, "depreciationAndAmortization": 240175000, "ebitda": 446639000, "ebitdaratio": 0.2018886193, "operatingIncome": 206464000, "operatingIncomeRatio": 0.0933253296, "totalOtherIncomeExpensesNet": -454591000, "incomeBeforeTax": -248127000, "incomeBeforeTaxRatio": -0.1121577324, "incomeTaxExpense": 6662000, "netIncome": -254789000, "netIncomeRatio": -0.1151690726, "eps": -1.69, "epsdiluted": -1.69, "weightedAverageShsOut": 150944000, "weightedAverageShsOutDil": 150944000, "link": "https://www.sec.gov/Archives/edgar/data/1723128/000172312823000009/0001723128-23-000009-index.htm", "finalLink": "https://www.sec.gov/Archives/edgar/data/1723128/000172312823000009/amrx-20221231.htm", "calculatedOtherExpenses": -21502000, "calculatedOperatingExpenses": 578244000, "calculatedNetInterest": 0, "calculatedOtherIncome": -454591000, "calculatedIncomeNonControlling": 0, "calculatedEbitda": 446639000}, {"date": "2021-12-31", "symbol": "AMRX", "reportedCurrency": "USD", "cik": "0001723128", "fillingDate": "2022-03-01", "acceptedDate": "2022-03-01 16:45:44", "calendarYear": "2021", "period": "FY", "revenue": 2093669000, "costOfRevenue": 1324696000, "grossProfit": 768973000, "grossProfitRatio": 0.3672848956, "researchAndDevelopmentExpenses": 209563000, "generalAndAdministrativeExpenses": 0, "sellingAndMarketingExpenses": 0, "sellingGeneralAndAdministrativeExpenses": 365504000, "otherExpenses": 15330000, "operatingExpenses": 575067000, "costAndExpenses": 1899763000, "interestIncome": 136325000, "interestExpense": 136325000, "depreciationAndAmortization": 233406000, "ebitda": 442642000, "ebitdaratio": 0.2114192836, "operatingIncome": 209236000, "operatingIncomeRatio": 0.0999374782, "totalOtherIncomeExpensesNet": -177870000, "incomeBeforeTax": 31366000, "incomeBeforeTaxRatio": 0.0149813557, "incomeTaxExpense": 11196000, "netIncome": 20170000, "netIncomeRatio": 0.0096338055, "eps": 0.14, "epsdiluted": 0.13, "weightedAverageShsOut": 148922000, "weightedAverageShsOutDil": 151821000, "link": "https://www.sec.gov/Archives/edgar/data/1723128/000172312822000006/0001723128-22-000006-index.htm", "finalLink": "https://www.sec.gov/Archives/edgar/data/1723128/000172312822000006/amrx-20211231.htm", "calculatedOtherExpenses": -15330000, "calculatedOperatingExpenses": 559737000, "calculatedNetInterest": 0, "calculatedOtherIncome": -177870000, "calculatedIncomeNonControlling": 0, "calculatedEbitda": 442642000}, {"date": "2020-12-31", "symbol": "AMRX", "reportedCurrency": "USD", "cik": "0001723128", "fillingDate": "2021-03-01", "acceptedDate": "2021-03-01 16:10:07", "calendarYear": "2020", "period": "FY", "revenue": 1992523000, "costOfRevenue": 1364130000, "grossProfit": 628393000, "grossProfitRatio": 0.3153755314, "researchAndDevelopmentExpenses": 190585000, "generalAndAdministrativeExpenses": 0, "sellingAndMarketingExpenses": 0, "sellingGeneralAndAdministrativeExpenses": 326727000, "otherExpenses": 2590000, "operatingExpenses": 517312000, "costAndExpenses": 1881442000, "interestIncome": 145998000, "interestExpense": 145998000, "depreciationAndAmortization": 257903000, "ebitda": 349058000, "ebitdaratio": 0.1751839251, "operatingIncome": 91155000, "operatingIncomeRatio": 0.0457485309, "totalOtherIncomeExpensesNet": -126935000, "incomeBeforeTax": -35780000, "incomeBeforeTaxRatio": -0.0179571327, "incomeTaxExpense": -104358000, "netIncome": 68578000, "netIncomeRatio": 0.0344176705, "eps": 0.47, "epsdiluted": 0.46, "weightedAverageShsOut": 147443000, "weightedAverageShsOutDil": 148913000, "link": "https://www.sec.gov/Archives/edgar/data/1723128/000172312821000013/0001723128-21-000013-index.htm", "finalLink": "https://www.sec.gov/Archives/edgar/data/1723128/000172312821000013/amrx-20201231.htm", "calculatedOtherExpenses": 19926000, "calculatedOperatingExpenses": 537238000, "calculatedNetInterest": 0, "calculatedOtherIncome": -126935000, "calculatedIncomeNonControlling": 0, "calculatedEbitda": 349058000}, {"date": "2019-12-31", "symbol": "AMRX", "reportedCurrency": "USD", "cik": "0001723128", "fillingDate": "2020-03-02", "acceptedDate": "2020-03-02 16:33:20", "calendarYear": "2019", "period": "FY", "revenue": 1626373000, "costOfRevenue": 1273376000, "grossProfit": 352997000, "grossProfitRatio": 0.2170455363, "researchAndDevelopmentExpenses": 202287000, "generalAndAdministrativeExpenses": 0, "sellingAndMarketingExpenses": 0, "sellingGeneralAndAdministrativeExpenses": 289598000, "otherExpenses": 1465000, "operatingExpenses": 491885000, "costAndExpenses": 1765261000, "interestIncome": 168205000, "interestExpense": 168205000, "depreciationAndAmortization": 207235000, "ebitda": 69812000, "ebitdaratio": 0.0429249625, "operatingIncome": -137423000, "operatingIncomeRatio": -0.0844966069, "totalOtherIncomeExpensesNet": -82819000, "incomeBeforeTax": -220242000, "incomeBeforeTaxRatio": -0.1354191197, "incomeTaxExpense": 383331000, "netIncome": -603573000, "netIncomeRatio": -0.371115974, "eps": -4.57, "epsdiluted": -4.57, "weightedAverageShsOut": 132086496, "weightedAverageShsOutDil": 132106000, "link": "https://www.sec.gov/Archives/edgar/data/1723128/000156459020008179/0001564590-20-008179-index.htm", "finalLink": "https://www.sec.gov/Archives/edgar/data/1723128/000156459020008179/amrx-10k_20191231.htm", "calculatedOtherExpenses": -1465000, "calculatedOperatingExpenses": 490420000, "calculatedNetInterest": 0, "calculatedOtherIncome": -82819000, "calculatedIncomeNonControlling": 0, "calculatedEbitda": 69812000}, {"date": "2018-12-31", "symbol": "AMRX", "reportedCurrency": "USD", "cik": "0001723128", "fillingDate": "2019-03-01", "acceptedDate": "2019-03-01 08:31:34", "calendarYear": "2018", "period": "FY", "revenue": 1662991000, "costOfRevenue": 946588000, "grossProfit": 716403000, "grossProfitRatio": 0.4307918684, "researchAndDevelopmentExpenses": 210451000, "generalAndAdministrativeExpenses": 230435000, "sellingAndMarketingExpenses": 0, "sellingGeneralAndAdministrativeExpenses": 230435000, "otherExpenses": 2848000, "operatingExpenses": 440886000, "costAndExpenses": 1387474000, "interestIncome": 0, "interestExpense": 143571000, "depreciationAndAmortization": 137403000, "ebitda": 415768000, "ebitdaratio": 0.2500121769, "operatingIncome": -19673000, "operatingIncomeRatio": -0.0118298896, "totalOtherIncomeExpensesNet": -334668000, "incomeBeforeTax": -202722000, "incomeBeforeTaxRatio": -0.1219020428, "incomeTaxExpense": -1419000, "netIncome": -169726000, "netIncomeRatio": -0.1020606846, "eps": -1.33, "epsdiluted": -1.33, "weightedAverageShsOut": 127252000, "weightedAverageShsOutDil": 127252000, "link": "https://www.sec.gov/Archives/edgar/data/1723128/000172312819000028/0001723128-19-000028-index.htm", "finalLink": "https://www.sec.gov/Archives/edgar/data/1723128/000172312819000028/amrx-12x31x201810kdoc.htm", "calculatedOtherExpenses": 295190000, "calculatedOperatingExpenses": 736076000, "calculatedNetInterest": -143571000, "calculatedOtherIncome": -39478000, "calculatedIncomeNonControlling": -31577000, "calculatedEbitda": 117730000}, {"date": "2017-12-31", "symbol": "AMRX", "reportedCurrency": "USD", "cik": "0001723128", "fillingDate": "2018-03-09", "acceptedDate": "2018-03-09 17:00:06", "calendarYear": "2017", "period": "FY", "revenue": 1033654000, "costOfRevenue": 507476000, "grossProfit": 526178000, "grossProfitRatio": 0.5090465475, "researchAndDevelopmentExpenses": 191938000, "generalAndAdministrativeExpenses": 109046000, "sellingAndMarketingExpenses": 0, "sellingGeneralAndAdministrativeExpenses": 109046000, "otherExpenses": -47000, "operatingExpenses": 300984000, "costAndExpenses": 808460000, "interestIncome": 0, "interestExpense": 71061000, "depreciationAndAmortization": 45936000, "ebitda": 271083000, "ebitdaratio": 0.2622570028, "operatingIncome": 245103000, "operatingIncomeRatio": 0.237122867, "totalOtherIncomeExpensesNet": 17190000, "incomeBeforeTax": 171323000, "incomeBeforeTaxRatio": 0.1657450172, "incomeTaxExpense": 1998000, "netIncome": 167648000, "netIncomeRatio": 0.1621896689, "eps": 1.46, "epsdiluted": 1.46, "weightedAverageShsOut": 114859163, "weightedAverageShsOutDil": 114859163, "link": "https://www.sec.gov/Archives/edgar/data/1723128/000172312818000005/0001723128-18-000005-index.htm", "finalLink": "https://www.sec.gov/Archives/edgar/data/1723128/000172312818000005/atlas-20173112x10xk.htm", "calculatedOtherExpenses": -19909000, "calculatedOperatingExpenses": 281075000, "calculatedNetInterest": -71061000, "calculatedOtherIncome": -2719000, "calculatedIncomeNonControlling": 1677000, "calculatedEbitda": 291039000}, {"date": "2016-12-31", "symbol": "AMRX", "reportedCurrency": "USD", "cik": "0001723128", "fillingDate": "2016-12-31", "acceptedDate": "2016-12-30 19:00:00", "calendarYear": "2016", "period": "FY", "revenue": 1018225000, "costOfRevenue": 420770000, "grossProfit": 597455000, "grossProfitRatio": 0.5867612757, "researchAndDevelopmentExpenses": 204747000, "generalAndAdministrativeExpenses": 118757000, "sellingAndMarketingExpenses": 0, "sellingGeneralAndAdministrativeExpenses": 118757000, "otherExpenses": -669000, "operatingExpenses": 323504000, "costAndExpenses": 744274000, "interestIncome": 0, "interestExpense": 55283000, "depreciationAndAmortization": 33016000, "ebitda": 306298000, "ebitdaratio": 0.3008156351, "operatingIncome": 284881000, "operatingIncomeRatio": 0.2797819735, "totalOtherIncomeExpensesNet": -3847000, "incomeBeforeTax": 214821000, "incomeBeforeTaxRatio": 0.2109759631, "incomeTaxExpense": 5395000, "netIncome": 207378000, "netIncomeRatio": 0.2036661838, "eps": 1.81, "epsdiluted": 1.81, "weightedAverageShsOut": 114859163, "weightedAverageShsOutDil": 114859163, "link": "", "finalLink": "", "calculatedOtherExpenses": -10930000, "calculatedOperatingExpenses": 312574000, "calculatedNetInterest": -55283000, "calculatedOtherIncome": -14777000, "calculatedIncomeNonControlling": 2048000, "calculatedEbitda": 317897000}, {"date": "2015-12-31", "symbol": "AMRX", "reportedCurrency": "USD", "cik": "0001723128", "fillingDate": "2015-12-31", "acceptedDate": "2015-12-30 19:00:00", "calendarYear": "2015", "period": "FY", "revenue": 866280000, "costOfRevenue": 367054000, "grossProfit": 499226000, "grossProfitRatio": 0.5762871127, "researchAndDevelopmentExpenses": 136870000, "generalAndAdministrativeExpenses": 0, "sellingAndMarketingExpenses": 0, "sellingGeneralAndAdministrativeExpenses": 109679000, "otherExpenses": 0, "operatingExpenses": 277808999, "costAndExpenses": 644862999, "interestIncome": 45835000, "interestExpense": 0, "depreciationAndAmortization": 25447000, "ebitda": 252677000, "ebitdaratio": 0.291680519, "operatingIncome": 227230000, "operatingIncomeRatio": 0.2623054901, "totalOtherIncomeExpensesNet": -51648000, "incomeBeforeTax": 175582000, "incomeBeforeTaxRatio": 0.2026850441, "incomeTaxExpense": 4951000, "netIncome": 169451000, "netIncomeRatio": 0.1956076557, "eps": 0.9, "epsdiluted": 0.9, "weightedAverageShsOut": 189000028, "weightedAverageShsOutDil": 189000000, "link": null, "finalLink": null, "calculatedOtherExpenses": 25447000, "calculatedOperatingExpenses": 271996000, "calculatedNetInterest": 45835000, "calculatedOtherIncome": -97483000, "calculatedIncomeNonControlling": 1180000, "calculatedEbitda": 252677000}, {"date": "2014-12-31", "symbol": "AMRX", "reportedCurrency": "USD", "cik": "0001723128", "fillingDate": "2014-12-31", "acceptedDate": "2014-12-30 19:00:00", "calendarYear": "2014", "period": "FY", "revenue": 785623000, "costOfRevenue": 335989000, "grossProfit": 449634000, "grossProfitRatio": 0.5723279486, "researchAndDevelopmentExpenses": 106735000, "generalAndAdministrativeExpenses": 0, "sellingAndMarketingExpenses": 0, "sellingGeneralAndAdministrativeExpenses": 84615000, "otherExpenses": 0, "operatingExpenses": 239639000, "costAndExpenses": 575628000, "interestIncome": 30664000, "interestExpense": 0, "depreciationAndAmortization": 20342000, "ebitda": 243284000, "ebitdaratio": 0.3096701599, "operatingIncome": 222942000, "operatingIncomeRatio": 0.2837773334, "totalOtherIncomeExpensesNet": -43611000, "incomeBeforeTax": 179331000, "incomeBeforeTaxRatio": 0.2282659749, "incomeTaxExpense": 1513000, "netIncome": 176928000, "netIncomeRatio": 0.2252072559, "eps": 0, "epsdiluted": 0, "weightedAverageShsOut": 0, "weightedAverageShsOutDil": 0, "link": null, "finalLink": null, "calculatedOtherExpenses": 35342000, "calculatedOperatingExpenses": 226692000, "calculatedNetInterest": 30664000, "calculatedOtherIncome": -74275000, "calculatedIncomeNonControlling": 890000, "calculatedEbitda": 243284000}]}