{"originalCurrency": "MXN", "convertedCurrency": "MXN", "report": [{"date": "2023-12-31", "symbol": "AMX", "reportedCurrency": "MXN", "cik": "0001129137", "fillingDate": "2024-04-30", "acceptedDate": "2024-04-29 21:12:14", "calendarYear": "2023", "period": "FY", "revenue": 816012844000, "costOfRevenue": 468262204000, "grossProfit": 347750640000, "grossProfitRatio": 0.4261582922, "researchAndDevelopmentExpenses": 0, "generalAndAdministrativeExpenses": 58425887000, "sellingAndMarketingExpenses": 114575410000, "sellingGeneralAndAdministrativeExpenses": 173001297000, "otherExpenses": -6966000000, "operatingExpenses": 173001297000, "costAndExpenses": 641263501000, "interestIncome": 9628340000, "interestExpense": 34917000000, "depreciationAndAmortization": 151786064000, "ebitda": 326535407000, "ebitdaratio": 0.4001596414, "operatingIncome": 174749343000, "operatingIncomeRatio": 0.2141502359, "totalOtherIncomeExpensesNet": -54043874000, "incomeBeforeTax": 120705469000, "incomeBeforeTaxRatio": 0.1479210406, "incomeTaxExpense": 34544003000, "netIncome": 76110617000, "netIncomeRatio": 0.0932713468, "eps": 1.21, "epsdiluted": 1.21, "weightedAverageShsOut": 3123350000, "weightedAverageShsOutDil": 3123350000, "link": "https://www.sec.gov/Archives/edgar/data/1129137/000119312524123257/0001193125-24-123257-index.htm", "finalLink": "https://www.sec.gov/Archives/edgar/data/1129137/000119312524123257/d855868d20f.htm", "calculatedOtherExpenses": 0, "calculatedOperatingExpenses": 173001297000, "calculatedNetInterest": -25288660000, "calculatedOtherIncome": -28755214000, "calculatedIncomeNonControlling": 10050849000, "calculatedEbitda": 326535407000}, {"date": "2022-12-31", "symbol": "AMX", "reportedCurrency": "MXN", "cik": "0001129137", "fillingDate": "2023-05-01", "acceptedDate": "2023-05-01 12:38:50", "calendarYear": "2022", "period": "FY", "revenue": 844501397000, "costOfRevenue": 489166236000, "grossProfit": 355335161000, "grossProfitRatio": 0.4207632601, "researchAndDevelopmentExpenses": 0, "generalAndAdministrativeExpenses": 60089937000, "sellingAndMarketingExpenses": 119364093000, "sellingGeneralAndAdministrativeExpenses": 179454030000, "otherExpenses": 5010379000, "operatingExpenses": 184464409000, "costAndExpenses": 673630645000, "interestIncome": 35108669000, "interestExpense": 69898490000, "depreciationAndAmortization": 191931023000, "ebitda": 362801775000, "ebitdaratio": 0.4296047067, "operatingIncome": 170870752000, "operatingIncomeRatio": 0.202333297, "totalOtherIncomeExpensesNet": -36601253000, "incomeBeforeTax": 134269499000, "incomeBeforeTaxRatio": 0.158992631, "incomeTaxExpense": 46044089000, "netIncome": 82878406000, "netIncomeRatio": 0.0981388619, "eps": 1.2, "epsdiluted": 1.2, "weightedAverageShsOut": 63325000000, "weightedAverageShsOutDil": 63325000000, "link": "https://www.sec.gov/Archives/edgar/data/1129137/000119312523129777/0001193125-23-129777-index.htm", "finalLink": "https://www.sec.gov/Archives/edgar/data/1129137/000119312523129777/d464232d20f.htm", "calculatedOtherExpenses": 5010379000, "calculatedOperatingExpenses": 184464409000, "calculatedNetInterest": -34789821000, "calculatedOtherIncome": -1811432000, "calculatedIncomeNonControlling": 5347004000, "calculatedEbitda": 362801775000}, {"date": "2021-12-31", "symbol": "AMX", "reportedCurrency": "MXN", "cik": "0001129137", "fillingDate": "2022-04-29", "acceptedDate": "2022-04-29 14:45:46", "calendarYear": "2021", "period": "FY", "revenue": 855535000000, "costOfRevenue": 341059000000, "grossProfit": 514476000000, "grossProfitRatio": 0.6013500324, "researchAndDevelopmentExpenses": 0, "generalAndAdministrativeExpenses": 191901898000000, "sellingAndMarketingExpenses": -191721060000000, "sellingGeneralAndAdministrativeExpenses": 180838000000, "otherExpenses": 162627000000, "operatingExpenses": 343465000000, "costAndExpenses": 684524000000, "interestIncome": 3834827000, "interestExpense": 32190000000, "depreciationAndAmortization": 148378359000, "ebitda": 314511000000, "ebitdaratio": 0.3676190921, "operatingIncome": 166132641000, "operatingIncomeRatio": 0.1941856745, "totalOtherIncomeExpensesNet": -63484641000, "incomeBeforeTax": 102648000000, "incomeBeforeTaxRatio": 0.1199810645, "incomeTaxExpense": 28145000000, "netIncome": 68187225000, "netIncomeRatio": 0.0797012688, "eps": 1.15, "epsdiluted": 1.15, "weightedAverageShsOut": 64689740633, "weightedAverageShsOutDil": 64689740633, "link": "https://www.sec.gov/Archives/edgar/data/1129137/000119312522133020/0001193125-22-133020-index.htm", "finalLink": "https://www.sec.gov/Archives/edgar/data/1129137/000119312522133020/d305081d20f.htm", "calculatedOtherExpenses": 167505359000, "calculatedOperatingExpenses": 348343359000, "calculatedNetInterest": -28355173000, "calculatedOtherIncome": -35129468000, "calculatedIncomeNonControlling": 6315775000, "calculatedEbitda": 314511000000}, {"date": "2020-12-31", "symbol": "AMX", "reportedCurrency": "MXN", "cik": "0001129137", "fillingDate": "2021-04-29", "acceptedDate": "2021-04-28 21:50:56", "calendarYear": "2020", "period": "FY", "revenue": 1016887000000, "costOfRevenue": 470427000000, "grossProfit": 546460000000, "grossProfitRatio": 0.5373851765, "researchAndDevelopmentExpenses": 0, "generalAndAdministrativeExpenses": 212135830000, "sellingAndMarketingExpenses": 170000, "sellingGeneralAndAdministrativeExpenses": 212136000000, "otherExpenses": 164244000000, "operatingExpenses": 376380000000, "costAndExpenses": 846807000000, "interestIncome": 5062036000, "interestExpense": 33600000000, "depreciationAndAmortization": 165535000000, "ebitda": 330890000000, "ebitdaratio": 0.3253950537, "operatingIncome": 165355000000, "operatingIncomeRatio": 0.1626090215, "totalOtherIncomeExpensesNet": -97675000000, "incomeBeforeTax": 67680000000, "incomeBeforeTaxRatio": 0.0665560677, "incomeTaxExpense": 16366000000, "netIncome": 46852605000, "netIncomeRatio": 0.0460745442, "eps": 0.71, "epsdiluted": 0.71, "weightedAverageShsOut": 66265000000, "weightedAverageShsOutDil": 66265000000, "link": "https://www.sec.gov/Archives/edgar/data/1129137/000119312521137773/0001193125-21-137773-index.htm", "finalLink": "https://www.sec.gov/Archives/edgar/data/1129137/000119312521137773/d123012d20f.htm", "calculatedOtherExpenses": 168969000000, "calculatedOperatingExpenses": 381105000000, "calculatedNetInterest": -28537964000, "calculatedOtherIncome": -69137036000, "calculatedIncomeNonControlling": 4461395000, "calculatedEbitda": 330890000000}, {"date": "2019-12-31", "symbol": "AMX", "reportedCurrency": "MXN", "cik": "0001129137", "fillingDate": "2020-04-30", "acceptedDate": "2020-04-29 19:53:13", "calendarYear": "2019", "period": "FY", "revenue": 1007348000000, "costOfRevenue": 471737000000, "grossProfit": 535611000000, "grossProfitRatio": 0.5317040387, "researchAndDevelopmentExpenses": 0, "generalAndAdministrativeExpenses": 227192478000, "sellingAndMarketingExpenses": -11198478000, "sellingGeneralAndAdministrativeExpenses": 215994000000, "otherExpenses": 158915000000, "operatingExpenses": 374909000000, "costAndExpenses": 846646000000, "interestIncome": 6284672000, "interestExpense": 31627000000, "depreciationAndAmortization": 151839000000, "ebitda": 306680000000, "ebitdaratio": 0.3044429532, "operatingIncome": 154841000000, "operatingIncomeRatio": 0.1537115277, "totalOtherIncomeExpensesNet": -33477000000, "incomeBeforeTax": 121364000000, "incomeBeforeTaxRatio": 0.1204787223, "incomeTaxExpense": 51034000000, "netIncome": 67731000000, "netIncomeRatio": 0.0672369429, "eps": 1.03, "epsdiluted": 1.03, "weightedAverageShsOut": 66016000000, "weightedAverageShsOutDil": 66016000000, "link": "https://www.sec.gov/Archives/edgar/data/1129137/000119312520127000/0001193125-20-127000-index.htm", "finalLink": "https://www.sec.gov/Archives/edgar/data/1129137/000119312520127000/d846131d20f.htm", "calculatedOtherExpenses": 164776000000, "calculatedOperatingExpenses": 380770000000, "calculatedNetInterest": -25342328000, "calculatedOtherIncome": -8134672000, "calculatedIncomeNonControlling": 2599000000, "calculatedEbitda": 306680000000}, {"date": "2018-12-31", "symbol": "AMX", "reportedCurrency": "MXN", "cik": "0001129137", "fillingDate": "2019-04-12", "acceptedDate": "2019-04-11 18:47:58", "calendarYear": "2018", "period": "FY", "revenue": 1022864000000, "costOfRevenue": 502110000000, "grossProfit": 520754000000, "grossProfitRatio": 0.5091136261, "researchAndDevelopmentExpenses": 0, "generalAndAdministrativeExpenses": 240634431000000, "sellingAndMarketingExpenses": -240407716000000, "sellingGeneralAndAdministrativeExpenses": 226715000000, "otherExpenses": 389828080000, "operatingExpenses": 387138000000, "costAndExpenses": 889248000000, "interestIncome": 10646169000, "interestExpense": 20948000000, "depreciationAndAmortization": 151995000000, "ebitda": 270987000000, "ebitdaratio": 0.2649296485, "operatingIncome": 133616000000, "operatingIncomeRatio": 0.1306292919, "totalOtherIncomeExpensesNet": -4538000000, "incomeBeforeTax": 93506000000, "incomeBeforeTaxRatio": 0.0914158676, "incomeTaxExpense": 45895000000, "netIncome": 45661000000, "netIncomeRatio": 0.0446403432, "eps": 13.83, "epsdiluted": 13.83, "weightedAverageShsOut": 3302736352, "weightedAverageShsOutDil": 3302736352, "link": "https://www.sec.gov/Archives/edgar/data/1129137/000119312519104076/0001193125-19-104076-index.htm", "finalLink": "https://www.sec.gov/Archives/edgar/data/1129137/000119312519104076/d681742d20f.htm", "calculatedOtherExpenses": 160423000000, "calculatedOperatingExpenses": 387138000000, "calculatedNetInterest": -10301831000, "calculatedOtherIncome": -29808169000, "calculatedIncomeNonControlling": 1950000000, "calculatedEbitda": 285611000000}, {"date": "2017-12-31", "symbol": "AMX", "reportedCurrency": "MXN", "cik": "0001129137", "fillingDate": "2018-04-26", "acceptedDate": "2018-04-26 17:08:19", "calendarYear": "2017", "period": "FY", "revenue": 1021634000000, "costOfRevenue": 496335746000, "grossProfit": 525298254000, "grossProfitRatio": 0.5141746007, "researchAndDevelopmentExpenses": 0, "generalAndAdministrativeExpenses": 240634431000000, "sellingAndMarketingExpenses": -240395548000000, "sellingGeneralAndAdministrativeExpenses": 238883000000, "otherExpenses": 425154486000, "operatingExpenses": 744332000000, "costAndExpenses": 744332000000, "interestIncome": 2925648000, "interestExpense": 27375000000, "depreciationAndAmortization": 158612000000, "ebitda": 261539000000, "ebitdaratio": 0.2560006813, "operatingIncome": 118690000000, "operatingIncomeRatio": 0.1161766347, "totalOtherIncomeExpensesNet": -3149440000, "incomeBeforeTax": 75552000000, "incomeBeforeTaxRatio": 0.0739521198, "incomeTaxExpense": 30691000000, "netIncome": 29326000000, "netIncomeRatio": 0.0287049961, "eps": 8.88, "epsdiluted": 8.88, "weightedAverageShsOut": 3303500000, "weightedAverageShsOutDil": 3303500000, "link": "https://www.sec.gov/Archives/edgar/data/1129137/000119312518135124/0001193125-18-135124-index.htm", "finalLink": "https://www.sec.gov/Archives/edgar/data/1129137/000119312518135124/d541387d20f.htm", "calculatedOtherExpenses": 167725254000, "calculatedOperatingExpenses": 406608254000, "calculatedNetInterest": -24449352000, "calculatedOtherIncome": -18688648000, "calculatedIncomeNonControlling": 15535000000, "calculatedEbitda": 277302000000}, {"date": "2016-12-31", "symbol": "AMX", "reportedCurrency": "MXN", "cik": "0001129137", "fillingDate": "2017-04-24", "acceptedDate": "2017-04-24 17:06:06", "calendarYear": "2016", "period": "FY", "revenue": 975412000000, "costOfRevenue": 487075000000, "grossProfit": 488337000000, "grossProfitRatio": 0.5006469061, "researchAndDevelopmentExpenses": 0, "generalAndAdministrativeExpenses": 228101116000, "sellingAndMarketingExpenses": -2235116000, "sellingGeneralAndAdministrativeExpenses": 225866000000, "otherExpenses": 380741599000, "operatingExpenses": 378727000000, "costAndExpenses": 865802000000, "interestIncome": 4192595000, "interestExpense": 29669000000, "depreciationAndAmortization": 146511000000, "ebitda": 239895000000, "ebitdaratio": 0.2459422275, "operatingIncome": 109610000000, "operatingIncomeRatio": 0.112373028, "totalOtherIncomeExpensesNet": -40427000000, "incomeBeforeTax": 23288000000, "incomeBeforeTaxRatio": 0.0238750395, "incomeTaxExpense": 11399000000, "netIncome": 8649000000, "netIncomeRatio": 0.0088670223, "eps": 2.63, "epsdiluted": 2.63, "weightedAverageShsOut": 3289900000, "weightedAverageShsOutDil": 3289900000, "link": "https://www.sec.gov/Archives/edgar/data/1129137/000119312517134802/0001193125-17-134802-index.htm", "finalLink": "https://www.sec.gov/Archives/edgar/data/1129137/000119312517134802/d370136d20f.htm", "calculatedOtherExpenses": 152861000000, "calculatedOperatingExpenses": 378727000000, "calculatedNetInterest": -25476405000, "calculatedOtherIncome": -60845595000, "calculatedIncomeNonControlling": 3240000000, "calculatedEbitda": 256121000000}, {"date": "2015-12-31", "symbol": "AMX", "reportedCurrency": "MXN", "cik": "0001129137", "fillingDate": "2016-04-26", "acceptedDate": "2016-04-26 17:18:39", "calendarYear": "2015", "period": "FY", "revenue": 894217000000, "costOfRevenue": 418062000000, "grossProfit": 476155000000, "grossProfitRatio": 0.5324826077, "researchAndDevelopmentExpenses": 0, "generalAndAdministrativeExpenses": 203524778000, "sellingAndMarketingExpenses": -3311778000, "sellingGeneralAndAdministrativeExpenses": 200213000000, "otherExpenses": 334700511000, "operatingExpenses": 334700000000, "costAndExpenses": 752762000000, "interestIncome": 4774894000, "interestExpense": 26425000000, "depreciationAndAmortization": 125735000000, "ebitda": 288726000000, "ebitdaratio": 0.3228813588, "operatingIncome": 141454000000, "operatingIncomeRatio": 0.158187554, "totalOtherIncomeExpensesNet": -78998000000, "incomeBeforeTax": 57568000000, "incomeBeforeTaxRatio": 0.0643781096, "incomeTaxExpense": 19180000000, "netIncome": 35055000000, "netIncomeRatio": 0.0392018939, "eps": 10.62, "epsdiluted": 10.62, "weightedAverageShsOut": 3299950000, "weightedAverageShsOutDil": 3299950000, "link": "https://www.sec.gov/Archives/edgar/data/1129137/000119312516556690/0001193125-16-556690-index.htm", "finalLink": "https://www.sec.gov/Archives/edgar/data/1129137/000119312516556690/d134493d20f.htm", "calculatedOtherExpenses": 134488000000, "calculatedOperatingExpenses": 334701000000, "calculatedNetInterest": -21650106000, "calculatedOtherIncome": -62235894000, "calculatedIncomeNonControlling": 3333000000, "calculatedEbitda": 267189000000}, {"date": "2014-12-31", "symbol": "AMX", "reportedCurrency": "MXN", "cik": "0001129137", "fillingDate": "2015-05-01", "acceptedDate": "2015-04-30 21:20:39", "calendarYear": "2014", "period": "FY", "revenue": 848261821000, "costOfRevenue": 386102139000, "grossProfit": 462159682000, "grossProfitRatio": 0.5448314077, "researchAndDevelopmentExpenses": 0, "generalAndAdministrativeExpenses": 185683205000, "sellingAndMarketingExpenses": 21772454000, "sellingGeneralAndAdministrativeExpenses": 185683205000, "otherExpenses": 305605431000, "operatingExpenses": 312958685000, "costAndExpenses": 699060824000, "interestIncome": 12482949000, "interestExpense": 39599241000, "depreciationAndAmortization": 119174587000, "ebitda": 278211353000, "ebitdaratio": 0.3279781621, "operatingIncome": 149200997000, "operatingIncomeRatio": 0.1758902656, "totalOtherIncomeExpensesNet": -35634642000, "incomeBeforeTax": 86450063000, "incomeBeforeTaxRatio": 0.1019143628, "incomeTaxExpense": 38952340000, "netIncome": 45922214000, "netIncomeRatio": 0.0541368394, "eps": 13.48, "epsdiluted": 13.48, "weightedAverageShsOut": 3407650000, "weightedAverageShsOutDil": 3407650000, "link": "https://www.sec.gov/Archives/edgar/data/1129137/000119312515163682/0001193125-15-163682-index.htm", "finalLink": "https://www.sec.gov/Archives/edgar/data/1129137/000119312515163682/d913893d20f.htm", "calculatedOtherExpenses": 127275480000, "calculatedOperatingExpenses": 312958685000, "calculatedNetInterest": -27116292000, "calculatedOtherIncome": -35634642000, "calculatedIncomeNonControlling": 1575509000, "calculatedEbitda": 268375584000}, {"date": "2013-12-31", "symbol": "AMX", "reportedCurrency": "MXN", "cik": "0001129137", "fillingDate": "2014-04-30", "acceptedDate": "2014-04-30 17:09:44", "calendarYear": "2013", "period": "FY", "revenue": 786101000000, "costOfRevenue": 358330000000, "grossProfit": 427771000000, "grossProfitRatio": 0.5441679886, "researchAndDevelopmentExpenses": 0, "generalAndAdministrativeExpenses": 167184570000, "sellingAndMarketingExpenses": -4592570000, "sellingGeneralAndAdministrativeExpenses": 162592000000, "otherExpenses": 273552088000, "operatingExpenses": 273608000000, "costAndExpenses": 631938000000, "interestIncome": 2925834000, "interestExpense": 24104000000, "depreciationAndAmortization": 101535000000, "ebitda": 251343000000, "ebitdaratio": 0.3197337238, "operatingIncome": 154164000000, "operatingIncomeRatio": 0.1961122044, "totalOtherIncomeExpensesNet": -19610000000, "incomeBeforeTax": 106094000000, "incomeBeforeTaxRatio": 0.1349623013, "incomeTaxExpense": 31488000000, "netIncome": 74625000000, "netIncomeRatio": 0.0949305496, "eps": 21.18, "epsdiluted": 21.18, "weightedAverageShsOut": 3523750000, "weightedAverageShsOutDil": 3523750000, "link": "https://www.sec.gov/Archives/edgar/data/1129137/000119312514172789/0001193125-14-172789-index.htm", "finalLink": "https://www.sec.gov/Archives/edgar/data/1129137/000119312514172789/d715331d20f.htm", "calculatedOtherExpenses": 111015000000, "calculatedOperatingExpenses": 273607000000, "calculatedNetInterest": -21178166000, "calculatedOtherIncome": -26891834000, "calculatedIncomeNonControlling": -19000000, "calculatedEbitda": 255699000000}, {"date": "2012-12-31", "symbol": "AMX", "reportedCurrency": "MXN", "cik": "0001129137", "fillingDate": "2013-04-30", "acceptedDate": "2013-04-30 09:21:33", "calendarYear": "2012", "period": "FY", "revenue": 775069645000, "costOfRevenue": 343446139000, "grossProfit": 431623506000, "grossProfitRatio": 0.5568835121, "researchAndDevelopmentExpenses": 0, "generalAndAdministrativeExpenses": 167148944000, "sellingAndMarketingExpenses": 22652826000, "sellingGeneralAndAdministrativeExpenses": 167148944000, "otherExpenses": 274313319000, "operatingExpenses": 274313319000, "costAndExpenses": 617759458000, "interestIncome": 5776600000, "interestExpense": 24914596000, "depreciationAndAmortization": 103584737000, "ebitda": 267432885000, "ebitdaratio": 0.3450436831, "operatingIncome": 157310187000, "operatingIncomeRatio": 0.2029626473, "totalOtherIncomeExpensesNet": 346177000, "incomeBeforeTax": 138518368000, "incomeBeforeTaxRatio": 0.1787173177, "incomeTaxExpense": 46378691000, "netIncome": 91440880000, "netIncomeRatio": 0.1179776303, "eps": 24.11, "epsdiluted": 24.11, "weightedAverageShsOut": 3791950000, "weightedAverageShsOutDil": 3791950000, "link": "https://www.sec.gov/Archives/edgar/data/1129137/000119312513184772/0001193125-13-184772-index.htm", "finalLink": "https://www.sec.gov/Archives/edgar/data/1129137/000119312513184772/d522750d20f.htm", "calculatedOtherExpenses": 107164375000, "calculatedOperatingExpenses": 274313319000, "calculatedNetInterest": -19137996000, "calculatedOtherIncome": 346177000, "calculatedIncomeNonControlling": 698797000, "calculatedEbitda": 260894924000}, {"date": "2011-12-31", "symbol": "AMX", "reportedCurrency": "MXN", "cik": "0001129137", "fillingDate": "2012-04-30", "acceptedDate": "2012-04-30 17:15:11", "calendarYear": "2011", "period": "FY", "revenue": 665156000000, "costOfRevenue": 290594000000, "grossProfit": 374562000000, "grossProfitRatio": 0.5631190277, "researchAndDevelopmentExpenses": 0, "generalAndAdministrativeExpenses": 107406947000, "sellingAndMarketingExpenses": 11407053000, "sellingGeneralAndAdministrativeExpenses": 118814000000, "otherExpenses": 219623996000, "operatingExpenses": 121958000000, "costAndExpenses": 412552000000, "interestIncome": 6853900000, "interestExpense": 13951000000, "depreciationAndAmortization": 93997035000, "ebitda": 252604000000, "ebitdaratio": 0.379766551, "operatingIncome": 252604000000, "operatingIncomeRatio": 0.379766551, "totalOtherIncomeExpensesNet": -112245000000, "incomeBeforeTax": 126408000000, "incomeBeforeTaxRatio": 0.1900426366, "incomeTaxExpense": 40439000000, "netIncome": 82622000000, "netIncomeRatio": 0.12421447, "eps": 21.46, "epsdiluted": 21.46, "weightedAverageShsOut": 3849500000, "weightedAverageShsOutDil": 3849500000, "link": "https://www.sec.gov/Archives/edgar/data/1129137/000119312512196609/0001193125-12-196609-index.htm", "finalLink": "https://www.sec.gov/Archives/edgar/data/1129137/000119312512196609/d341769d20f.htm", "calculatedOtherExpenses": 3144000000, "calculatedOperatingExpenses": 121958000000, "calculatedNetInterest": -7097100000, "calculatedOtherIncome": -119098900000, "calculatedIncomeNonControlling": 3347000000, "calculatedEbitda": 346601035000}, {"date": "2010-12-31", "symbol": "AMX", "reportedCurrency": "MXN", "cik": "0001129137", "fillingDate": "2011-05-13", "acceptedDate": "2011-05-13 08:21:46", "calendarYear": "2010", "period": "FY", "revenue": 607855678000, "costOfRevenue": 253449142000, "grossProfit": 354406536000, "grossProfitRatio": 0.583043885, "researchAndDevelopmentExpenses": 0, "generalAndAdministrativeExpenses": 107406947000, "sellingAndMarketingExpenses": 0, "sellingGeneralAndAdministrativeExpenses": 107406947000, "otherExpenses": 202085127000, "operatingExpenses": 202085127000, "costAndExpenses": 455534269000, "interestIncome": 4801539000, "interestExpense": 17280735000, "depreciationAndAmortization": 91071327000, "ebitda": 249865485000, "ebitdaratio": 0.4110605429, "operatingIncome": 152321409000, "operatingIncomeRatio": 0.2505881158, "totalOtherIncomeExpensesNet": -4723171000, "incomeBeforeTax": 135119042000, "incomeBeforeTaxRatio": 0.2222880313, "incomeTaxExpense": 36213619000, "netIncome": 91123052000, "netIncomeRatio": 0.149909025, "eps": 23, "epsdiluted": 23, "weightedAverageShsOut": 3951000000, "weightedAverageShsOutDil": 3951000000, "link": "https://www.sec.gov/Archives/edgar/data/1129137/000119312511138519/0001193125-11-138519-index.htm", "finalLink": "https://www.sec.gov/Archives/edgar/data/1129137/000119312511138519/d20f.htm", "calculatedOtherExpenses": 94678180000, "calculatedOperatingExpenses": 202085127000, "calculatedNetInterest": -12479196000, "calculatedOtherIncome": -4723171000, "calculatedIncomeNonControlling": 7782371000, "calculatedEbitda": 243392736000}, {"date": "2009-12-31", "symbol": "AMX", "reportedCurrency": "MXN", "cik": "0001129137", "fillingDate": "2010-05-25", "acceptedDate": "2010-05-25 16:53:18", "calendarYear": "2009", "period": "FY", "revenue": 394711031000, "costOfRevenue": 165039738000, "grossProfit": 229671293000, "grossProfitRatio": 0.5818719898, "researchAndDevelopmentExpenses": 0, "generalAndAdministrativeExpenses": 72380031000, "sellingAndMarketingExpenses": 0, "sellingGeneralAndAdministrativeExpenses": 72380031000, "otherExpenses": 125462338000, "operatingExpenses": 125462338000, "costAndExpenses": 290502076000, "interestIncome": 1691929000, "interestExpense": 7410314000, "depreciationAndAmortization": 53082307000, "ebitda": 159178905000, "ebitdaratio": 0.4032795957, "operatingIncome": 104208955000, "operatingIncomeRatio": 0.2640132827, "totalOtherIncomeExpensesNet": 570877000, "incomeBeforeTax": 99257161000, "incomeBeforeTaxRatio": 0.2514679176, "incomeTaxExpense": 22259308000, "netIncome": 76997853000, "netIncomeRatio": 0.1950739831, "eps": 23.5, "epsdiluted": 23.5, "weightedAverageShsOut": 3273800000, "weightedAverageShsOutDil": 3273800000, "link": "https://www.sec.gov/Archives/edgar/data/1129137/000119312510128293/0001193125-10-128293-index.htm", "finalLink": "https://www.sec.gov/Archives/edgar/data/1129137/000119312510128293/d20f.htm", "calculatedOtherExpenses": 53082307000, "calculatedOperatingExpenses": 125462338000, "calculatedNetInterest": -5718385000, "calculatedOtherIncome": 766591000, "calculatedIncomeNonControlling": 0, "calculatedEbitda": 157291262000}, {"date": "2008-12-31", "symbol": "AMX", "reportedCurrency": "MXN", "cik": "0001129137", "fillingDate": "2009-06-30", "acceptedDate": "2009-06-30 15:00:39", "calendarYear": "2008", "period": "FY", "revenue": 345654908000, "costOfRevenue": 146025037000, "grossProfit": 199629871000, "grossProfitRatio": 0.5775409704, "researchAndDevelopmentExpenses": 0, "generalAndAdministrativeExpenses": 62316415000000, "sellingAndMarketingExpenses": -62254098585000, "sellingGeneralAndAdministrativeExpenses": 62316415000, "otherExpenses": 104083724000, "operatingExpenses": 104083724000, "costAndExpenses": 250108761000, "interestIncome": 2414390000, "interestExpense": 8950562000, "depreciationAndAmortization": 41767309000, "ebitda": 139837262000, "ebitdaratio": 0.4045574322, "operatingIncome": 95546147000, "operatingIncomeRatio": 0.2764206288, "totalOtherIncomeExpensesNet": -9655660000, "incomeBeforeTax": 79463731000, "incomeBeforeTaxRatio": 0.2298932524, "incomeTaxExpense": 19888337000, "netIncome": 59575394000, "netIncomeRatio": 0.1723551225, "eps": 17.4, "epsdiluted": 17.4, "weightedAverageShsOut": 3422000000, "weightedAverageShsOutDil": 3422000000, "link": "https://www.sec.gov/Archives/edgar/data/1129137/000119312509141628/0001193125-09-141628-index.htm", "finalLink": "https://www.sec.gov/Archives/edgar/data/1129137/000119312509141628/d20f.htm", "calculatedOtherExpenses": 41767309000, "calculatedOperatingExpenses": 104083724000, "calculatedNetInterest": -6536172000, "calculatedOtherIncome": -9546244000, "calculatedIncomeNonControlling": 0, "calculatedEbitda": 137313456000}, {"date": "2007-12-31", "symbol": "AMX", "reportedCurrency": "MXN", "cik": "0001129137", "fillingDate": "2008-06-10", "acceptedDate": "2008-06-10 06:10:51", "calendarYear": "2007", "period": "FY", "revenue": 312356775000, "costOfRevenue": 162033375000, "grossProfit": 150323400000, "grossProfitRatio": 0.481255449, "researchAndDevelopmentExpenses": 0, "generalAndAdministrativeExpenses": 53193145000000, "sellingAndMarketingExpenses": -53139823765000, "sellingGeneralAndAdministrativeExpenses": 53321235000, "otherExpenses": 64911387000, "operatingExpenses": 64911387000, "costAndExpenses": 226944762000, "interestIncome": 0, "interestExpense": -7696967000000, "depreciationAndAmortization": 40925001000, "ebitda": 125705220000, "ebitdaratio": 0.4024411508, "operatingIncome": 85412013000, "operatingIncomeRatio": 0.2734437663, "totalOtherIncomeExpensesNet": 686259000, "incomeBeforeTax": 81348924000, "incomeBeforeTaxRatio": 0.2604359198, "incomeTaxExpense": 22504938000, "netIncome": 58735056000, "netIncomeRatio": 0.1880383609, "eps": 16.7, "epsdiluted": 16.7, "weightedAverageShsOut": 3514900000, "weightedAverageShsOutDil": 3524000000, "link": "https://www.sec.gov/Archives/edgar/data/1129137/000119312508130737/0001193125-08-130737-index.htm", "finalLink": "https://www.sec.gov/Archives/edgar/data/1129137/000119312508130737/d20f.htm", "calculatedOtherExpenses": 11590152000, "calculatedOperatingExpenses": 64911387000, "calculatedNetInterest": 7696967000000, "calculatedOtherIncome": -7701030089000, "calculatedIncomeNonControlling": 108930000, "calculatedEbitda": 126337014000}, {"date": "2006-12-31", "symbol": "AMX", "reportedCurrency": "MXN", "cik": "0001129137", "fillingDate": "2007-07-02", "acceptedDate": "2007-07-02 10:38:46", "calendarYear": "2006", "period": "FY", "revenue": 232373170000, "costOfRevenue": 127998096175, "grossProfit": 104375073825, "grossProfitRatio": 0.4491700734, "researchAndDevelopmentExpenses": 0, "generalAndAdministrativeExpenses": 37067330000, "sellingAndMarketingExpenses": 1546385000, "sellingGeneralAndAdministrativeExpenses": 38613715000, "otherExpenses": 45682658825, "operatingExpenses": 45682658825, "costAndExpenses": 173680755000, "interestIncome": 0, "interestExpense": -8748682000, "depreciationAndAmortization": 26803985000, "ebitda": 80487520000, "ebitdaratio": 0.3463718294, "operatingIncome": 58692415000, "operatingIncomeRatio": 0.2525782774, "totalOtherIncomeExpensesNet": 5052060000, "incomeBeforeTax": 59124215000, "incomeBeforeTaxRatio": 0.2544364954, "incomeTaxExpense": 16278860000, "netIncome": 42478325000, "netIncomeRatio": 0.1828021927, "eps": 12.46, "epsdiluted": 12.46, "weightedAverageShsOut": 3545900000, "weightedAverageShsOutDil": 3593000000, "link": "https://www.sec.gov/Archives/edgar/data/1129137/000119312507147907/0001193125-07-147907-index.htm", "finalLink": "https://www.sec.gov/Archives/edgar/data/1129137/000119312507147907/d20f.htm", "calculatedOtherExpenses": 7068943825, "calculatedOperatingExpenses": 45682658825, "calculatedNetInterest": 8748682000, "calculatedOtherIncome": -8316882000, "calculatedIncomeNonControlling": 367030000, "calculatedEbitda": 85496400000}, {"date": "2005-12-31", "symbol": "AMX", "reportedCurrency": "MXN", "cik": "0001129137", "fillingDate": "2006-06-30", "acceptedDate": "2006-06-30 10:19:48", "calendarYear": "2005", "period": "FY", "revenue": 182289877055, "costOfRevenue": 89280864915, "grossProfit": 93009012140, "grossProfitRatio": 0.5102258756, "researchAndDevelopmentExpenses": 0, "generalAndAdministrativeExpenses": 36383355000, "sellingAndMarketingExpenses": 1629405830, "sellingGeneralAndAdministrativeExpenses": 38012760830, "otherExpenses": 59287789660, "operatingExpenses": 59287789660, "costAndExpenses": 148568654575, "interestIncome": 0, "interestExpense": -7089496000, "depreciationAndAmortization": 21279805580, "ebitda": 52689388895, "ebitdaratio": 0.289041771, "operatingIncome": 33721222480, "operatingIncomeRatio": 0.184986808, "totalOtherIncomeExpensesNet": 2269253470, "incomeBeforeTax": 32117497665, "incomeBeforeTaxRatio": 0.1761891455, "incomeTaxExpense": 336973175, "netIncome": 31664746685, "netIncomeRatio": 0.1737054586, "eps": 9.18, "epsdiluted": 9.18, "weightedAverageShsOut": 3576600000, "weightedAverageShsOutDil": 3638000000, "link": "https://www.sec.gov/Archives/edgar/data/1129137/000119312506140183/0001193125-06-140183-index.htm", "finalLink": "https://www.sec.gov/Archives/edgar/data/1129137/000119312506140183/d20f.htm", "calculatedOtherExpenses": 21275028830, "calculatedOperatingExpenses": 59287789660, "calculatedNetInterest": 7089496000, "calculatedOtherIncome": -8693220815, "calculatedIncomeNonControlling": 115777805, "calculatedEbitda": 55001028060}, {"date": "2004-12-31", "symbol": "AMX", "reportedCurrency": "MXN", "cik": "0001129137", "fillingDate": "2005-06-30", "acceptedDate": "2005-06-30 15:25:58", "calendarYear": "2004", "period": "FY", "revenue": 134310688650, "costOfRevenue": 65204236692, "grossProfit": 69106451958, "grossProfitRatio": 0.5145268232, "researchAndDevelopmentExpenses": 0, "generalAndAdministrativeExpenses": 26505586000, "sellingAndMarketingExpenses": 648328562, "sellingGeneralAndAdministrativeExpenses": 27153914562, "otherExpenses": 45688829022, "operatingExpenses": 45688829022, "costAndExpenses": 110893065714, "interestIncome": 0, "interestExpense": -4592941000, "depreciationAndAmortization": 18534925566, "ebitda": 37691154090, "ebitdaratio": 0.2806266163, "operatingIncome": 23417622936, "operatingIncomeRatio": 0.1743541275, "totalOtherIncomeExpensesNet": 4168936962, "incomeBeforeTax": 24963700302, "incomeBeforeTaxRatio": 0.1858653288, "incomeTaxExpense": 8503830882, "netIncome": 16459869420, "netIncomeRatio": 0.1225507038, "eps": 4.98, "epsdiluted": 4.98, "weightedAverageShsOut": 3684800000, "weightedAverageShsOutDil": 3714714714, "link": "https://www.sec.gov/Archives/edgar/data/1129137/000119312505135833/0001193125-05-135833-index.htm", "finalLink": "https://www.sec.gov/Archives/edgar/data/1129137/000119312505135833/d20f.htm", "calculatedOtherExpenses": 18534914460, "calculatedOperatingExpenses": 45688829022, "calculatedNetInterest": 4592941000, "calculatedOtherIncome": -3046863634, "calculatedIncomeNonControlling": 0, "calculatedEbitda": 41952548502}, {"date": "2003-12-31", "symbol": "AMX", "reportedCurrency": "MXN", "cik": "0001129137", "fillingDate": "2004-06-30", "acceptedDate": "2004-06-30 13:52:40", "calendarYear": "2003", "period": "FY", "revenue": 85665403968, "costOfRevenue": 37354125552, "grossProfit": 48311278416, "grossProfitRatio": 0.5639531967, "researchAndDevelopmentExpenses": 0, "generalAndAdministrativeExpenses": 16099680000, "sellingAndMarketingExpenses": 475735358, "sellingGeneralAndAdministrativeExpenses": 16575415358, "otherExpenses": 30408767132, "operatingExpenses": 30408767132, "costAndExpenses": 67762892684, "interestIncome": 0, "interestExpense": -3780072000, "depreciationAndAmortization": 14042164643, "ebitda": 29728499815, "ebitdaratio": 0.3470304048, "operatingIncome": 17902511284, "operatingIncomeRatio": 0.2089818113, "totalOtherIncomeExpensesNet": 2087009590, "incomeBeforeTax": 18601176605, "incomeBeforeTaxRatio": 0.2171375578, "incomeTaxExpense": 3267022203, "netIncome": 15334154402, "netIncomeRatio": 0.1790005497, "eps": 4.58, "epsdiluted": 4.58, "weightedAverageShsOut": 3842100000, "weightedAverageShsOutDil": 3903903904, "link": "https://www.sec.gov/Archives/edgar/data/1129137/000119312504112016/0001193125-04-112016-index.htm", "finalLink": "https://www.sec.gov/Archives/edgar/data/1129137/000119312504112016/d20f.htm", "calculatedOtherExpenses": 13833351774, "calculatedOperatingExpenses": 30408767132, "calculatedNetInterest": 3780072000, "calculatedOtherIncome": -3081406679, "calculatedIncomeNonControlling": 0, "calculatedEbitda": 31944675927}, {"date": "2002-12-31", "symbol": "AMX", "reportedCurrency": "MXN", "cik": "0001129137", "fillingDate": "2003-06-11", "acceptedDate": "2003-06-11 16:53:49", "calendarYear": "2002", "period": "FY", "revenue": 57890906920, "costOfRevenue": 24592206870, "grossProfit": 33298700050, "grossProfitRatio": 0.5751974156, "researchAndDevelopmentExpenses": 0, "generalAndAdministrativeExpenses": 11615070000, "sellingAndMarketingExpenses": 717397070, "sellingGeneralAndAdministrativeExpenses": 12332467070, "otherExpenses": 20716882340, "operatingExpenses": 20716882340, "costAndExpenses": 45309089210, "interestIncome": 0, "interestExpense": -2346022000, "depreciationAndAmortization": 8342856830, "ebitda": 20654544680, "ebitdaratio": 0.3567839196, "operatingIncome": 12581817710, "operatingIncomeRatio": 0.2173366834, "totalOtherIncomeExpensesNet": -3771428430, "incomeBeforeTax": 7802597110, "incomeBeforeTaxRatio": 0.1347810481, "incomeTaxExpense": 3303895980, "netIncome": 4498701130, "netIncomeRatio": 0.0777099785, "eps": 1.16, "epsdiluted": 1.16, "weightedAverageShsOut": 3936900000, "weightedAverageShsOutDil": 3936900000, "link": "https://www.sec.gov/Archives/edgar/data/1129137/000119312503009401/0001193125-03-009401-index.htm", "finalLink": "https://www.sec.gov/Archives/edgar/data/1129137/000119312503009401/d20f.htm", "calculatedOtherExpenses": 8384415270, "calculatedOperatingExpenses": 20716882340, "calculatedNetInterest": 2346022000, "calculatedOtherIncome": -7125242600, "calculatedIncomeNonControlling": 0, "calculatedEbitda": 20924674540}, {"date": "2001-12-31", "symbol": "AMX", "reportedCurrency": "MXN", "cik": "0001129137", "fillingDate": "2002-07-02", "acceptedDate": "2002-07-02 17:24:34", "calendarYear": "2001", "period": "FY", "revenue": 41081740882, "costOfRevenue": 17620348504, "grossProfit": 23461392378, "grossProfitRatio": 0.5710905106, "researchAndDevelopmentExpenses": 0, "generalAndAdministrativeExpenses": 0, "sellingAndMarketingExpenses": 0, "sellingGeneralAndAdministrativeExpenses": 11055430396, "otherExpenses": 17429389044, "operatingExpenses": 17429389044, "costAndExpenses": 35049737548, "interestIncome": 0, "interestExpense": 0, "depreciationAndAmortization": 4446637816, "ebitda": 13297148570, "ebitdaratio": 0.3236753917, "operatingIncome": 6032003333, "operatingIncomeRatio": 0.1468293019, "totalOtherIncomeExpensesNet": -6493922225.28, "incomeBeforeTax": 2151131575, "incomeBeforeTaxRatio": 0.0523622303, "incomeTaxExpense": 2973559662, "netIncome": -822428087.04, "netIncomeRatio": -0.0200193095, "eps": -0.21, "epsdiluted": -0.21, "weightedAverageShsOut": 3959700000, "weightedAverageShsOutDil": 3989897898, "link": "https://www.sec.gov/Archives/edgar/data/1129137/000095013002004814/0000950130-02-004814-index.htm", "finalLink": "https://www.sec.gov/Archives/edgar/data/1129137/000095013002004814/d20f.txt", "calculatedOtherExpenses": 6373958649, "calculatedOperatingExpenses": 17429389045, "calculatedNetInterest": 0, "calculatedOtherIncome": -3880871758, "calculatedIncomeNonControlling": 0.039999961853027344, "calculatedEbitda": 10478641149}, {"date": "2000-12-31", "symbol": "AMX", "reportedCurrency": "MXN", "cik": "0001129137", "fillingDate": "2001-07-02", "acceptedDate": "2001-07-02 00:00:00", "calendarYear": "2000", "period": "FY", "revenue": 29310830550, "costOfRevenue": 14978306700, "grossProfit": 14332523850, "grossProfitRatio": 0.4889838869, "researchAndDevelopmentExpenses": 0, "generalAndAdministrativeExpenses": 0, "sellingAndMarketingExpenses": 0, "sellingGeneralAndAdministrativeExpenses": 8501201100, "otherExpenses": 11508428700, "operatingExpenses": 11508428700, "costAndExpenses": 26486735400, "interestIncome": 0, "interestExpense": 0, "depreciationAndAmortization": 3007227600, "ebitda": 9773489700, "ebitdaratio": 0.3334429464, "operatingIncome": 2824095150, "operatingIncomeRatio": 0.0963498849, "totalOtherIncomeExpensesNet": -3942166950, "incomeBeforeTax": 3903612750, "incomeBeforeTaxRatio": 0.133179875, "incomeTaxExpense": 3026504700, "netIncome": 877108050, "netIncomeRatio": 0.029924367, "eps": 0.21, "epsdiluted": 0.21, "weightedAverageShsOut": 4266600000, "weightedAverageShsOutDil": 4350529025, "link": "https://www.sec.gov/Archives/edgar/data/1129137/000095013001502841/0000950130-01-502841-index.htm", "finalLink": "https://www.sec.gov/Archives/edgar/data/1129137/000095013001502841/d20f.txt", "calculatedOtherExpenses": 3007227600, "calculatedOperatingExpenses": 11508428700, "calculatedNetInterest": 0, "calculatedOtherIncome": 1079517600, "calculatedIncomeNonControlling": 0, "calculatedEbitda": 5831322750}, {"date": "1999-12-31", "symbol": "AMX", "reportedCurrency": "MXN", "cik": "0001129137", "fillingDate": "1999-12-31", "acceptedDate": "1999-12-30 19:00:00", "calendarYear": "1999", "period": "FY", "revenue": 15291374988, "costOfRevenue": 7155644268, "grossProfit": 8135730720, "grossProfitRatio": 0.5320470348, "researchAndDevelopmentExpenses": 0, "generalAndAdministrativeExpenses": 0, "sellingAndMarketingExpenses": 0, "sellingGeneralAndAdministrativeExpenses": 4490340393, "otherExpenses": 5964921010, "operatingExpenses": 5964921010, "costAndExpenses": 13120565278, "interestIncome": 0, "interestExpense": 0, "depreciationAndAmortization": 1474580617, "ebitda": 9499780464, "ebitdaratio": 0.6212508994, "operatingIncome": 2170809709, "operatingIncomeRatio": 0.1419630158, "totalOtherIncomeExpensesNet": -5854390137.12, "incomeBeforeTax": 5355752482, "incomeBeforeTaxRatio": 0.3502466251, "incomeTaxExpense": 1101978809, "netIncome": 4253773673, "netIncomeRatio": 0.2781812411, "eps": 1, "epsdiluted": 1, "weightedAverageShsOut": 4345500000, "weightedAverageShsOutDil": 4345500000, "link": "", "finalLink": "", "calculatedOtherExpenses": 1474580618, "calculatedOperatingExpenses": 5964921011, "calculatedNetInterest": 0, "calculatedOtherIncome": 3184942773, "calculatedIncomeNonControlling": 0, "calculatedEbitda": 3645390326}, {"date": "1998-12-31", "symbol": "AMX", "reportedCurrency": "MXN", "cik": "0001129137", "fillingDate": "1998-12-31", "acceptedDate": "1998-12-30 19:00:00", "calendarYear": "1998", "period": "FY", "revenue": 9413895000, "costOfRevenue": 3703717000, "grossProfit": 5710178000, "grossProfitRatio": 0.6065691194, "researchAndDevelopmentExpenses": 0, "generalAndAdministrativeExpenses": 0, "sellingAndMarketingExpenses": 0, "sellingGeneralAndAdministrativeExpenses": 3105944000, "otherExpenses": 10704145000, "operatingExpenses": 10704145000, "costAndExpenses": 14407862000, "interestIncome": 0, "interestExpense": 0, "depreciationAndAmortization": 788540000, "ebitda": 2604234000, "ebitdaratio": 0.2766372474, "operatingIncome": 1815694000, "operatingIncomeRatio": 0.1928738317, "totalOtherIncomeExpensesNet": 3179812000, "incomeBeforeTax": 4995506000, "incomeBeforeTaxRatio": 0.5306524026, "incomeTaxExpense": 1100087000, "netIncome": 3898465000, "netIncomeRatio": 0.4141181732, "eps": 0.9, "epsdiluted": 0.9, "weightedAverageShsOut": 4345500000, "weightedAverageShsOutDil": 4345500000, "link": "", "finalLink": "", "calculatedOtherExpenses": 788540000, "calculatedOperatingExpenses": 3894484000, "calculatedNetInterest": 0, "calculatedOtherIncome": 3179812000, "calculatedIncomeNonControlling": -3046000, "calculatedEbitda": 2604234000}]}