{"originalCurrency": "USD", "convertedCurrency": "USD", "report": [{"date": "2023-12-31", "symbol": "AMZN", "reportedCurrency": "USD", "cik": "0001018724", "fillingDate": "2024-02-02", "acceptedDate": "2024-02-01 18:48:30", "calendarYear": "2023", "period": "FY", "revenue": 574785000000, "costOfRevenue": 304739000000, "grossProfit": 270046000000, "grossProfitRatio": 0.4698208896, "researchAndDevelopmentExpenses": 85622000000, "generalAndAdministrativeExpenses": 11816000000, "sellingAndMarketingExpenses": 44370000000, "sellingGeneralAndAdministrativeExpenses": 146805000000, "otherExpenses": -177000000, "operatingExpenses": 232427000000, "costAndExpenses": 537933000000, "interestIncome": 2949000000, "interestExpense": 3182000000, "depreciationAndAmortization": 48663000000, "ebitda": 85515000000, "ebitdaratio": 0.1487773689, "operatingIncome": 36852000000, "operatingIncomeRatio": 0.064114408, "totalOtherIncomeExpensesNet": 693000000, "incomeBeforeTax": 37545000000, "incomeBeforeTaxRatio": 0.0653200762, "incomeTaxExpense": 7120000000, "netIncome": 30425000000, "netIncomeRatio": 0.0529328358, "eps": 2.95, "epsdiluted": 2.9, "weightedAverageShsOut": 10304000000, "weightedAverageShsOutDil": 10492000000, "link": "https://www.sec.gov/Archives/edgar/data/1018724/000101872424000008/0001018724-24-000008-index.htm", "finalLink": "https://www.sec.gov/Archives/edgar/data/1018724/000101872424000008/amzn-20231231.htm", "calculatedOtherExpenses": 767000000, "calculatedOperatingExpenses": 233194000000, "calculatedNetInterest": -233000000, "calculatedOtherIncome": 926000000, "calculatedIncomeNonControlling": 0, "calculatedEbitda": 85515000000}, {"date": "2022-12-31", "symbol": "AMZN", "reportedCurrency": "USD", "cik": "0001018724", "fillingDate": "2023-02-03", "acceptedDate": "2023-02-02 18:27:34", "calendarYear": "2022", "period": "FY", "revenue": 513983000000, "costOfRevenue": 288831000000, "grossProfit": 225152000000, "grossProfitRatio": 0.4380533987, "researchAndDevelopmentExpenses": 73213000000, "generalAndAdministrativeExpenses": 11891000000, "sellingAndMarketingExpenses": 42238000000, "sellingGeneralAndAdministrativeExpenses": 138428000000, "otherExpenses": -16806000000, "operatingExpenses": 229713000000, "costAndExpenses": 518544000000, "interestIncome": 989000000, "interestExpense": 2367000000, "depreciationAndAmortization": 41921000000, "ebitda": 54618000000, "ebitdaratio": 0.106264215, "operatingIncome": 12248000000, "operatingIncomeRatio": 0.0238295819, "totalOtherIncomeExpensesNet": -16806000000, "incomeBeforeTax": -5936000000, "incomeBeforeTaxRatio": -0.0115490201, "incomeTaxExpense": -3217000000, "netIncome": -2722000000, "netIncomeRatio": -0.005295895, "eps": -0.27, "epsdiluted": -0.27, "weightedAverageShsOut": 10189000000, "weightedAverageShsOutDil": 10189000000, "link": "https://www.sec.gov/Archives/edgar/data/1018724/000101872423000004/0001018724-23-000004-index.htm", "finalLink": "https://www.sec.gov/Archives/edgar/data/1018724/000101872423000004/amzn-20221231.htm", "calculatedOtherExpenses": 1263000000, "calculatedOperatingExpenses": 212904000000, "calculatedNetInterest": -1378000000, "calculatedOtherIncome": -16806000000, "calculatedIncomeNonControlling": 3000000, "calculatedEbitda": 54169000000}, {"date": "2021-12-31", "symbol": "AMZN", "reportedCurrency": "USD", "cik": "0001018724", "fillingDate": "2022-02-04", "acceptedDate": "2022-02-03 18:46:51", "calendarYear": "2021", "period": "FY", "revenue": 469822000000, "costOfRevenue": 272344000000, "grossProfit": 197478000000, "grossProfitRatio": 0.4203251444, "researchAndDevelopmentExpenses": 56052000000, "generalAndAdministrativeExpenses": 8823000000, "sellingAndMarketingExpenses": 32551000000, "sellingGeneralAndAdministrativeExpenses": 116485000000, "otherExpenses": 14633000000, "operatingExpenses": 157962000000, "costAndExpenses": 430306000000, "interestIncome": 448000000, "interestExpense": 1809000000, "depreciationAndAmortization": 34433000000, "ebitda": 59741000000, "ebitdaratio": 0.1271566678, "operatingIncome": 24879000000, "operatingIncomeRatio": 0.0529540975, "totalOtherIncomeExpensesNet": 13276000000, "incomeBeforeTax": 38155000000, "incomeBeforeTaxRatio": 0.0812116078, "incomeTaxExpense": 4791000000, "netIncome": 33364000000, "netIncomeRatio": 0.0710141288, "eps": 3.3, "epsdiluted": 3.24, "weightedAverageShsOut": 10120000000, "weightedAverageShsOutDil": 10300000000, "link": "https://www.sec.gov/Archives/edgar/data/1018724/000101872422000005/0001018724-22-000005-index.htm", "finalLink": "https://www.sec.gov/Archives/edgar/data/1018724/000101872422000005/amzn-20211231.htm", "calculatedOtherExpenses": 62000000, "calculatedOperatingExpenses": 172599000000, "calculatedNetInterest": -1361000000, "calculatedOtherIncome": 14637000000, "calculatedIncomeNonControlling": 0, "calculatedEbitda": 59312000000}, {"date": "2020-12-31", "symbol": "AMZN", "reportedCurrency": "USD", "cik": "0001018724", "fillingDate": "2021-02-03", "acceptedDate": "2021-02-02 19:44:10", "calendarYear": "2020", "period": "FY", "revenue": 386064000000, "costOfRevenue": 233307000000, "grossProfit": 152757000000, "grossProfitRatio": 0.3956779187, "researchAndDevelopmentExpenses": 42740000000, "generalAndAdministrativeExpenses": 6668000000, "sellingAndMarketingExpenses": 22008000000, "sellingGeneralAndAdministrativeExpenses": 87193000000, "otherExpenses": 2371000000, "operatingExpenses": 127471000000, "costAndExpenses": 360778000000, "interestIncome": 555000000, "interestExpense": 1647000000, "depreciationAndAmortization": 25251000000, "ebitda": 48647000000, "ebitdaratio": 0.126007605, "operatingIncome": 22899000000, "operatingIncomeRatio": 0.0593139998, "totalOtherIncomeExpensesNet": 1295000000, "incomeBeforeTax": 24194000000, "incomeBeforeTaxRatio": 0.0626683659, "incomeTaxExpense": 2863000000, "netIncome": 21331000000, "netIncomeRatio": 0.055252497, "eps": 2.13, "epsdiluted": 2.09, "weightedAverageShsOut": 10000000000, "weightedAverageShsOutDil": 10200000000, "link": "https://www.sec.gov/Archives/edgar/data/1018724/000101872421000004/0001018724-21-000004-index.htm", "finalLink": "https://www.sec.gov/Archives/edgar/data/1018724/000101872421000004/amzn-20201231.htm", "calculatedOtherExpenses": -75000000, "calculatedOperatingExpenses": 129858000000, "calculatedNetInterest": -1092000000, "calculatedOtherIncome": 2387000000, "calculatedIncomeNonControlling": 0, "calculatedEbitda": 48150000000}, {"date": "2019-12-31", "symbol": "AMZN", "reportedCurrency": "USD", "cik": "0001018724", "fillingDate": "2020-01-31", "acceptedDate": "2020-01-30 20:46:13", "calendarYear": "2019", "period": "FY", "revenue": 280522000000, "costOfRevenue": 165536000000, "grossProfit": 114986000000, "grossProfitRatio": 0.4099001148, "researchAndDevelopmentExpenses": 35931000000, "generalAndAdministrativeExpenses": 5203000000, "sellingAndMarketingExpenses": 18878000000, "sellingGeneralAndAdministrativeExpenses": 64313000000, "otherExpenses": 203000000, "operatingExpenses": 100256000000, "costAndExpenses": 265792000000, "interestIncome": 832000000, "interestExpense": 1600000000, "depreciationAndAmortization": 21789000000, "ebitda": 37039000000, "ebitdaratio": 0.13203599, "operatingIncome": 14541000000, "operatingIncomeRatio": 0.0518355067, "totalOtherIncomeExpensesNet": -579000000, "incomeBeforeTax": 13962000000, "incomeBeforeTaxRatio": 0.0497714974, "incomeTaxExpense": 2374000000, "netIncome": 11588000000, "netIncomeRatio": 0.0413087031, "eps": 1.17, "epsdiluted": 1.15, "weightedAverageShsOut": 9880000000, "weightedAverageShsOutDil": 10080000000, "link": "https://www.sec.gov/Archives/edgar/data/1018724/000101872420000004/0001018724-20-000004-index.htm", "finalLink": "https://www.sec.gov/Archives/edgar/data/1018724/000101872420000004/amzn-20191231x10k.htm", "calculatedOtherExpenses": 201000000, "calculatedOperatingExpenses": 100445000000, "calculatedNetInterest": -768000000, "calculatedOtherIncome": 189000000, "calculatedIncomeNonControlling": 0, "calculatedEbitda": 36330000000}, {"date": "2018-12-31", "symbol": "AMZN", "reportedCurrency": "USD", "cik": "0001018724", "fillingDate": "2019-02-01", "acceptedDate": "2019-01-31 20:22:40", "calendarYear": "2018", "period": "FY", "revenue": 232887000000, "costOfRevenue": 139156000000, "grossProfit": 93731000000, "grossProfitRatio": 0.4024741613, "researchAndDevelopmentExpenses": 28837000000, "generalAndAdministrativeExpenses": 4336000000, "sellingAndMarketingExpenses": 13814000000, "sellingGeneralAndAdministrativeExpenses": 52177000000, "otherExpenses": -183000000, "operatingExpenses": 81484000000, "costAndExpenses": 220640000000, "interestIncome": 440000000, "interestExpense": 1417000000, "depreciationAndAmortization": 15341000000, "ebitda": 28019000000, "ebitdaratio": 0.1203115674, "operatingIncome": 12421000000, "operatingIncomeRatio": 0.0533348791, "totalOtherIncomeExpensesNet": -1151000000, "incomeBeforeTax": 11270000000, "incomeBeforeTaxRatio": 0.0483925681, "incomeTaxExpense": 1197000000, "netIncome": 10073000000, "netIncomeRatio": 0.0432527363, "eps": 1.03, "epsdiluted": 1.01, "weightedAverageShsOut": 9740000000, "weightedAverageShsOutDil": 10000000000, "link": "https://www.sec.gov/Archives/edgar/data/1018724/000101872419000004/0001018724-19-000004-index.htm", "finalLink": "https://www.sec.gov/Archives/edgar/data/1018724/000101872419000004/amzn-20181231x10k.htm", "calculatedOtherExpenses": 296000000, "calculatedOperatingExpenses": 81310000000, "calculatedNetInterest": -977000000, "calculatedOtherIncome": -174000000, "calculatedIncomeNonControlling": 0, "calculatedEbitda": 27762000000}, {"date": "2017-12-31", "symbol": "AMZN", "reportedCurrency": "USD", "cik": "0001018724", "fillingDate": "2018-02-02", "acceptedDate": "2018-02-01 20:41:15", "calendarYear": "2017", "period": "FY", "revenue": 177866000000, "costOfRevenue": 111934000000, "grossProfit": 65932000000, "grossProfitRatio": 0.3706835483, "researchAndDevelopmentExpenses": 22620000000, "generalAndAdministrativeExpenses": 3674000000, "sellingAndMarketingExpenses": 10069000000, "sellingGeneralAndAdministrativeExpenses": 38992000000, "otherExpenses": 346000000, "operatingExpenses": 61484000000, "costAndExpenses": 173418000000, "interestIncome": 202000000, "interestExpense": 848000000, "depreciationAndAmortization": 11478000000, "ebitda": 16132000000, "ebitdaratio": 0.0906974914, "operatingIncome": 4106000000, "operatingIncomeRatio": 0.0230847942, "totalOtherIncomeExpensesNet": -304000000, "incomeBeforeTax": 3802000000, "incomeBeforeTaxRatio": 0.0213756423, "incomeTaxExpense": 769000000, "netIncome": 3033000000, "netIncomeRatio": 0.0170521629, "eps": 0.32, "epsdiluted": 0.31, "weightedAverageShsOut": 9600000000, "weightedAverageShsOutDil": 9860000000, "link": "https://www.sec.gov/Archives/edgar/data/1018724/000101872418000005/0001018724-18-000005-index.htm", "finalLink": "https://www.sec.gov/Archives/edgar/data/1018724/000101872418000005/amzn-20171231x10k.htm", "calculatedOtherExpenses": 214000000, "calculatedOperatingExpenses": 61826000000, "calculatedNetInterest": -646000000, "calculatedOtherIncome": 342000000, "calculatedIncomeNonControlling": 0, "calculatedEbitda": 15584000000}, {"date": "2016-12-31", "symbol": "AMZN", "reportedCurrency": "USD", "cik": "0001018724", "fillingDate": "2017-02-10", "acceptedDate": "2017-02-09 17:56:36", "calendarYear": "2016", "period": "FY", "revenue": 135987000000, "costOfRevenue": 88265000000, "grossProfit": 47722000000, "grossProfitRatio": 0.3509306037, "researchAndDevelopmentExpenses": 16085000000, "generalAndAdministrativeExpenses": 2432000000, "sellingAndMarketingExpenses": 7233000000, "sellingGeneralAndAdministrativeExpenses": 27284000000, "otherExpenses": 90000000, "operatingExpenses": 43542000000, "costAndExpenses": 131807000000, "interestIncome": 100000000, "interestExpense": 484000000, "depreciationAndAmortization": 8116000000, "ebitda": 12492000000, "ebitdaratio": 0.0918617221, "operatingIncome": 4186000000, "operatingIncomeRatio": 0.0307823542, "totalOtherIncomeExpensesNet": -390000000, "incomeBeforeTax": 3796000000, "incomeBeforeTaxRatio": 0.027914433, "incomeTaxExpense": 1425000000, "netIncome": 2371000000, "netIncomeRatio": 0.0174354902, "eps": 0.25, "epsdiluted": 0.25, "weightedAverageShsOut": 9480000000, "weightedAverageShsOutDil": 9680000000, "link": "https://www.sec.gov/Archives/edgar/data/1018724/000101872417000011/0001018724-17-000011-index.htm", "finalLink": "https://www.sec.gov/Archives/edgar/data/1018724/000101872417000011/amzn-20161231x10k.htm", "calculatedOtherExpenses": 167000000, "calculatedOperatingExpenses": 43536000000, "calculatedNetInterest": -384000000, "calculatedOtherIncome": -6000000, "calculatedIncomeNonControlling": 0, "calculatedEbitda": 12302000000}, {"date": "2015-12-31", "symbol": "AMZN", "reportedCurrency": "USD", "cik": "0001018724", "fillingDate": "2016-01-29", "acceptedDate": "2016-01-28 19:38:11", "calendarYear": "2015", "period": "FY", "revenue": 107006000000, "costOfRevenue": 71651000000, "grossProfit": 35355000000, "grossProfitRatio": 0.3304020335, "researchAndDevelopmentExpenses": 635000000, "generalAndAdministrativeExpenses": 1747000000, "sellingAndMarketingExpenses": 5254000000, "sellingGeneralAndAdministrativeExpenses": 20411000000, "otherExpenses": -256000000, "operatingExpenses": 33400000000, "costAndExpenses": 105051000000, "interestIncome": 50000000, "interestExpense": 459000000, "depreciationAndAmortization": 5646000000, "ebitda": 8308000000, "ebitdaratio": 0.0776405061, "operatingIncome": 2233000000, "operatingIncomeRatio": 0.0208679887, "totalOtherIncomeExpensesNet": -687000000, "incomeBeforeTax": 1546000000, "incomeBeforeTaxRatio": 0.014447788, "incomeTaxExpense": 950000000, "netIncome": 596000000, "netIncomeRatio": 0.0055697811, "eps": 0.0638, "epsdiluted": 0.0625, "weightedAverageShsOut": 9340000000, "weightedAverageShsOutDil": 9540000000, "link": "https://www.sec.gov/Archives/edgar/data/1018724/000101872416000172/0001018724-16-000172-index.htm", "finalLink": "https://www.sec.gov/Archives/edgar/data/1018724/000101872416000172/amzn-20151231x10k.htm", "calculatedOtherExpenses": 12076000000, "calculatedOperatingExpenses": 33122000000, "calculatedNetInterest": -409000000, "calculatedOtherIncome": -278000000, "calculatedIncomeNonControlling": 0, "calculatedEbitda": 7879000000}, {"date": "2014-12-31", "symbol": "AMZN", "reportedCurrency": "USD", "cik": "0001018724", "fillingDate": "2015-01-30", "acceptedDate": "2015-01-29 19:38:08", "calendarYear": "2014", "period": "FY", "revenue": 88988000000, "costOfRevenue": 62752000000, "grossProfit": 26236000000, "grossProfitRatio": 0.2948262687, "researchAndDevelopmentExpenses": 559000000, "generalAndAdministrativeExpenses": 1552000000, "sellingAndMarketingExpenses": 4332000000, "sellingGeneralAndAdministrativeExpenses": 16650000000, "otherExpenses": -118000000, "operatingExpenses": 26139000000, "costAndExpenses": 88891000000, "interestIncome": 39000000, "interestExpense": 210000000, "depreciationAndAmortization": 4187000000, "ebitda": 4845000000, "ebitdaratio": 0.0544455432, "operatingIncome": 178000000, "operatingIncomeRatio": 0.0020002697, "totalOtherIncomeExpensesNet": -252000000, "incomeBeforeTax": -74000000, "incomeBeforeTaxRatio": -0.0008315728, "incomeTaxExpense": 167000000, "netIncome": -241000000, "netIncomeRatio": -0.0027082303, "eps": -0.0261, "epsdiluted": -0.0261, "weightedAverageShsOut": 9240000000, "weightedAverageShsOutDil": 9240000000, "link": "https://www.sec.gov/Archives/edgar/data/1018724/000101872415000006/0001018724-15-000006-index.htm", "finalLink": "https://www.sec.gov/Archives/edgar/data/1018724/000101872415000006/amzn-20141231x10k.htm", "calculatedOtherExpenses": 8849000000, "calculatedOperatingExpenses": 26058000000, "calculatedNetInterest": -171000000, "calculatedOtherIncome": -81000000, "calculatedIncomeNonControlling": 0, "calculatedEbitda": 4365000000}, {"date": "2013-12-31", "symbol": "AMZN", "reportedCurrency": "USD", "cik": "0001018724", "fillingDate": "2014-01-31", "acceptedDate": "2014-01-30 21:52:38", "calendarYear": "2013", "period": "FY", "revenue": 74452000000, "costOfRevenue": 54181000000, "grossProfit": 20271000000, "grossProfitRatio": 0.2722693816, "researchAndDevelopmentExpenses": 451000000, "generalAndAdministrativeExpenses": 1129000000, "sellingAndMarketingExpenses": 3133000000, "sellingGeneralAndAdministrativeExpenses": 12847000000, "otherExpenses": -136000000, "operatingExpenses": 19733000000, "costAndExpenses": 73914000000, "interestIncome": 38000000, "interestExpense": 141000000, "depreciationAndAmortization": 2802000000, "ebitda": 3900000000, "ebitdaratio": 0.0523827432, "operatingIncome": 745000000, "operatingIncomeRatio": 0.0100064471, "totalOtherIncomeExpensesNet": -310000000, "incomeBeforeTax": 435000000, "incomeBeforeTaxRatio": 0.0058426906, "incomeTaxExpense": 161000000, "netIncome": 274000000, "netIncomeRatio": 0.0036802235, "eps": 0.03, "epsdiluted": 0.0295, "weightedAverageShsOut": 9140000000, "weightedAverageShsOutDil": 9300000000, "link": "https://www.sec.gov/Archives/edgar/data/1018724/000101872414000006/0001018724-14-000006-index.htm", "finalLink": "https://www.sec.gov/Archives/edgar/data/1018724/000101872414000006/amzn-20131231x10k.htm", "calculatedOtherExpenses": 6228000000, "calculatedOperatingExpenses": 19526000000, "calculatedNetInterest": -103000000, "calculatedOtherIncome": -207000000, "calculatedIncomeNonControlling": 0, "calculatedEbitda": 3547000000}, {"date": "2012-12-31", "symbol": "AMZN", "reportedCurrency": "USD", "cik": "0001018724", "fillingDate": "2013-01-30", "acceptedDate": "2013-01-29 19:13:32", "calendarYear": "2012", "period": "FY", "revenue": 61093000000, "costOfRevenue": 45971000000, "grossProfit": 15122000000, "grossProfitRatio": 0.2475242663, "researchAndDevelopmentExpenses": 327000000, "generalAndAdministrativeExpenses": 896000000, "sellingAndMarketingExpenses": 2408000000, "sellingGeneralAndAdministrativeExpenses": 9723000000, "otherExpenses": -80000000, "operatingExpenses": 14681000000, "costAndExpenses": 60652000000, "interestIncome": 40000000, "interestExpense": 92000000, "depreciationAndAmortization": 1832000000, "ebitda": 2795000000, "ebitdaratio": 0.0457499222, "operatingIncome": 676000000, "operatingIncomeRatio": 0.0110650975, "totalOtherIncomeExpensesNet": -287000000, "incomeBeforeTax": 389000000, "incomeBeforeTaxRatio": 0.0063673416, "incomeTaxExpense": 428000000, "netIncome": -39000000, "netIncomeRatio": -0.000638371, "eps": -0.0045, "epsdiluted": -0.0043, "weightedAverageShsOut": 8666666666, "weightedAverageShsOutDil": 9060000000, "link": "https://www.sec.gov/Archives/edgar/data/1018724/000119312513028520/0001193125-13-028520-index.htm", "finalLink": "https://www.sec.gov/Archives/edgar/data/1018724/000119312513028520/d445434d10k.htm", "calculatedOtherExpenses": 4396000000, "calculatedOperatingExpenses": 14446000000, "calculatedNetInterest": -52000000, "calculatedOtherIncome": -235000000, "calculatedIncomeNonControlling": 0, "calculatedEbitda": 2508000000}, {"date": "2011-12-31", "symbol": "AMZN", "reportedCurrency": "USD", "cik": "0001018724", "fillingDate": "2012-02-01", "acceptedDate": "2012-01-31 21:58:32", "calendarYear": "2011", "period": "FY", "revenue": 48077000000, "costOfRevenue": 44773000000, "grossProfit": 3304000000, "grossProfitRatio": 0.06872309, "researchAndDevelopmentExpenses": 2909000000, "generalAndAdministrativeExpenses": 658000000, "sellingAndMarketingExpenses": 1630000000, "sellingGeneralAndAdministrativeExpenses": 2288000000, "otherExpenses": 76000000, "operatingExpenses": 2442000000, "costAndExpenses": 47215000000, "interestIncome": 61000000, "interestExpense": 65000000, "depreciationAndAmortization": 1083000000, "ebitda": 2082000000, "ebitdaratio": 0.0433055307, "operatingIncome": 862000000, "operatingIncomeRatio": 0.0179295713, "totalOtherIncomeExpensesNet": 76000000, "incomeBeforeTax": 934000000, "incomeBeforeTaxRatio": 0.0194271689, "incomeTaxExpense": 291000000, "netIncome": 631000000, "netIncomeRatio": 0.013124779, "eps": 0.0695, "epsdiluted": 0.0685, "weightedAverageShsOut": 9060000000, "weightedAverageShsOutDil": 9220000000, "link": "https://www.sec.gov/Archives/edgar/data/1018724/000119312512032846/0001193125-12-032846-index.htm", "finalLink": "https://www.sec.gov/Archives/edgar/data/1018724/000119312512032846/d269317d10k.htm", "calculatedOtherExpenses": -2755000000, "calculatedOperatingExpenses": 2442000000, "calculatedNetInterest": -4000000, "calculatedOtherIncome": 76000000, "calculatedIncomeNonControlling": 12000000, "calculatedEbitda": 1945000000}, {"date": "2010-12-31", "symbol": "AMZN", "reportedCurrency": "USD", "cik": "0001018724", "fillingDate": "2011-01-28", "acceptedDate": "2011-01-27 20:08:28", "calendarYear": "2010", "period": "FY", "revenue": 34204000000, "costOfRevenue": 31193000000, "grossProfit": 3011000000, "grossProfitRatio": 0.0880306397, "researchAndDevelopmentExpenses": 1734000000, "generalAndAdministrativeExpenses": 470000000, "sellingAndMarketingExpenses": 1029000000, "sellingGeneralAndAdministrativeExpenses": 1499000000, "otherExpenses": 79000000, "operatingExpenses": 1605000000, "costAndExpenses": 32798000000, "interestIncome": 51000000, "interestExpense": 39000000, "depreciationAndAmortization": 568000000, "ebitda": 2104000000, "ebitdaratio": 0.0615132733, "operatingIncome": 1406000000, "operatingIncomeRatio": 0.0411063034, "totalOtherIncomeExpensesNet": 79000000, "incomeBeforeTax": 1497000000, "incomeBeforeTaxRatio": 0.0437668109, "incomeTaxExpense": 352000000, "netIncome": 1152000000, "netIncomeRatio": 0.0336802713, "eps": 0.13, "epsdiluted": 0.13, "weightedAverageShsOut": 8940000000, "weightedAverageShsOutDil": 9120000000, "link": "https://www.sec.gov/Archives/edgar/data/1018724/000119312511016253/0001193125-11-016253-index.htm", "finalLink": "https://www.sec.gov/Archives/edgar/data/1018724/000119312511016253/d10k.htm", "calculatedOtherExpenses": -1628000000, "calculatedOperatingExpenses": 1605000000, "calculatedNetInterest": 12000000, "calculatedOtherIncome": 79000000, "calculatedIncomeNonControlling": -7000000, "calculatedEbitda": 1974000000}, {"date": "2009-12-31", "symbol": "AMZN", "reportedCurrency": "USD", "cik": "0001018724", "fillingDate": "2010-01-29", "acceptedDate": "2010-01-28 21:42:22", "calendarYear": "2009", "period": "FY", "revenue": 24509000000, "costOfRevenue": 22270000000, "grossProfit": 2239000000, "grossProfitRatio": 0.0913541964, "researchAndDevelopmentExpenses": 1240000000, "generalAndAdministrativeExpenses": 328000000, "sellingAndMarketingExpenses": 680000000, "sellingGeneralAndAdministrativeExpenses": 1008000000, "otherExpenses": 29000000, "operatingExpenses": 1110000000, "costAndExpenses": 23380000000, "interestIncome": 37000000, "interestExpense": 34000000, "depreciationAndAmortization": 378000000, "ebitda": 1544000000, "ebitdaratio": 0.0629972663, "operatingIncome": 1129000000, "operatingIncomeRatio": 0.0460647109, "totalOtherIncomeExpensesNet": 29000000, "incomeBeforeTax": 1161000000, "incomeBeforeTaxRatio": 0.0473703537, "incomeTaxExpense": 253000000, "netIncome": 902000000, "netIncomeRatio": 0.0368028071, "eps": 0.1, "epsdiluted": 0.1, "weightedAverageShsOut": 8660000000, "weightedAverageShsOutDil": 8840000000, "link": "https://www.sec.gov/Archives/edgar/data/1018724/000119312510016098/0001193125-10-016098-index.htm", "finalLink": "https://www.sec.gov/Archives/edgar/data/1018724/000119312510016098/d10k.htm", "calculatedOtherExpenses": -1138000000, "calculatedOperatingExpenses": 1110000000, "calculatedNetInterest": 3000000, "calculatedOtherIncome": 29000000, "calculatedIncomeNonControlling": 6000000, "calculatedEbitda": 1507000000}, {"date": "2008-12-31", "symbol": "AMZN", "reportedCurrency": "USD", "cik": "0001018724", "fillingDate": "2009-01-30", "acceptedDate": "2009-01-29 18:48:15", "calendarYear": "2008", "period": "FY", "revenue": 19166000000, "costOfRevenue": 17587000000, "grossProfit": 1579000000, "grossProfitRatio": 0.0823854743, "researchAndDevelopmentExpenses": 1033000000, "generalAndAdministrativeExpenses": 279000000, "sellingAndMarketingExpenses": 482000000, "sellingGeneralAndAdministrativeExpenses": 761000000, "otherExpenses": 9000000, "operatingExpenses": 737000000, "costAndExpenses": 18324000000, "interestIncome": 83000000, "interestExpense": 71000000, "depreciationAndAmortization": 287000000, "ebitda": 1212000000, "ebitdaratio": 0.0632369822, "operatingIncome": 842000000, "operatingIncomeRatio": 0.0439319629, "totalOtherIncomeExpensesNet": 47000000, "incomeBeforeTax": 901000000, "incomeBeforeTaxRatio": 0.0470103308, "incomeTaxExpense": 247000000, "netIncome": 645000000, "netIncomeRatio": 0.0336533445, "eps": 0.076, "epsdiluted": 0.0745, "weightedAverageShsOut": 8460000000, "weightedAverageShsOutDil": 8640000000, "link": "https://www.sec.gov/Archives/edgar/data/1018724/000119312509014406/0001193125-09-014406-index.htm", "finalLink": "https://www.sec.gov/Archives/edgar/data/1018724/000119312509014406/d10k.htm", "calculatedOtherExpenses": -1057000000, "calculatedOperatingExpenses": 737000000, "calculatedNetInterest": 12000000, "calculatedOtherIncome": 47000000, "calculatedIncomeNonControlling": 9000000, "calculatedEbitda": 1129000000}, {"date": "2007-12-31", "symbol": "AMZN", "reportedCurrency": "USD", "cik": "0001018724", "fillingDate": "2008-02-11", "acceptedDate": "2008-02-08 21:43:32", "calendarYear": "2007", "period": "FY", "revenue": 14835000000, "costOfRevenue": 13592000000, "grossProfit": 1243000000, "grossProfitRatio": 0.0837883384, "researchAndDevelopmentExpenses": 818000000, "generalAndAdministrativeExpenses": 235000000, "sellingAndMarketingExpenses": 344000000, "sellingGeneralAndAdministrativeExpenses": 579000000, "otherExpenses": -7000000, "operatingExpenses": 588000000, "costAndExpenses": 14180000000, "interestIncome": 90000000, "interestExpense": 77000000, "depreciationAndAmortization": 246000000, "ebitda": 983000000, "ebitdaratio": 0.0662622177, "operatingIncome": 655000000, "operatingIncomeRatio": 0.0441523424, "totalOtherIncomeExpensesNet": -8000000, "incomeBeforeTax": 660000000, "incomeBeforeTaxRatio": 0.0444893832, "incomeTaxExpense": 184000000, "netIncome": 476000000, "netIncomeRatio": 0.0320862824, "eps": 0.0575, "epsdiluted": 0.056, "weightedAverageShsOut": 8260000000, "weightedAverageShsOutDil": 8480000000, "link": "https://www.sec.gov/Archives/edgar/data/1018724/000119312508024707/0001193125-08-024707-index.htm", "finalLink": "https://www.sec.gov/Archives/edgar/data/1018724/000119312508024707/d10k.htm", "calculatedOtherExpenses": -809000000, "calculatedOperatingExpenses": 588000000, "calculatedNetInterest": 13000000, "calculatedOtherIncome": -8000000, "calculatedIncomeNonControlling": 0, "calculatedEbitda": 901000000}, {"date": "2006-12-31", "symbol": "AMZN", "reportedCurrency": "USD", "cik": "0001018724", "fillingDate": "2007-02-16", "acceptedDate": "2007-02-16 16:14:12", "calendarYear": "2006", "period": "FY", "revenue": 10711000000, "costOfRevenue": 9854000000, "grossProfit": 857000000, "grossProfitRatio": 0.0800112034, "researchAndDevelopmentExpenses": 662000000, "generalAndAdministrativeExpenses": 195000000, "sellingAndMarketingExpenses": 263000000, "sellingGeneralAndAdministrativeExpenses": 458000000, "otherExpenses": -6000000, "operatingExpenses": 468000000, "costAndExpenses": 10322000000, "interestIncome": 59000000, "interestExpense": 78000000, "depreciationAndAmortization": 205000000, "ebitda": 647000000, "ebitdaratio": 0.0604051909, "operatingIncome": 389000000, "operatingIncomeRatio": 0.0363178041, "totalOtherIncomeExpensesNet": 7000000, "incomeBeforeTax": 377000000, "incomeBeforeTaxRatio": 0.0351974606, "incomeTaxExpense": 187000000, "netIncome": 190000000, "netIncomeRatio": 0.0177387732, "eps": 0.023, "epsdiluted": 0.0225, "weightedAverageShsOut": 8320000000, "weightedAverageShsOutDil": 8480000000, "link": "https://www.sec.gov/Archives/edgar/data/1018724/000119312507034081/0001193125-07-034081-index.htm", "finalLink": "https://www.sec.gov/Archives/edgar/data/1018724/000119312507034081/d10k.htm", "calculatedOtherExpenses": -652000000, "calculatedOperatingExpenses": 468000000, "calculatedNetInterest": -19000000, "calculatedOtherIncome": 7000000, "calculatedIncomeNonControlling": 0, "calculatedEbitda": 594000000}, {"date": "2005-12-31", "symbol": "AMZN", "reportedCurrency": "USD", "cik": "0001018724", "fillingDate": "2006-02-17", "acceptedDate": "2006-02-17 08:52:50", "calendarYear": "2005", "period": "FY", "revenue": 8490000000, "costOfRevenue": 7647000000, "grossProfit": 843000000, "grossProfitRatio": 0.0992932862, "researchAndDevelopmentExpenses": 451000000, "generalAndAdministrativeExpenses": 166000000, "sellingAndMarketingExpenses": 198000000, "sellingGeneralAndAdministrativeExpenses": 364000000, "otherExpenses": 9000000, "operatingExpenses": 411000000, "costAndExpenses": 8058000000, "interestIncome": 44000000, "interestExpense": 92000000, "depreciationAndAmortization": 121000000, "ebitda": 604000000, "ebitdaratio": 0.0711425206, "operatingIncome": 432000000, "operatingIncomeRatio": 0.0508833922, "totalOtherIncomeExpensesNet": 44000000, "incomeBeforeTax": 428000000, "incomeBeforeTaxRatio": 0.0504122497, "incomeTaxExpense": 95000000, "netIncome": 333000000, "netIncomeRatio": 0.0392226148, "eps": 0.0435, "epsdiluted": 0.042, "weightedAverageShsOut": 8240000000, "weightedAverageShsOutDil": 8520000000, "link": "https://www.sec.gov/Archives/edgar/data/1018724/000119312506034166/0001193125-06-034166-index.htm", "finalLink": "https://www.sec.gov/Archives/edgar/data/1018724/000119312506034166/d10k.htm", "calculatedOtherExpenses": -404000000, "calculatedOperatingExpenses": 411000000, "calculatedNetInterest": -48000000, "calculatedOtherIncome": 44000000, "calculatedIncomeNonControlling": 0, "calculatedEbitda": 553000000}, {"date": "2004-12-31", "symbol": "AMZN", "reportedCurrency": "USD", "cik": "0001018724", "fillingDate": "2005-03-11", "acceptedDate": "2005-03-11 06:20:27", "calendarYear": "2004", "period": "FY", "revenue": 6921124000, "costOfRevenue": 6160719000, "grossProfit": 760405000, "grossProfitRatio": 0.1098672701, "researchAndDevelopmentExpenses": 251195000, "generalAndAdministrativeExpenses": 169922000, "sellingAndMarketingExpenses": 158022000, "sellingGeneralAndAdministrativeExpenses": 327944000, "otherExpenses": -73000, "operatingExpenses": 319980000, "costAndExpenses": 6480699000, "interestIncome": 28197000, "interestExpense": 107227000, "depreciationAndAmortization": 75724000, "ebitda": 568000000, "ebitdaratio": 0.0820675948, "operatingIncome": 440425000, "operatingIncomeRatio": 0.0636348951, "totalOtherIncomeExpensesNet": -5525000, "incomeBeforeTax": 355870000, "incomeBeforeTaxRatio": 0.0514179489, "incomeTaxExpense": -232581000, "netIncome": 588000000, "netIncomeRatio": 0.0849572988, "eps": 0.0725, "epsdiluted": 0.0695, "weightedAverageShsOut": 8120000000, "weightedAverageShsOutDil": 8500000000, "link": "https://www.sec.gov/Archives/edgar/data/1018724/000119312505047032/0001193125-05-047032-index.htm", "finalLink": "https://www.sec.gov/Archives/edgar/data/1018724/000119312505047032/d10k.htm", "calculatedOtherExpenses": -259159000, "calculatedOperatingExpenses": 319980000, "calculatedNetInterest": -79030000, "calculatedOtherIncome": -5525000, "calculatedIncomeNonControlling": 451000, "calculatedEbitda": 516149000}, {"date": "2003-12-31", "symbol": "AMZN", "reportedCurrency": "USD", "cik": "0001018724", "fillingDate": "2004-02-25", "acceptedDate": "2004-02-25 17:25:47", "calendarYear": "2003", "period": "FY", "revenue": 5263699000, "costOfRevenue": 4691372000, "grossProfit": 572327000, "grossProfitRatio": 0.1087309514, "researchAndDevelopmentExpenses": 207809000, "generalAndAdministrativeExpenses": 176053000, "sellingAndMarketingExpenses": 122787000, "sellingGeneralAndAdministrativeExpenses": 298840000, "otherExpenses": -4872000, "operatingExpenses": 298840000, "costAndExpenses": 4990212000, "interestIncome": 21955000, "interestExpense": 129979000, "depreciationAndAmortization": 78310000, "ebitda": 367000000, "ebitdaratio": 0.0697228318, "operatingIncome": 270595000, "operatingIncomeRatio": 0.0514077648, "totalOtherIncomeExpensesNet": -129745000, "incomeBeforeTax": 35718000, "incomeBeforeTaxRatio": 0.0067857224, "incomeTaxExpense": 4000000, "netIncome": 35000000, "netIncomeRatio": 0.0066493164, "eps": 0.0045, "epsdiluted": 0.004, "weightedAverageShsOut": 7900000000, "weightedAverageShsOutDil": 8380000000, "link": "https://www.sec.gov/Archives/edgar/data/1018724/000119312504029488/0001193125-04-029488-index.htm", "finalLink": "https://www.sec.gov/Archives/edgar/data/1018724/000119312504029488/d10k.htm", "calculatedOtherExpenses": -204917000, "calculatedOperatingExpenses": 301732000, "calculatedNetInterest": -108024000, "calculatedOtherIncome": -126853000, "calculatedIncomeNonControlling": -3282000, "calculatedEbitda": 348905000}, {"date": "2002-12-31", "symbol": "AMZN", "reportedCurrency": "USD", "cik": "0001018724", "fillingDate": "2003-02-19", "acceptedDate": "2003-02-19 08:03:25", "calendarYear": "2002", "period": "FY", "revenue": 3932936000, "costOfRevenue": 3548402000, "grossProfit": 384534000, "grossProfitRatio": 0.0977727581, "researchAndDevelopmentExpenses": 215617000, "generalAndAdministrativeExpenses": 147976000, "sellingAndMarketingExpenses": 125383000, "sellingGeneralAndAdministrativeExpenses": 273359000, "otherExpenses": -95264000, "operatingExpenses": 273359000, "costAndExpenses": 3821761000, "interestIncome": 23687000, "interestExpense": 142925000, "depreciationAndAmortization": 87752000, "ebitda": 170394000, "ebitdaratio": 0.043324885, "operatingIncome": 64124000, "operatingIncomeRatio": 0.0163043589, "totalOtherIncomeExpensesNet": -137701000, "incomeBeforeTax": -145764000, "incomeBeforeTaxRatio": -0.037062388, "incomeTaxExpense": -700000, "netIncome": -149933000, "netIncomeRatio": -0.0381224103, "eps": -0.0198, "epsdiluted": -0.0198, "weightedAverageShsOut": 7567260000, "weightedAverageShsOutDil": 7567260000, "link": "https://www.sec.gov/Archives/edgar/data/1018724/000095014903000355/0000950149-03-000355-index.htm", "finalLink": "https://www.sec.gov/Archives/edgar/data/1018724/000095014903000355/v87419ore10vk.htm", "calculatedOtherExpenses": -168566000, "calculatedOperatingExpenses": 320410000, "calculatedNetInterest": -119238000, "calculatedOtherIncome": -90650000, "calculatedIncomeNonControlling": 4869000, "calculatedEbitda": 151876000}, {"date": "2001-12-31", "symbol": "AMZN", "reportedCurrency": "USD", "cik": "0001018724", "fillingDate": "2002-01-24", "acceptedDate": "2002-01-24 00:00:00", "calendarYear": "2001", "period": "FY", "revenue": 3122433000, "costOfRevenue": 2939290000, "grossProfit": 183143000, "grossProfitRatio": 0.0586539407, "researchAndDevelopmentExpenses": 241165000, "generalAndAdministrativeExpenses": 94499000, "sellingAndMarketingExpenses": 138283000, "sellingGeneralAndAdministrativeExpenses": 232782000, "otherExpenses": -1900000, "operatingExpenses": 232782000, "costAndExpenses": 3172072000, "interestIncome": 29103000, "interestExpense": 139232000, "depreciationAndAmortization": 265742000, "ebitda": 243990000, "ebitdaratio": 0.0781409881, "operatingIncome": -412257000, "operatingIncomeRatio": -0.1320306953, "totalOtherIncomeExpensesNet": -366659000, "incomeBeforeTax": -526427000, "incomeBeforeTaxRatio": -0.1685951308, "incomeTaxExpense": 168343000, "netIncome": -556754000, "netIncomeRatio": -0.1783077491, "eps": -0.0764, "epsdiluted": -0.0764, "weightedAverageShsOut": 7284220000, "weightedAverageShsOutDil": 7284220000, "link": "https://www.sec.gov/Archives/edgar/data/1018724/000103221002000059/0001032210-02-000059-index.htm", "finalLink": "https://www.sec.gov/Archives/edgar/data/1018724/000103221002000059/d10k405.htm", "calculatedOtherExpenses": 121453000, "calculatedOperatingExpenses": 595400000, "calculatedNetInterest": -110129000, "calculatedOtherIncome": -4041000, "calculatedIncomeNonControlling": -138016000, "calculatedEbitda": -146515000}, {"date": "2000-12-31", "symbol": "AMZN", "reportedCurrency": "USD", "cik": "0001018724", "fillingDate": "2001-03-23", "acceptedDate": "2001-03-23 00:00:00", "calendarYear": "2000", "period": "FY", "revenue": 2761983000, "costOfRevenue": 2375532000, "grossProfit": 386451000, "grossProfitRatio": 0.1399179503, "researchAndDevelopmentExpenses": 269326000, "generalAndAdministrativeExpenses": 133759000, "sellingAndMarketingExpenses": 594489000, "sellingGeneralAndAdministrativeExpenses": 728248000, "otherExpenses": -10058000, "operatingExpenses": 728248000, "costAndExpenses": 3103780000, "interestIncome": 40821000, "interestExpense": 130921000, "depreciationAndAmortization": 406232000, "ebitda": -44471000, "ebitdaratio": -0.0161011129, "operatingIncome": -863880000, "operatingIncomeRatio": -0.3127752778, "totalOtherIncomeExpensesNet": -674780000, "incomeBeforeTax": -1106677000, "incomeBeforeTaxRatio": -0.4006820462, "incomeTaxExpense": 285790000, "netIncome": -1411273000, "netIncomeRatio": -0.5109636808, "eps": -0.2, "epsdiluted": -0.2, "weightedAverageShsOut": 7017460000, "weightedAverageShsOutDil": 7017460000, "link": "https://www.sec.gov/Archives/edgar/data/1018724/000103221001500087/0001032210-01-500087-index.htm", "finalLink": "https://www.sec.gov/Archives/edgar/data/1018724/000103221001500087/d10k405.txt", "calculatedOtherExpenses": 252757000, "calculatedOperatingExpenses": 1250331000, "calculatedNetInterest": -90100000, "calculatedOtherIncome": -152697000, "calculatedIncomeNonControlling": 18806000, "calculatedEbitda": -457648000}, {"date": "1999-12-31", "symbol": "AMZN", "reportedCurrency": "USD", "cik": "0001018724", "fillingDate": "2000-03-29", "acceptedDate": "2000-03-29 00:00:00", "calendarYear": "1999", "period": "FY", "revenue": 1639839000, "costOfRevenue": 1508916000, "grossProfit": 130923000, "grossProfitRatio": 0.0798389354, "researchAndDevelopmentExpenses": 159722000, "generalAndAdministrativeExpenses": 100762000, "sellingAndMarketingExpenses": 413150000, "sellingGeneralAndAdministrativeExpenses": 513912000, "otherExpenses": 1671000, "operatingExpenses": 513912000, "costAndExpenses": 2022828000, "interestIncome": 45451000, "interestExpense": 84566000, "depreciationAndAmortization": 251500000, "ebitda": -84367000, "ebitdaratio": -0.0514483434, "operatingIncome": -605755000, "operatingIncomeRatio": -0.3693990691, "totalOtherIncomeExpensesNet": -221095000, "incomeBeforeTax": -643199000, "incomeBeforeTaxRatio": -0.392233018, "incomeTaxExpense": 163006000, "netIncome": -719968000, "netIncomeRatio": -0.4390479797, "eps": -0.11, "epsdiluted": -0.11, "weightedAverageShsOut": 6535060000, "weightedAverageShsOutDil": 6535060000, "link": "https://www.sec.gov/Archives/edgar/data/1018724/000089102000000622/0000891020-00-000622-index.htm", "finalLink": "https://www.sec.gov/Archives/edgar/data/1018724/000089102000000622/0000891020-00-000622.txt", "calculatedOtherExpenses": 63044000, "calculatedOperatingExpenses": 736678000, "calculatedNetInterest": -39115000, "calculatedOtherIncome": 1671000, "calculatedIncomeNonControlling": -86237000, "calculatedEbitda": -354255000}, {"date": "1998-12-31", "symbol": "AMZN", "reportedCurrency": "USD", "cik": "0001018724", "fillingDate": "1999-03-05", "acceptedDate": "1999-03-05 00:00:00", "calendarYear": "1998", "period": "FY", "revenue": 609996000, "costOfRevenue": 476155000, "grossProfit": 133841000, "grossProfitRatio": 0.2194129142, "researchAndDevelopmentExpenses": 46807000, "generalAndAdministrativeExpenses": 15799000, "sellingAndMarketingExpenses": 133023000, "sellingGeneralAndAdministrativeExpenses": 148822000, "otherExpenses": 0, "operatingExpenses": 195629000, "costAndExpenses": 671784000, "interestIncome": 14053000, "interestExpense": 26639000, "depreciationAndAmortization": 9692000, "ebitda": 3152000, "ebitdaratio": 0.005167247, "operatingIncome": -111960000, "operatingIncomeRatio": -0.1835421872, "totalOtherIncomeExpensesNet": -50172000, "incomeBeforeTax": -124546000, "incomeBeforeTaxRatio": -0.2041751093, "incomeTaxExpense": 67834000, "netIncome": -124546000, "netIncomeRatio": -0.2041751093, "eps": -0.021, "epsdiluted": -0.021, "weightedAverageShsOut": 5926880000, "weightedAverageShsOutDil": 5926880000, "link": "https://www.sec.gov/Archives/edgar/data/1018724/000089102099000375/0000891020-99-000375-index.htm", "finalLink": "https://www.sec.gov/Archives/edgar/data/1018724/0000891020-99-000375.txt", "calculatedOtherExpenses": 50172000, "calculatedOperatingExpenses": 245801000, "calculatedNetInterest": -12586000, "calculatedOtherIncome": 0, "calculatedIncomeNonControlling": -67834000, "calculatedEbitda": -102268000}, {"date": "1997-12-31", "symbol": "AMZN", "reportedCurrency": "USD", "cik": "0001018724", "fillingDate": "1998-03-30", "acceptedDate": "1998-03-30 00:00:00", "calendarYear": "1997", "period": "FY", "revenue": 147800000, "costOfRevenue": 114200000, "grossProfit": 33600000, "grossProfitRatio": 0.2273342355, "researchAndDevelopmentExpenses": 12500000, "generalAndAdministrativeExpenses": 7952000, "sellingAndMarketingExpenses": 40077000, "sellingGeneralAndAdministrativeExpenses": 45500000, "otherExpenses": 0, "operatingExpenses": 62700000, "costAndExpenses": 176900000, "interestIncome": 1901000, "interestExpense": 326000, "depreciationAndAmortization": 4700000, "ebitda": -27252000, "ebitdaratio": -0.1843843031, "operatingIncome": -29100000, "operatingIncomeRatio": -0.1968876861, "totalOtherIncomeExpensesNet": 1900000, "incomeBeforeTax": -31020000, "incomeBeforeTaxRatio": -0.2098782138, "incomeTaxExpense": -2452000, "netIncome": -27600000, "netIncomeRatio": -0.1867388363, "eps": -0.0053, "epsdiluted": -0.0053, "weightedAverageShsOut": 5213640000, "weightedAverageShsOutDil": 5213640000, "link": "https://www.sec.gov/Archives/edgar/data/1018724/000089102098000448/0000891020-98-000448-index.htm", "finalLink": "https://www.sec.gov/Archives/edgar/data/1018724/000089102098000448/", "calculatedOtherExpenses": 4700000, "calculatedOperatingExpenses": 62700000, "calculatedNetInterest": 1575000, "calculatedOtherIncome": -3495000, "calculatedIncomeNonControlling": -968000, "calculatedEbitda": -24400000}, {"date": "1996-12-31", "symbol": "AMZN", "reportedCurrency": "USD", "cik": "0001018724", "fillingDate": "1996-12-31", "acceptedDate": "1996-12-30 19:00:00", "calendarYear": "1996", "period": "FY", "revenue": 15700000, "costOfRevenue": 12000000, "grossProfit": 3700000, "grossProfitRatio": 0.2356687898, "researchAndDevelopmentExpenses": 2401000, "generalAndAdministrativeExpenses": 1411000, "sellingAndMarketingExpenses": 6090000, "sellingGeneralAndAdministrativeExpenses": 9400000, "otherExpenses": 0, "operatingExpenses": 9700000, "costAndExpenses": 21700000, "interestIncome": 202000, "interestExpense": 5000, "depreciationAndAmortization": 300000, "ebitda": -5945000, "ebitdaratio": -0.3786624204, "operatingIncome": -6000000, "operatingIncomeRatio": -0.3821656051, "totalOtherIncomeExpensesNet": 200000, "incomeBeforeTax": -6246000, "incomeBeforeTaxRatio": -0.3978343949, "incomeTaxExpense": -245000, "netIncome": -5800000, "netIncomeRatio": -0.3694267516, "eps": -0.0017, "epsdiluted": -0.0017, "weightedAverageShsOut": 3500000000, "weightedAverageShsOutDil": 3500000000, "link": "", "finalLink": "", "calculatedOtherExpenses": -2101000, "calculatedOperatingExpenses": 9700000, "calculatedNetInterest": 197000, "calculatedOtherIncome": -443000, "calculatedIncomeNonControlling": -201000, "calculatedEbitda": -5700000}]}