{"originalCurrency": "USD", "convertedCurrency": "USD", "report": [{"date": "2023-12-31", "symbol": "AN", "reportedCurrency": "USD", "cik": "0000350698", "fillingDate": "2024-02-16", "acceptedDate": "2024-02-16 17:28:28", "calendarYear": "2023", "period": "FY", "revenue": 26948900000, "costOfRevenue": 22037900000, "grossProfit": 4911000000, "grossProfitRatio": 0.1822337832, "researchAndDevelopmentExpenses": 0, "generalAndAdministrativeExpenses": 3009700000, "sellingAndMarketingExpenses": 243500000, "sellingGeneralAndAdministrativeExpenses": 3256800000, "otherExpenses": -144700000, "operatingExpenses": 3401500000, "costAndExpenses": 25439400000, "interestIncome": 0, "interestExpense": 182800000, "depreciationAndAmortization": 220500000, "ebitda": 1730000000, "ebitdaratio": 0.0641955701, "operatingIncome": 1509500000, "operatingIncomeRatio": 0.056013418, "totalOtherIncomeExpensesNet": -159300000, "incomeBeforeTax": 1350200000, "incomeBeforeTaxRatio": 0.0501022305, "incomeTaxExpense": 330000000, "netIncome": 1021100000, "netIncomeRatio": 0.0378902293, "eps": 22.89, "epsdiluted": 22.74, "weightedAverageShsOut": 44600000, "weightedAverageShsOutDil": 44900000, "link": "https://www.sec.gov/Archives/edgar/data/350698/000035069824000021/0000350698-24-000021-index.htm", "finalLink": "https://www.sec.gov/Archives/edgar/data/350698/000035069824000021/an-20231231.htm", "calculatedOtherExpenses": 144700000, "calculatedOperatingExpenses": 3401500000, "calculatedNetInterest": -182800000, "calculatedOtherIncome": 23500000, "calculatedIncomeNonControlling": -900000, "calculatedEbitda": 1730000000}, {"date": "2022-12-31", "symbol": "AN", "reportedCurrency": "USD", "cik": "0000350698", "fillingDate": "2023-02-17", "acceptedDate": "2023-02-17 16:39:27", "calendarYear": "2022", "period": "FY", "revenue": 26985000000, "costOfRevenue": 21719700000, "grossProfit": 5265300000, "grossProfitRatio": 0.1951195108, "researchAndDevelopmentExpenses": 0, "generalAndAdministrativeExpenses": 2841800000, "sellingAndMarketingExpenses": 184300000, "sellingGeneralAndAdministrativeExpenses": 3026100000, "otherExpenses": 214700000, "operatingExpenses": 3240800000, "costAndExpenses": 24960500000, "interestIncome": 176300000, "interestExpense": 176300000, "depreciationAndAmortization": 185600000, "ebitda": 2210100000, "ebitdaratio": 0.0819010561, "operatingIncome": 2024500000, "operatingIncomeRatio": 0.075023161, "totalOtherIncomeExpensesNet": -191000000, "incomeBeforeTax": 1833500000, "incomeBeforeTaxRatio": 0.0679451547, "incomeTaxExpense": 455800000, "netIncome": 1377400000, "netIncomeRatio": 0.0510431721, "eps": 24.47, "epsdiluted": 24.29, "weightedAverageShsOut": 56300000, "weightedAverageShsOutDil": 56700000, "link": "https://www.sec.gov/Archives/edgar/data/350698/000035069823000026/0000350698-23-000026-index.htm", "finalLink": "https://www.sec.gov/Archives/edgar/data/350698/000035069823000026/an-20221231.htm", "calculatedOtherExpenses": 214700000, "calculatedOperatingExpenses": 3240800000, "calculatedNetInterest": 0, "calculatedOtherIncome": -191000000, "calculatedIncomeNonControlling": 300000, "calculatedEbitda": 2210100000}, {"date": "2021-12-31", "symbol": "AN", "reportedCurrency": "USD", "cik": "0000350698", "fillingDate": "2022-02-17", "acceptedDate": "2022-02-17 16:52:41", "calendarYear": "2021", "period": "FY", "revenue": 25844000000, "costOfRevenue": 20891400000, "grossProfit": 4952600000, "grossProfitRatio": 0.1916344219, "researchAndDevelopmentExpenses": 0, "generalAndAdministrativeExpenses": 2705900000, "sellingAndMarketingExpenses": 170300000, "sellingGeneralAndAdministrativeExpenses": 2876200000, "otherExpenses": 173600000, "operatingExpenses": 3049800000, "costAndExpenses": 23941200000, "interestIncome": 118700000, "interestExpense": 118700000, "depreciationAndAmortization": 217600000, "ebitda": 2120400000, "ebitdaratio": 0.0820461229, "operatingIncome": 1902800000, "operatingIncomeRatio": 0.0736263736, "totalOtherIncomeExpensesNet": -94400000, "incomeBeforeTax": 1808400000, "incomeBeforeTaxRatio": 0.0699736883, "incomeTaxExpense": 435100000, "netIncome": 1373000000, "netIncomeRatio": 0.053126451, "eps": 18.5, "epsdiluted": 18.31, "weightedAverageShsOut": 74200000, "weightedAverageShsOutDil": 75000000, "link": "https://www.sec.gov/Archives/edgar/data/350698/000035069822000025/0000350698-22-000025-index.htm", "finalLink": "https://www.sec.gov/Archives/edgar/data/350698/000035069822000025/an-20211231.htm", "calculatedOtherExpenses": 173600000, "calculatedOperatingExpenses": 3049800000, "calculatedNetInterest": 0, "calculatedOtherIncome": -94400000, "calculatedIncomeNonControlling": 300000, "calculatedEbitda": 2120400000}, {"date": "2020-12-31", "symbol": "AN", "reportedCurrency": "USD", "cik": "0000350698", "fillingDate": "2021-02-16", "acceptedDate": "2021-02-16 16:41:43", "calendarYear": "2020", "period": "FY", "revenue": 20390000000, "costOfRevenue": 16823600000, "grossProfit": 3566400000, "grossProfitRatio": 0.1749092692, "researchAndDevelopmentExpenses": 0, "generalAndAdministrativeExpenses": 2260300000, "sellingAndMarketingExpenses": 161700000, "sellingGeneralAndAdministrativeExpenses": 2422000000, "otherExpenses": 205400000, "operatingExpenses": 2627400000, "costAndExpenses": 19451000000, "interestIncome": 300000, "interestExpense": 157500000, "depreciationAndAmortization": 198900000, "ebitda": 1282300000, "ebitdaratio": 0.0628886709, "operatingIncome": 1083400000, "operatingIncomeRatio": 0.0531338892, "totalOtherIncomeExpensesNet": -533300000, "incomeBeforeTax": 550100000, "incomeBeforeTaxRatio": 0.0269789112, "incomeTaxExpense": 168300000, "netIncome": 381600000, "netIncomeRatio": 0.0187150564, "eps": 4.32, "epsdiluted": 4.3, "weightedAverageShsOut": 88300000, "weightedAverageShsOutDil": 88700000, "link": "https://www.sec.gov/Archives/edgar/data/350698/000035069821000031/0000350698-21-000031-index.htm", "finalLink": "https://www.sec.gov/Archives/edgar/data/350698/000035069821000031/an-20201231.htm", "calculatedOtherExpenses": 61000000, "calculatedOperatingExpenses": 2483000000, "calculatedNetInterest": -157200000, "calculatedOtherIncome": -376100000, "calculatedIncomeNonControlling": 200000, "calculatedEbitda": 1282300000}, {"date": "2019-12-31", "symbol": "AN", "reportedCurrency": "USD", "cik": "0000350698", "fillingDate": "2020-02-18", "acceptedDate": "2020-02-18 16:47:36", "calendarYear": "2019", "period": "FY", "revenue": 21335700000, "costOfRevenue": 17812700000, "grossProfit": 3523000000, "grossProfitRatio": 0.1651223067, "researchAndDevelopmentExpenses": 0, "generalAndAdministrativeExpenses": 2370800000, "sellingAndMarketingExpenses": 187800000, "sellingGeneralAndAdministrativeExpenses": 2558600000, "otherExpenses": 131200000, "operatingExpenses": 2689800000, "costAndExpenses": 20502500000, "interestIncome": 500000, "interestExpense": 245100000, "depreciationAndAmortization": 224200000, "ebitda": 1047800000, "ebitdaratio": 0.0491101768, "operatingIncome": 823600000, "operatingIncomeRatio": 0.0386019676, "totalOtherIncomeExpensesNet": -211000000, "incomeBeforeTax": 612600000, "incomeBeforeTaxRatio": 0.0287124397, "incomeTaxExpense": 161800000, "netIncome": 450000000, "netIncomeRatio": 0.0210914102, "eps": 4.99, "epsdiluted": 4.97, "weightedAverageShsOut": 90100000, "weightedAverageShsOutDil": 90500000, "link": "https://www.sec.gov/Archives/edgar/data/350698/000035069820000042/0000350698-20-000042-index.htm", "finalLink": "https://www.sec.gov/Archives/edgar/data/350698/000035069820000042/an10k2019.htm", "calculatedOtherExpenses": 140800000, "calculatedOperatingExpenses": 2699400000, "calculatedNetInterest": -244600000, "calculatedOtherIncome": 33600000, "calculatedIncomeNonControlling": 800000, "calculatedEbitda": 1047800000}, {"date": "2018-12-31", "symbol": "AN", "reportedCurrency": "USD", "cik": "0000350698", "fillingDate": "2019-02-22", "acceptedDate": "2019-02-22 17:16:34", "calendarYear": "2018", "period": "FY", "revenue": 21412800000, "costOfRevenue": 18015500000, "grossProfit": 3397300000, "grossProfitRatio": 0.1586574385, "researchAndDevelopmentExpenses": 0, "generalAndAdministrativeExpenses": 2312000000, "sellingAndMarketingExpenses": 197800000, "sellingGeneralAndAdministrativeExpenses": 2509800000, "otherExpenses": 200000, "operatingExpenses": 2611300000, "costAndExpenses": 20626800000, "interestIncome": 1100000, "interestExpense": 249800000, "depreciationAndAmortization": 166200000, "ebitda": 953500000, "ebitdaratio": 0.0445294403, "operatingIncome": 777900000, "operatingIncomeRatio": 0.036328738, "totalOtherIncomeExpensesNet": -7900000, "incomeBeforeTax": 529400000, "incomeBeforeTaxRatio": 0.0247235299, "incomeTaxExpense": 133500000, "netIncome": 396000000, "netIncomeRatio": 0.0184936113, "eps": 4.36, "epsdiluted": 4.34, "weightedAverageShsOut": 90900000, "weightedAverageShsOutDil": 91300000, "link": "https://www.sec.gov/Archives/edgar/data/350698/000035069819000047/0000350698-19-000047-index.htm", "finalLink": "https://www.sec.gov/Archives/edgar/data/350698/000035069819000047/an10k2018.htm", "calculatedOtherExpenses": 109600000, "calculatedOperatingExpenses": 2619400000, "calculatedNetInterest": -248700000, "calculatedOtherIncome": 200000, "calculatedIncomeNonControlling": -100000, "calculatedEbitda": 944100000}, {"date": "2017-12-31", "symbol": "AN", "reportedCurrency": "USD", "cik": "0000350698", "fillingDate": "2018-02-15", "acceptedDate": "2018-02-14 18:46:25", "calendarYear": "2017", "period": "FY", "revenue": 21534600000, "costOfRevenue": 18175600000, "grossProfit": 3359000000, "grossProfitRatio": 0.1559815367, "researchAndDevelopmentExpenses": 0, "generalAndAdministrativeExpenses": 2243400000, "sellingAndMarketingExpenses": 192800000, "sellingGeneralAndAdministrativeExpenses": 2436200000, "otherExpenses": 9300000, "operatingExpenses": 2515600000, "costAndExpenses": 20691200000, "interestIncome": 1000000, "interestExpense": 217200000, "depreciationAndAmortization": 158600000, "ebitda": 1012300000, "ebitdaratio": 0.0470080707, "operatingIncome": 843400000, "operatingIncomeRatio": 0.0391648788, "totalOtherIncomeExpensesNet": 9300000, "incomeBeforeTax": 636500000, "incomeBeforeTaxRatio": 0.0295570849, "incomeTaxExpense": 201500000, "netIncome": 434600000, "netIncomeRatio": 0.0201814754, "eps": 4.44, "epsdiluted": 4.43, "weightedAverageShsOut": 97800000, "weightedAverageShsOutDil": 98200000, "link": "https://www.sec.gov/Archives/edgar/data/350698/000035069818000032/0000350698-18-000032-index.htm", "finalLink": "https://www.sec.gov/Archives/edgar/data/350698/000035069818000032/an10k2017.htm", "calculatedOtherExpenses": 79400000, "calculatedOperatingExpenses": 2515600000, "calculatedNetInterest": -216200000, "calculatedOtherIncome": 9300000, "calculatedIncomeNonControlling": 400000, "calculatedEbitda": 1002000000}, {"date": "2016-12-31", "symbol": "AN", "reportedCurrency": "USD", "cik": "0000350698", "fillingDate": "2017-02-09", "acceptedDate": "2017-02-08 21:55:28", "calendarYear": "2016", "period": "FY", "revenue": 21609000000, "costOfRevenue": 18295800000, "grossProfit": 3313200000, "grossProfitRatio": 0.1533250035, "researchAndDevelopmentExpenses": 0, "generalAndAdministrativeExpenses": 2152700000, "sellingAndMarketingExpenses": 196700000, "sellingGeneralAndAdministrativeExpenses": 2349400000, "otherExpenses": 3700000, "operatingExpenses": 2423700000, "costAndExpenses": 20719500000, "interestIncome": 1100000, "interestExpense": 192000000, "depreciationAndAmortization": 143400000, "ebitda": 1037700000, "ebitdaratio": 0.0480216576, "operatingIncome": 889500000, "operatingIncomeRatio": 0.0411634041, "totalOtherIncomeExpensesNet": 3700000, "incomeBeforeTax": 702300000, "incomeBeforeTaxRatio": 0.0325003471, "incomeTaxExpense": 270600000, "netIncome": 430500000, "netIncomeRatio": 0.0199222546, "eps": 4.18, "epsdiluted": 4.15, "weightedAverageShsOut": 103100000, "weightedAverageShsOutDil": 103800000, "link": "https://www.sec.gov/Archives/edgar/data/350698/000035069817000028/0000350698-17-000028-index.htm", "finalLink": "https://www.sec.gov/Archives/edgar/data/350698/000035069817000028/an10k2016.htm", "calculatedOtherExpenses": 74300000, "calculatedOperatingExpenses": 2423700000, "calculatedNetInterest": -190900000, "calculatedOtherIncome": 3700000, "calculatedIncomeNonControlling": 1200000, "calculatedEbitda": 1032900000}, {"date": "2015-12-31", "symbol": "AN", "reportedCurrency": "USD", "cik": "0000350698", "fillingDate": "2016-02-11", "acceptedDate": "2016-02-10 17:49:46", "calendarYear": "2015", "period": "FY", "revenue": 20862000000, "costOfRevenue": 17600500000, "grossProfit": 3261500000, "grossProfitRatio": 0.1563368805, "researchAndDevelopmentExpenses": 0, "generalAndAdministrativeExpenses": 2075000000, "sellingAndMarketingExpenses": 188500000, "sellingGeneralAndAdministrativeExpenses": 2263500000, "otherExpenses": -1300000, "operatingExpenses": 2373000000, "costAndExpenses": 19973500000, "interestIncome": 100000, "interestExpense": 149200000, "depreciationAndAmortization": 127400000, "ebitda": 1014700000, "ebitdaratio": 0.0486386732, "operatingIncome": 873100000, "operatingIncomeRatio": 0.0418512127, "totalOtherIncomeExpensesNet": -16700000, "incomeBeforeTax": 722700000, "incomeBeforeTaxRatio": 0.0346419327, "incomeTaxExpense": 279000000, "netIncome": 442600000, "netIncomeRatio": 0.0212156073, "eps": 3.99, "epsdiluted": 3.89, "weightedAverageShsOut": 110804058, "weightedAverageShsOutDil": 113900000, "link": "https://www.sec.gov/Archives/edgar/data/350698/000035069816000276/0000350698-16-000276-index.htm", "finalLink": "https://www.sec.gov/Archives/edgar/data/350698/000035069816000276/an10k2015.htm", "calculatedOtherExpenses": 124900000, "calculatedOperatingExpenses": 2388400000, "calculatedNetInterest": -149100000, "calculatedOtherIncome": -1300000, "calculatedIncomeNonControlling": 1100000, "calculatedEbitda": 1000500000}, {"date": "2014-12-31", "symbol": "AN", "reportedCurrency": "USD", "cik": "0000350698", "fillingDate": "2015-02-11", "acceptedDate": "2015-02-11 17:22:30", "calendarYear": "2014", "period": "FY", "revenue": 19108800000, "costOfRevenue": 16120100000, "grossProfit": 2988700000, "grossProfitRatio": 0.1564043791, "researchAndDevelopmentExpenses": 0, "generalAndAdministrativeExpenses": 1914700000, "sellingAndMarketingExpenses": 164900000, "sellingGeneralAndAdministrativeExpenses": 2079600000, "otherExpenses": 2900000, "operatingExpenses": 2167900000, "costAndExpenses": 18288000000, "interestIncome": 200000, "interestExpense": 140000000, "depreciationAndAmortization": 106900000, "ebitda": 930800000, "ebitdaratio": 0.0487105417, "operatingIncome": 820800000, "operatingIncomeRatio": 0.0429540317, "totalOtherIncomeExpensesNet": 1300000, "incomeBeforeTax": 682300000, "incomeBeforeTaxRatio": 0.0357060621, "incomeTaxExpense": 262500000, "netIncome": 418700000, "netIncomeRatio": 0.0219113707, "eps": 3.7, "epsdiluted": 3.52, "weightedAverageShsOut": 113313240, "weightedAverageShsOutDil": 118900000, "link": "https://www.sec.gov/Archives/edgar/data/350698/000035069815000045/0000350698-15-000045-index.htm", "finalLink": "https://www.sec.gov/Archives/edgar/data/350698/000035069815000045/an10k2014.htm", "calculatedOtherExpenses": 88300000, "calculatedOperatingExpenses": 2167900000, "calculatedNetInterest": -139800000, "calculatedOtherIncome": 1300000, "calculatedIncomeNonControlling": 1100000, "calculatedEbitda": 927700000}, {"date": "2013-12-31", "symbol": "AN", "reportedCurrency": "USD", "cik": "0000350698", "fillingDate": "2014-02-13", "acceptedDate": "2014-02-13 16:43:54", "calendarYear": "2013", "period": "FY", "revenue": 17517600000, "costOfRevenue": 14757700000, "grossProfit": 2759900000, "grossProfitRatio": 0.157550121, "researchAndDevelopmentExpenses": 0, "generalAndAdministrativeExpenses": 1768600000, "sellingAndMarketingExpenses": 166400000, "sellingGeneralAndAdministrativeExpenses": 1935000000, "otherExpenses": 5600000, "operatingExpenses": 2019600000, "costAndExpenses": 16777300000, "interestIncome": 200000, "interestExpense": 141700000, "depreciationAndAmortization": 95300000, "ebitda": 841400000, "ebitdaratio": 0.0480316938, "operatingIncome": 740300000, "operatingIncomeRatio": 0.0422603553, "totalOtherIncomeExpensesNet": 5600000, "incomeBeforeTax": 604400000, "incomeBeforeTaxRatio": 0.0345024433, "incomeTaxExpense": 228600000, "netIncome": 374900000, "netIncomeRatio": 0.0214013335, "eps": 3.1, "epsdiluted": 3.04, "weightedAverageShsOut": 120915396, "weightedAverageShsOutDil": 123300000, "link": "https://www.sec.gov/Archives/edgar/data/350698/000035069814000018/0000350698-14-000018-index.htm", "finalLink": "https://www.sec.gov/Archives/edgar/data/350698/000035069814000018/an10k2013.htm", "calculatedOtherExpenses": 84600000, "calculatedOperatingExpenses": 2019600000, "calculatedNetInterest": -141500000, "calculatedOtherIncome": 5600000, "calculatedIncomeNonControlling": 900000, "calculatedEbitda": 835600000}, {"date": "2012-12-31", "symbol": "AN", "reportedCurrency": "USD", "cik": "0000350698", "fillingDate": "2013-02-15", "acceptedDate": "2013-02-15 06:05:22", "calendarYear": "2012", "period": "FY", "revenue": 15668800000, "costOfRevenue": 13182400000, "grossProfit": 2486400000, "grossProfitRatio": 0.1586847748, "researchAndDevelopmentExpenses": 0, "generalAndAdministrativeExpenses": 1613800000, "sellingAndMarketingExpenses": 135700000, "sellingGeneralAndAdministrativeExpenses": 1749500000, "otherExpenses": 3600000, "operatingExpenses": 1836900000, "costAndExpenses": 15019300000, "interestIncome": 300000, "interestExpense": 132400000, "depreciationAndAmortization": 87300000, "ebitda": 740700000, "ebitdaratio": 0.0472722863, "operatingIncome": 645300000, "operatingIncomeRatio": 0.0411837537, "totalOtherIncomeExpensesNet": -600000, "incomeBeforeTax": 516800000, "incomeBeforeTaxRatio": 0.0329827428, "incomeTaxExpense": 199500000, "netIncome": 316400000, "netIncomeRatio": 0.020192995, "eps": 2.62, "epsdiluted": 2.52, "weightedAverageShsOut": 120856569, "weightedAverageShsOutDil": 125800000, "link": "https://www.sec.gov/Archives/edgar/data/350698/000035069813000021/0000350698-13-000021-index.htm", "finalLink": "https://www.sec.gov/Archives/edgar/data/350698/000035069813000021/an10k2012.htm", "calculatedOtherExpenses": 91600000, "calculatedOperatingExpenses": 1841100000, "calculatedNetInterest": -132100000, "calculatedOtherIncome": 3600000, "calculatedIncomeNonControlling": 900000, "calculatedEbitda": 732600000}, {"date": "2011-12-31", "symbol": "AN", "reportedCurrency": "USD", "cik": "0000350698", "fillingDate": "2012-02-13", "acceptedDate": "2012-02-13 17:28:34", "calendarYear": "2011", "period": "FY", "revenue": 13832300000, "costOfRevenue": 11528300000, "grossProfit": 2304000000, "grossProfitRatio": 0.1665666592, "researchAndDevelopmentExpenses": 0, "generalAndAdministrativeExpenses": 0, "sellingAndMarketingExpenses": 0, "sellingGeneralAndAdministrativeExpenses": 1649400000, "otherExpenses": 82600000, "operatingExpenses": 1732000000, "costAndExpenses": 13260300000, "interestIncome": 700000, "interestExpense": 108700000, "depreciationAndAmortization": 83700000, "ebitda": 656400000, "ebitdaratio": 0.0474541472, "operatingIncome": 572000000, "operatingIncomeRatio": 0.0413524866, "totalOtherIncomeExpensesNet": -2700000, "incomeBeforeTax": 461300000, "incomeBeforeTaxRatio": 0.0333494791, "incomeTaxExpense": 177100000, "netIncome": 281400000, "netIncomeRatio": 0.0203436883, "eps": 2.07, "epsdiluted": 1.91, "weightedAverageShsOut": 135800000, "weightedAverageShsOutDil": 147300000, "link": "https://www.sec.gov/Archives/edgar/data/350698/000035069812000016/0000350698-12-000016-index.htm", "finalLink": "https://www.sec.gov/Archives/edgar/data/350698/000035069812000016/an10k123111.htm", "calculatedOtherExpenses": 82600000, "calculatedOperatingExpenses": 1732000000, "calculatedNetInterest": -108000000, "calculatedOtherIncome": -2700000, "calculatedIncomeNonControlling": 2800000, "calculatedEbitda": 655700000}, {"date": "2010-12-31", "symbol": "AN", "reportedCurrency": "USD", "cik": "0000350698", "fillingDate": "2011-02-15", "acceptedDate": "2011-02-14 20:18:08", "calendarYear": "2010", "period": "FY", "revenue": 12461000000, "costOfRevenue": 10333500000, "grossProfit": 2127500000, "grossProfitRatio": 0.170732686, "researchAndDevelopmentExpenses": 0, "generalAndAdministrativeExpenses": 0, "sellingAndMarketingExpenses": 0, "sellingGeneralAndAdministrativeExpenses": 1552100000, "otherExpenses": 78800000, "operatingExpenses": 1630900000, "costAndExpenses": 11964400000, "interestIncome": 1400000, "interestExpense": 98600000, "depreciationAndAmortization": 76800000, "ebitda": 574800000, "ebitdaratio": 0.0461279191, "operatingIncome": 496600000, "operatingIncomeRatio": 0.0398523393, "totalOtherIncomeExpensesNet": -18100000, "incomeBeforeTax": 381300000, "incomeBeforeTaxRatio": 0.0305994703, "incomeTaxExpense": 146000000, "netIncome": 226600000, "netIncomeRatio": 0.0181847364, "eps": 1.53, "epsdiluted": 1.43, "weightedAverageShsOut": 148364469, "weightedAverageShsOutDil": 158600000, "link": "https://www.sec.gov/Archives/edgar/data/350698/000119312511035910/0001193125-11-035910-index.htm", "finalLink": "https://www.sec.gov/Archives/edgar/data/350698/000119312511035910/d10k.htm", "calculatedOtherExpenses": 78800000, "calculatedOperatingExpenses": 1630900000, "calculatedNetInterest": -97200000, "calculatedOtherIncome": -18100000, "calculatedIncomeNonControlling": 8700000, "calculatedEbitda": 573400000}, {"date": "2009-12-31", "symbol": "AN", "reportedCurrency": "USD", "cik": "0000350698", "fillingDate": "2010-02-17", "acceptedDate": "2010-02-17 16:14:15", "calendarYear": "2009", "period": "FY", "revenue": 10757800000, "costOfRevenue": 8829000000, "grossProfit": 1928800000, "grossProfitRatio": 0.179293164, "researchAndDevelopmentExpenses": 0, "generalAndAdministrativeExpenses": 0, "sellingAndMarketingExpenses": 0, "sellingGeneralAndAdministrativeExpenses": 1464400000, "otherExpenses": 52700000, "operatingExpenses": 1517100000, "costAndExpenses": 10346100000, "interestIncome": 1100000, "interestExpense": 78700000, "depreciationAndAmortization": 77500000, "ebitda": 490300000, "ebitdaratio": 0.0455762331, "operatingIncome": 411700000, "operatingIncomeRatio": 0.0382699065, "totalOtherIncomeExpensesNet": 16900000, "incomeBeforeTax": 351000000, "incomeBeforeTaxRatio": 0.0326274889, "incomeTaxExpense": 116800000, "netIncome": 198000000, "netIncomeRatio": 0.0184052501, "eps": 1.15, "epsdiluted": 1.12, "weightedAverageShsOut": 177600000, "weightedAverageShsOutDil": 177600000, "link": "https://www.sec.gov/Archives/edgar/data/350698/000119312510033229/0001193125-10-033229-index.htm", "finalLink": "https://www.sec.gov/Archives/edgar/data/350698/000119312510033229/d10k.htm", "calculatedOtherExpenses": 52700000, "calculatedOperatingExpenses": 1517100000, "calculatedNetInterest": -77600000, "calculatedOtherIncome": 16900000, "calculatedIncomeNonControlling": 36200000, "calculatedEbitda": 489200000}, {"date": "2008-12-31", "symbol": "AN", "reportedCurrency": "USD", "cik": "0000350698", "fillingDate": "2009-02-17", "acceptedDate": "2009-02-17 06:07:33", "calendarYear": "2008", "period": "FY", "revenue": 14131900000, "costOfRevenue": 11752400000, "grossProfit": 2379500000, "grossProfitRatio": 0.1683779251, "researchAndDevelopmentExpenses": 0, "generalAndAdministrativeExpenses": 0, "sellingAndMarketingExpenses": 0, "sellingGeneralAndAdministrativeExpenses": 1813800000, "otherExpenses": 104000000, "operatingExpenses": 1917800000, "costAndExpenses": 13670200000, "interestIncome": 2200000, "interestExpense": 176800000, "depreciationAndAmortization": 90800000, "ebitda": 554700000, "ebitdaratio": 0.0392516222, "operatingIncome": 461700000, "operatingIncomeRatio": 0.0326707661, "totalOtherIncomeExpensesNet": -1709800000, "incomeBeforeTax": -1422700000, "incomeBeforeTaxRatio": -0.1006729456, "incomeTaxExpense": -197300000, "netIncome": -1243100000, "netIncomeRatio": -0.0879641096, "eps": -6.99, "epsdiluted": -6.99, "weightedAverageShsOut": 177800000, "weightedAverageShsOutDil": 177800000, "link": "https://www.sec.gov/Archives/edgar/data/350698/000095014409001303/0000950144-09-001303-index.htm", "finalLink": "https://www.sec.gov/Archives/edgar/data/350698/000095014409001303/g17607e10vk.htm", "calculatedOtherExpenses": 104000000, "calculatedOperatingExpenses": 1917800000, "calculatedNetInterest": -174600000, "calculatedOtherIncome": -1709800000, "calculatedIncomeNonControlling": 17700000, "calculatedEbitda": 552500000}, {"date": "2007-12-31", "symbol": "AN", "reportedCurrency": "USD", "cik": "0000350698", "fillingDate": "2008-02-28", "acceptedDate": "2008-02-28 06:19:28", "calendarYear": "2007", "period": "FY", "revenue": 17691500000, "costOfRevenue": 14847100000, "grossProfit": 2844400000, "grossProfitRatio": 0.1607777746, "researchAndDevelopmentExpenses": 0, "generalAndAdministrativeExpenses": 0, "sellingAndMarketingExpenses": 0, "sellingGeneralAndAdministrativeExpenses": 2046200000, "otherExpenses": 93400000, "operatingExpenses": 2139600000, "costAndExpenses": 16986700000, "interestIncome": 8300000.000000001, "interestExpense": -138200000, "depreciationAndAmortization": 96000000, "ebitda": 804000000, "ebitdaratio": 0.0454455529, "operatingIncome": 704800000, "operatingIncomeRatio": 0.0398383404, "totalOtherIncomeExpensesNet": -3200000, "incomeBeforeTax": 459300000, "incomeBeforeTaxRatio": 0.02596162, "incomeTaxExpense": 171300000, "netIncome": 278700000, "netIncomeRatio": 0.0157533279, "eps": 1.41, "epsdiluted": 1.39, "weightedAverageShsOut": 198300000, "weightedAverageShsOutDil": 200000000, "link": "https://www.sec.gov/Archives/edgar/data/350698/000095014408001449/0000950144-08-001449-index.htm", "finalLink": "https://www.sec.gov/Archives/edgar/data/350698/000095014408001449/g11814e10vk.htm", "calculatedOtherExpenses": 93400000, "calculatedOperatingExpenses": 2139600000, "calculatedNetInterest": 146500000.0, "calculatedOtherIncome": -392000000.0, "calculatedIncomeNonControlling": 9300000, "calculatedEbitda": 800800000}, {"date": "2006-12-31", "symbol": "AN", "reportedCurrency": "USD", "cik": "0000350698", "fillingDate": "2007-02-28", "acceptedDate": "2007-02-27 21:52:29", "calendarYear": "2006", "period": "FY", "revenue": 18988600000, "costOfRevenue": 15944200000, "grossProfit": 3044400000, "grossProfitRatio": 0.1603277756, "researchAndDevelopmentExpenses": 0, "generalAndAdministrativeExpenses": 0, "sellingAndMarketingExpenses": 0, "sellingGeneralAndAdministrativeExpenses": 2165000000, "otherExpenses": 82800000, "operatingExpenses": 2247800000, "costAndExpenses": 18192000000, "interestIncome": 8300000.000000001, "interestExpense": -142000000, "depreciationAndAmortization": 86600000, "ebitda": 878500000, "ebitdaratio": 0.0462646009, "operatingIncome": 796600000, "operatingIncomeRatio": 0.0419514867, "totalOtherIncomeExpensesNet": 4700000, "incomeBeforeTax": 542100000, "incomeBeforeTaxRatio": 0.0285487082, "incomeTaxExpense": 210700000, "netIncome": 316900000, "netIncomeRatio": 0.0166889607, "eps": 1.41, "epsdiluted": 1.38, "weightedAverageShsOut": 225200000, "weightedAverageShsOutDil": 229300000, "link": "https://www.sec.gov/Archives/edgar/data/350698/000095014407001673/0000950144-07-001673-index.htm", "finalLink": "https://www.sec.gov/Archives/edgar/data/350698/000095014407001673/g05620e10vk.htm", "calculatedOtherExpenses": 82800000, "calculatedOperatingExpenses": 2247800000, "calculatedNetInterest": 150300000.0, "calculatedOtherIncome": -404800000.0, "calculatedIncomeNonControlling": 14500000, "calculatedEbitda": 883200000}, {"date": "2005-12-31", "symbol": "AN", "reportedCurrency": "USD", "cik": "0000350698", "fillingDate": "2006-03-03", "acceptedDate": "2006-03-03 07:33:26", "calendarYear": "2005", "period": "FY", "revenue": 19253400000, "costOfRevenue": 16189700000, "grossProfit": 3063700000, "grossProfitRatio": 0.1591251415, "researchAndDevelopmentExpenses": 0, "generalAndAdministrativeExpenses": 0, "sellingAndMarketingExpenses": 0, "sellingGeneralAndAdministrativeExpenses": 2175500000, "otherExpenses": 81200000, "operatingExpenses": 2256700000, "costAndExpenses": 18446400000, "interestIncome": 7500000, "interestExpense": -110700000, "depreciationAndAmortization": 88400000, "ebitda": 896100000, "ebitdaratio": 0.0465424289, "operatingIncome": 807000000, "operatingIncomeRatio": 0.0419146748, "totalOtherIncomeExpensesNet": -700000, "incomeBeforeTax": 622900000, "incomeBeforeTaxRatio": 0.0323527273, "incomeTaxExpense": 227400000, "netIncome": 496500000, "netIncomeRatio": 0.0257876531, "eps": 1.89, "epsdiluted": 1.85, "weightedAverageShsOut": 262700000, "weightedAverageShsOutDil": 268000000, "link": "https://www.sec.gov/Archives/edgar/data/350698/000095014406001745/0000950144-06-001745-index.htm", "finalLink": "https://www.sec.gov/Archives/edgar/data/350698/000095014406001745/g99793e10vk.htm", "calculatedOtherExpenses": 81200000, "calculatedOperatingExpenses": 2256700000, "calculatedNetInterest": 118200000, "calculatedOtherIncome": -302300000, "calculatedIncomeNonControlling": -101000000, "calculatedEbitda": 895400000}, {"date": "2004-12-31", "symbol": "AN", "reportedCurrency": "USD", "cik": "0000350698", "fillingDate": "2005-02-24", "acceptedDate": "2005-02-23 21:41:53", "calendarYear": "2004", "period": "FY", "revenue": 19424700000, "costOfRevenue": 16412000000, "grossProfit": 3012700000, "grossProfitRatio": 0.1550963464, "researchAndDevelopmentExpenses": 0, "generalAndAdministrativeExpenses": 0, "sellingAndMarketingExpenses": 0, "sellingGeneralAndAdministrativeExpenses": 2158700000, "otherExpenses": 87100000, "operatingExpenses": 2245800000, "costAndExpenses": 18657800000, "interestIncome": 3500000, "interestExpense": -81800000, "depreciationAndAmortization": 89700000, "ebitda": 865700000, "ebitdaratio": 0.0445669689, "operatingIncome": 766900000, "operatingIncomeRatio": 0.0394806612, "totalOtherIncomeExpensesNet": -9100000, "incomeBeforeTax": 606600000, "incomeBeforeTaxRatio": 0.0312282815, "incomeTaxExpense": 210200000, "netIncome": 433600000, "netIncomeRatio": 0.0223220951, "eps": 1.62, "epsdiluted": 1.59, "weightedAverageShsOut": 266700000, "weightedAverageShsOutDil": 272500000, "link": "https://www.sec.gov/Archives/edgar/data/350698/000095014405001788/0000950144-05-001788-index.htm", "finalLink": "https://www.sec.gov/Archives/edgar/data/350698/000095014405001788/g93347e10vk.htm", "calculatedOtherExpenses": 87100000, "calculatedOperatingExpenses": 2245800000, "calculatedNetInterest": 85300000, "calculatedOtherIncome": -245600000, "calculatedIncomeNonControlling": -37200000, "calculatedEbitda": 856600000}, {"date": "2003-12-31", "symbol": "AN", "reportedCurrency": "USD", "cik": "0000350698", "fillingDate": "2004-03-10", "acceptedDate": "2004-03-09 18:04:33", "calendarYear": "2003", "period": "FY", "revenue": 19381100000, "costOfRevenue": 16418300000, "grossProfit": 2962800000, "grossProfitRatio": 0.1528705801, "researchAndDevelopmentExpenses": 0, "generalAndAdministrativeExpenses": 0, "sellingAndMarketingExpenses": 0, "sellingGeneralAndAdministrativeExpenses": 2157700000, "otherExpenses": 91000000, "operatingExpenses": 2248700000, "costAndExpenses": 18667000000, "interestIncome": 3300000, "interestExpense": -71400000, "depreciationAndAmortization": 77000000, "ebitda": 794300000, "ebitdaratio": 0.0409832259, "operatingIncome": 714100000, "operatingIncomeRatio": 0.0368451739, "totalOtherIncomeExpensesNet": -3200000, "incomeBeforeTax": 591000000, "incomeBeforeTaxRatio": 0.0304936252, "incomeTaxExpense": 84900000, "netIncome": 479200000, "netIncomeRatio": 0.0247251188, "eps": 1.71, "epsdiluted": 1.67, "weightedAverageShsOut": 279500000, "weightedAverageShsOutDil": 287000000, "link": "https://www.sec.gov/Archives/edgar/data/350698/000095014404002190/0000950144-04-002190-index.htm", "finalLink": "https://www.sec.gov/Archives/edgar/data/350698/000095014404002190/g87385e10vk.htm", "calculatedOtherExpenses": 91000000, "calculatedOperatingExpenses": 2248700000, "calculatedNetInterest": 74700000, "calculatedOtherIncome": -197800000, "calculatedIncomeNonControlling": 26900000, "calculatedEbitda": 791100000}, {"date": "2002-12-31", "symbol": "AN", "reportedCurrency": "USD", "cik": "0000350698", "fillingDate": "2003-02-28", "acceptedDate": "2003-02-28 17:14:38", "calendarYear": "2002", "period": "FY", "revenue": 19478500000, "costOfRevenue": 16492000000, "grossProfit": 2986500000, "grossProfitRatio": 0.1533228945, "researchAndDevelopmentExpenses": 0, "generalAndAdministrativeExpenses": 0, "sellingAndMarketingExpenses": 0, "sellingGeneralAndAdministrativeExpenses": 2200900000, "otherExpenses": 57800000, "operatingExpenses": 2258700000, "costAndExpenses": 18750700000, "interestIncome": 10400000, "interestExpense": -74800000, "depreciationAndAmortization": 74700000, "ebitda": 785600000, "ebitdaratio": 0.0403316477, "operatingIncome": 727800000, "operatingIncomeRatio": 0.0373642734, "totalOtherIncomeExpensesNet": 16900000, "incomeBeforeTax": 618000000, "incomeBeforeTaxRatio": 0.0317272891, "incomeTaxExpense": 236400000, "netIncome": 381600000, "netIncomeRatio": 0.0195908309, "eps": 1.2, "epsdiluted": 1.19, "weightedAverageShsOut": 316700000, "weightedAverageShsOutDil": 321500000, "link": "https://www.sec.gov/Archives/edgar/data/350698/000095014403002512/0000950144-03-002512-index.htm", "finalLink": "https://www.sec.gov/Archives/edgar/data/350698/000095014403002512/g80927e10vk.htm", "calculatedOtherExpenses": 57800000, "calculatedOperatingExpenses": 2258700000, "calculatedNetInterest": 85200000, "calculatedOtherIncome": -195000000, "calculatedIncomeNonControlling": 0, "calculatedEbitda": 802500000}, {"date": "2001-12-31", "symbol": "AN", "reportedCurrency": "USD", "cik": "0000350698", "fillingDate": "2002-03-28", "acceptedDate": "2002-03-28 00:00:00", "calendarYear": "2001", "period": "FY", "revenue": 19989300000, "costOfRevenue": 17115400000, "grossProfit": 2873900000, "grossProfitRatio": 0.143771918, "researchAndDevelopmentExpenses": 0, "generalAndAdministrativeExpenses": 0, "sellingAndMarketingExpenses": 0, "sellingGeneralAndAdministrativeExpenses": 2207200000, "otherExpenses": 222200000, "operatingExpenses": 2429400000, "costAndExpenses": 19544800000, "interestIncome": 0, "interestExpense": 0, "depreciationAndAmortization": 154800000, "ebitda": 678600000, "ebitdaratio": 0.0339481623, "operatingIncome": 444500000, "operatingIncomeRatio": 0.0222368967, "totalOtherIncomeExpensesNet": -79300000, "incomeBeforeTax": 400800000, "incomeBeforeTaxRatio": 0.0200507271, "incomeTaxExpense": 155800000, "netIncome": 232300000, "netIncomeRatio": 0.0116212174, "eps": 0.7, "epsdiluted": 0.69, "weightedAverageShsOut": 331857143, "weightedAverageShsOutDil": 335200000, "link": "https://www.sec.gov/Archives/edgar/data/350698/000095014402002881/0000950144-02-002881-index.htm", "finalLink": "https://www.sec.gov/Archives/edgar/data/350698/000095014402002881/g74788e10-k405.txt", "calculatedOtherExpenses": 222200000, "calculatedOperatingExpenses": 2429400000, "calculatedNetInterest": 0, "calculatedOtherIncome": -43700000, "calculatedIncomeNonControlling": 12700000, "calculatedEbitda": 599300000}, {"date": "2000-12-31", "symbol": "AN", "reportedCurrency": "USD", "cik": "0000350698", "fillingDate": "2001-03-30", "acceptedDate": "2001-03-30 00:00:00", "calendarYear": "2000", "period": "FY", "revenue": 20609600000, "costOfRevenue": 17577100000, "grossProfit": 3032500000, "grossProfitRatio": 0.1471401677, "researchAndDevelopmentExpenses": 0, "generalAndAdministrativeExpenses": 0, "sellingAndMarketingExpenses": 0, "sellingGeneralAndAdministrativeExpenses": 2177700000, "otherExpenses": 133800000, "operatingExpenses": 2311500000, "costAndExpenses": 19888600000, "interestIncome": 0, "interestExpense": 0, "depreciationAndAmortization": 133800000, "ebitda": 817600000, "ebitdaratio": 0.039670833, "operatingIncome": 721000000, "operatingIncomeRatio": 0.0349836969, "totalOtherIncomeExpensesNet": 37200000, "incomeBeforeTax": 525000000, "incomeBeforeTaxRatio": 0.0254735657, "incomeTaxExpense": 196900000, "netIncome": 329900000, "netIncomeRatio": 0.0160071035, "eps": 0.91, "epsdiluted": 0.91, "weightedAverageShsOut": 362527473, "weightedAverageShsOutDil": 362527473, "link": "https://www.sec.gov/Archives/edgar/data/350698/000095016801000660/0000950168-01-000660-index.htm", "finalLink": "https://www.sec.gov/Archives/edgar/data/350698/000095016801000660/0000950168-01-000660-0001.txt", "calculatedOtherExpenses": 133800000, "calculatedOperatingExpenses": 2311500000, "calculatedNetInterest": 0, "calculatedOtherIncome": -196000000, "calculatedIncomeNonControlling": -1800000, "calculatedEbitda": 854800000}, {"date": "1999-12-31", "symbol": "AN", "reportedCurrency": "USD", "cik": "0000350698", "fillingDate": "2000-03-30", "acceptedDate": "2000-03-30 00:00:00", "calendarYear": "1999", "period": "FY", "revenue": 20111800000, "costOfRevenue": 17276600000, "grossProfit": 2835200000, "grossProfitRatio": 0.1409719667, "researchAndDevelopmentExpenses": 0, "generalAndAdministrativeExpenses": 0, "sellingAndMarketingExpenses": 0, "sellingGeneralAndAdministrativeExpenses": 2311200000, "otherExpenses": 123000000, "operatingExpenses": 2434200000, "costAndExpenses": 19710800000, "interestIncome": 0, "interestExpense": 0, "depreciationAndAmortization": 123000000, "ebitda": 938200000, "ebitdaratio": 0.0466492308, "operatingIncome": 401000000, "operatingIncomeRatio": 0.0199385435, "totalOtherIncomeExpensesNet": -414200000, "incomeBeforeTax": -27500000, "incomeBeforeTaxRatio": -0.0013673565, "incomeTaxExpense": 4000000, "netIncome": 282900000, "netIncomeRatio": 0.014066369, "eps": 0.66, "epsdiluted": 0.66, "weightedAverageShsOut": 429800000, "weightedAverageShsOutDil": 429800000, "link": "https://www.sec.gov/Archives/edgar/data/350698/000095014400004282/0000950144-00-004282-index.html", "finalLink": "https://www.sec.gov/Archives/edgar/data/350698/000095014400004282/", "calculatedOtherExpenses": 123000000, "calculatedOperatingExpenses": 2434200000, "calculatedNetInterest": 0, "calculatedOtherIncome": -428500000, "calculatedIncomeNonControlling": -314400000, "calculatedEbitda": 524000000}, {"date": "1998-12-31", "symbol": "AN", "reportedCurrency": "USD", "cik": "0000350698", "fillingDate": "1999-03-31", "acceptedDate": "1999-03-31 00:00:00", "calendarYear": "1998", "period": "FY", "revenue": 16118200000, "costOfRevenue": 12480900000, "grossProfit": 3637300000, "grossProfitRatio": 0.225664156, "researchAndDevelopmentExpenses": 0, "generalAndAdministrativeExpenses": 0, "sellingAndMarketingExpenses": 0, "sellingGeneralAndAdministrativeExpenses": 2050500000, "otherExpenses": 1051600000, "operatingExpenses": 3102100000, "costAndExpenses": 15583000000, "interestIncome": 0, "interestExpense": 0, "depreciationAndAmortization": 1051600000, "ebitda": 1577300000, "ebitdaratio": 0.0978583216, "operatingIncome": 535200000, "operatingIncomeRatio": 0.0332047003, "totalOtherIncomeExpensesNet": 9500000, "incomeBeforeTax": 522700000, "incomeBeforeTaxRatio": 0.0324291794, "incomeTaxExpense": 188100000, "netIncome": 499500000, "netIncomeRatio": 0.0309898128, "eps": 1.1, "epsdiluted": 1.06, "weightedAverageShsOut": 455100000, "weightedAverageShsOutDil": 470900000, "link": "https://www.sec.gov/Archives/edgar/data/350698/000095014499003789/0000950144-99-003789-index.html", "finalLink": "https://www.sec.gov/Archives/edgar/data/350698/", "calculatedOtherExpenses": 1051600000, "calculatedOperatingExpenses": 3102100000, "calculatedNetInterest": 0, "calculatedOtherIncome": -12500000, "calculatedIncomeNonControlling": -164900000, "calculatedEbitda": 1586800000}, {"date": "1997-12-31", "symbol": "AN", "reportedCurrency": "USD", "cik": "0000350698", "fillingDate": "1998-03-27", "acceptedDate": "1998-03-27 00:00:00", "calendarYear": "1997", "period": "FY", "revenue": 10305600000, "costOfRevenue": 7641500000, "grossProfit": 2664100000, "grossProfitRatio": 0.2585099363, "researchAndDevelopmentExpenses": 0, "generalAndAdministrativeExpenses": 0, "sellingAndMarketingExpenses": 0, "sellingGeneralAndAdministrativeExpenses": 1281800000, "otherExpenses": 1003600000, "operatingExpenses": 2285400000, "costAndExpenses": 9926900000, "interestIncome": 0, "interestExpense": 0, "depreciationAndAmortization": 1003600000, "ebitda": 1428800000, "ebitdaratio": 0.1386430678, "operatingIncome": 378700000, "operatingIncomeRatio": 0.0367470113, "totalOtherIncomeExpensesNet": -46500000, "incomeBeforeTax": 315400000, "incomeBeforeTaxRatio": 0.0306047198, "incomeTaxExpense": 115200000, "netIncome": 439700000, "netIncomeRatio": 0.0426661233, "eps": 1.09, "epsdiluted": 1.02, "weightedAverageShsOut": 403394495, "weightedAverageShsOutDil": 431078431, "link": "https://www.sec.gov/Archives/edgar/data/350698/000095014498003334/0000950144-98-003334-index.html", "finalLink": "https://www.sec.gov/Archives/edgar/data/350698/", "calculatedOtherExpenses": 1003600000, "calculatedOperatingExpenses": 2285400000, "calculatedNetInterest": 0, "calculatedOtherIncome": -63300000, "calculatedIncomeNonControlling": -239500000, "calculatedEbitda": 1382300000}, {"date": "1996-12-31", "symbol": "AN", "reportedCurrency": "USD", "cik": "0000350698", "fillingDate": "1997-02-27", "acceptedDate": "1997-02-27 00:00:00", "calendarYear": "1996", "period": "FY", "revenue": 2365500000, "costOfRevenue": 692400000, "grossProfit": 1673100000, "grossProfitRatio": 0.7072923272, "researchAndDevelopmentExpenses": 0, "generalAndAdministrativeExpenses": 0, "sellingAndMarketingExpenses": 0, "sellingGeneralAndAdministrativeExpenses": 1096800000, "otherExpenses": 540500000, "operatingExpenses": 1637300000, "costAndExpenses": 2329700000, "interestIncome": 0, "interestExpense": 0, "depreciationAndAmortization": 540500000, "ebitda": 588900000, "ebitdaratio": 0.2489537096, "operatingIncome": 35800000, "operatingIncomeRatio": 0.0151342211, "totalOtherIncomeExpensesNet": -12600000, "incomeBeforeTax": -10200000, "incomeBeforeTaxRatio": -0.0043119848, "incomeTaxExpense": 17700000, "netIncome": -59500000, "netIncomeRatio": -0.0251532446, "eps": -0.18, "epsdiluted": -0.18, "weightedAverageShsOut": 335000000, "weightedAverageShsOutDil": 335000000, "link": "https://www.sec.gov/Archives/edgar/data/350698/000095014497001873/0000950144-97-001873-index.html", "finalLink": "https://www.sec.gov/Archives/edgar/data/350698/", "calculatedOtherExpenses": 540500000, "calculatedOperatingExpenses": 1637300000, "calculatedNetInterest": 0, "calculatedOtherIncome": -46000000, "calculatedIncomeNonControlling": 31600000, "calculatedEbitda": 576300000}, {"date": "1995-12-31", "symbol": "AN", "reportedCurrency": "USD", "cik": "0000350698", "fillingDate": "1996-03-28", "acceptedDate": "1996-03-28 00:00:00", "calendarYear": "1995", "period": "FY", "revenue": 260300000, "costOfRevenue": 148600000, "grossProfit": 111700000, "grossProfitRatio": 0.4291202459, "researchAndDevelopmentExpenses": 0, "generalAndAdministrativeExpenses": 0, "sellingAndMarketingExpenses": 0, "sellingGeneralAndAdministrativeExpenses": 54100000, "otherExpenses": 21000000, "operatingExpenses": 75100000, "costAndExpenses": 223700000, "interestIncome": 0, "interestExpense": 0, "depreciationAndAmortization": 21000000, "ebitda": 51900000, "ebitdaratio": 0.1993853246, "operatingIncome": 36600000, "operatingIncomeRatio": 0.1406069919, "totalOtherIncomeExpensesNet": 5700000, "incomeBeforeTax": 36700000, "incomeBeforeTaxRatio": 0.140991164, "incomeTaxExpense": 13500000, "netIncome": 22900000, "netIncomeRatio": 0.087975413, "eps": 0.08, "epsdiluted": 0.07, "weightedAverageShsOut": 152112000, "weightedAverageShsOutDil": 152112000, "link": "https://www.sec.gov/Archives/edgar/data/350698/000095014496001288/0000950144-96-001288-index.html", "finalLink": "https://www.sec.gov/Archives/edgar/data/350698/", "calculatedOtherExpenses": 21000000, "calculatedOperatingExpenses": 75100000, "calculatedNetInterest": 0, "calculatedOtherIncome": 100000, "calculatedIncomeNonControlling": 300000, "calculatedEbitda": 57600000}, {"date": "1994-12-31", "symbol": "AN", "reportedCurrency": "USD", "cik": "0000350698", "fillingDate": "1994-12-31", "acceptedDate": "1994-12-30 19:00:00", "calendarYear": "1994", "period": "FY", "revenue": 48800000, "costOfRevenue": 26100000, "grossProfit": 22700000, "grossProfitRatio": 0.4651639344, "researchAndDevelopmentExpenses": 0, "generalAndAdministrativeExpenses": 0, "sellingAndMarketingExpenses": 0, "sellingGeneralAndAdministrativeExpenses": 8500000, "otherExpenses": 4700000, "operatingExpenses": 13200000, "costAndExpenses": 39300000, "interestIncome": 0, "interestExpense": 0, "depreciationAndAmortization": 4700000, "ebitda": 14100000, "ebitdaratio": 0.2889344262, "operatingIncome": 9500000, "operatingIncomeRatio": 0.1946721311, "totalOtherIncomeExpensesNet": 100000, "incomeBeforeTax": 9600000, "incomeBeforeTaxRatio": 0.1967213115, "incomeTaxExpense": -1900000, "netIncome": 11400000, "netIncomeRatio": 0.2336065574, "eps": 0.13, "epsdiluted": 0.13, "weightedAverageShsOut": 54000000, "weightedAverageShsOutDil": 54000000, "link": "", "finalLink": "", "calculatedOtherExpenses": 4700000, "calculatedOperatingExpenses": 13200000, "calculatedNetInterest": 0, "calculatedOtherIncome": 100000, "calculatedIncomeNonControlling": 100000, "calculatedEbitda": 14200000}, {"date": "1993-12-31", "symbol": "AN", "reportedCurrency": "USD", "cik": "0000350698", "fillingDate": "1993-12-31", "acceptedDate": "1993-12-30 19:00:00", "calendarYear": "1993", "period": "FY", "revenue": 102700000, "costOfRevenue": 65700000, "grossProfit": 37000000, "grossProfitRatio": 0.3602726388, "researchAndDevelopmentExpenses": 0, "generalAndAdministrativeExpenses": 0, "sellingAndMarketingExpenses": 0, "sellingGeneralAndAdministrativeExpenses": 22300000, "otherExpenses": 6700000, "operatingExpenses": 29000000, "costAndExpenses": 94700000, "interestIncome": 0, "interestExpense": 0, "depreciationAndAmortization": 6700000, "ebitda": 39300000, "ebitdaratio": 0.3826679649, "operatingIncome": 8000000, "operatingIncomeRatio": 0.0778967868, "totalOtherIncomeExpensesNet": -24600000, "incomeBeforeTax": -16600000, "incomeBeforeTaxRatio": -0.1616358325, "incomeTaxExpense": 26500000, "netIncome": -18500000, "netIncomeRatio": -0.1801363194, "eps": -0.34, "epsdiluted": -0.34, "weightedAverageShsOut": 54285714, "weightedAverageShsOutDil": 54285714, "link": "", "finalLink": "", "calculatedOtherExpenses": 6700000, "calculatedOperatingExpenses": 29000000, "calculatedNetInterest": 0, "calculatedOtherIncome": -24600000, "calculatedIncomeNonControlling": -24600000, "calculatedEbitda": 14700000}, {"date": "1992-12-31", "symbol": "AN", "reportedCurrency": "USD", "cik": "0000350698", "fillingDate": "1992-12-31", "acceptedDate": "1992-12-30 19:00:00", "calendarYear": "1992", "period": "FY", "revenue": 110000000, "costOfRevenue": 72100000, "grossProfit": 37900000, "grossProfitRatio": 0.3445454545, "researchAndDevelopmentExpenses": 0, "generalAndAdministrativeExpenses": 0, "sellingAndMarketingExpenses": 0, "sellingGeneralAndAdministrativeExpenses": 22700000, "otherExpenses": 5200000, "operatingExpenses": 27900000, "costAndExpenses": 100000000, "interestIncome": 0, "interestExpense": 0, "depreciationAndAmortization": 5200000, "ebitda": 15500000, "ebitdaratio": 0.1409090909, "operatingIncome": 10000000, "operatingIncomeRatio": 0.0909090909, "totalOtherIncomeExpensesNet": -300000, "incomeBeforeTax": 7800000, "incomeBeforeTaxRatio": 0.0709090909, "incomeTaxExpense": 1600000, "netIncome": -14000000, "netIncomeRatio": -0.1272727273, "eps": -0.27, "epsdiluted": -0.27, "weightedAverageShsOut": 51851852, "weightedAverageShsOutDil": 51851852, "link": "", "finalLink": "", "calculatedOtherExpenses": 5200000, "calculatedOperatingExpenses": 27900000, "calculatedNetInterest": 0, "calculatedOtherIncome": -2200000, "calculatedIncomeNonControlling": 20200000, "calculatedEbitda": 15200000}, {"date": "1991-12-31", "symbol": "AN", "reportedCurrency": "USD", "cik": "0000350698", "fillingDate": "1991-12-31", "acceptedDate": "1991-12-30 19:00:00", "calendarYear": "1991", "period": "FY", "revenue": 51600000, "costOfRevenue": 28500000, "grossProfit": 23100000, "grossProfitRatio": 0.4476744186, "researchAndDevelopmentExpenses": 0, "generalAndAdministrativeExpenses": 0, "sellingAndMarketingExpenses": 0, "sellingGeneralAndAdministrativeExpenses": 10000000, "otherExpenses": 2700000, "operatingExpenses": 12700000, "costAndExpenses": 41200000, "interestIncome": 0, "interestExpense": 0, "depreciationAndAmortization": 2700000, "ebitda": 17800000, "ebitdaratio": 0.3449612403, "operatingIncome": 10400000, "operatingIncomeRatio": 0.2015503876, "totalOtherIncomeExpensesNet": -4700000, "incomeBeforeTax": 3500000, "incomeBeforeTaxRatio": 0.0678294574, "incomeTaxExpense": 1400000, "netIncome": 2100000, "netIncomeRatio": 0.0406976744, "eps": 0.07, "epsdiluted": 0.07, "weightedAverageShsOut": 28000000, "weightedAverageShsOutDil": 28000000, "link": "", "finalLink": "", "calculatedOtherExpenses": 2700000, "calculatedOperatingExpenses": 12700000, "calculatedNetInterest": 0, "calculatedOtherIncome": -6900000, "calculatedIncomeNonControlling": 0, "calculatedEbitda": 13100000}, {"date": "1990-12-31", "symbol": "AN", "reportedCurrency": "USD", "cik": "0000350698", "fillingDate": "1990-12-31", "acceptedDate": "1990-12-30 19:00:00", "calendarYear": "1990", "period": "FY", "revenue": 31800000, "costOfRevenue": 18100000, "grossProfit": 13700000, "grossProfitRatio": 0.4308176101, "researchAndDevelopmentExpenses": 0, "generalAndAdministrativeExpenses": 0, "sellingAndMarketingExpenses": 0, "sellingGeneralAndAdministrativeExpenses": 8200000, "otherExpenses": 1600000, "operatingExpenses": 9800000, "costAndExpenses": 27900000, "interestIncome": 0, "interestExpense": 0, "depreciationAndAmortization": 1600000, "ebitda": 5500000, "ebitdaratio": 0.1729559748, "operatingIncome": 3900000, "operatingIncomeRatio": 0.1226415094, "totalOtherIncomeExpensesNet": -700000, "incomeBeforeTax": 3200000, "incomeBeforeTaxRatio": 0.1006289308, "incomeTaxExpense": 1300000, "netIncome": 1900000, "netIncomeRatio": 0.0597484277, "eps": 0.16, "epsdiluted": 0.16, "weightedAverageShsOut": 20428000, "weightedAverageShsOutDil": 20428000, "link": "", "finalLink": "", "calculatedOtherExpenses": 1600000, "calculatedOperatingExpenses": 9800000, "calculatedNetInterest": 0, "calculatedOtherIncome": -700000, "calculatedIncomeNonControlling": 0, "calculatedEbitda": 5500000}, {"date": "1989-12-31", "symbol": "AN", "reportedCurrency": "USD", "cik": "0000350698", "fillingDate": "1989-12-31", "acceptedDate": "1989-12-30 19:00:00", "calendarYear": "1989", "period": "FY", "revenue": 600000, "costOfRevenue": 800000, "grossProfit": -200000, "grossProfitRatio": -0.3333333333, "researchAndDevelopmentExpenses": 0, "generalAndAdministrativeExpenses": 0, "sellingAndMarketingExpenses": 0, "sellingGeneralAndAdministrativeExpenses": 200000, "otherExpenses": 0, "operatingExpenses": 200000, "costAndExpenses": 1000000, "interestIncome": 0, "interestExpense": 0, "depreciationAndAmortization": -100000, "ebitda": -500000, "ebitdaratio": -0.8333333333, "operatingIncome": -400000, "operatingIncomeRatio": -0.6666666667, "totalOtherIncomeExpensesNet": 100000, "incomeBeforeTax": -300000, "incomeBeforeTaxRatio": -0.5, "incomeTaxExpense": 100000, "netIncome": -400000, "netIncomeRatio": -0.6666666667, "eps": -0.11, "epsdiluted": -0.11, "weightedAverageShsOut": 3636364, "weightedAverageShsOutDil": 3636364, "link": "", "finalLink": "", "calculatedOtherExpenses": 0, "calculatedOperatingExpenses": 200000, "calculatedNetInterest": 0, "calculatedOtherIncome": 100000, "calculatedIncomeNonControlling": 0, "calculatedEbitda": -500000}, {"date": "1988-12-31", "symbol": "AN", "reportedCurrency": "USD", "cik": "0000350698", "fillingDate": "1988-12-31", "acceptedDate": "1988-12-30 19:00:00", "calendarYear": "1988", "period": "FY", "revenue": 600000, "costOfRevenue": 800000, "grossProfit": -200000, "grossProfitRatio": -0.3333333333, "researchAndDevelopmentExpenses": 0, "generalAndAdministrativeExpenses": 0, "sellingAndMarketingExpenses": 0, "sellingGeneralAndAdministrativeExpenses": 0, "otherExpenses": 100000, "operatingExpenses": 100000, "costAndExpenses": 900000, "interestIncome": 0, "interestExpense": 0, "depreciationAndAmortization": 100000, "ebitda": 300000, "ebitdaratio": 0.5, "operatingIncome": -300000, "operatingIncomeRatio": -0.5, "totalOtherIncomeExpensesNet": -500000, "incomeBeforeTax": -800000, "incomeBeforeTaxRatio": -1.3333333333, "incomeTaxExpense": 1200000, "netIncome": -1500000, "netIncomeRatio": -2.5, "eps": -0.39, "epsdiluted": -0.39, "weightedAverageShsOut": 3846154, "weightedAverageShsOutDil": 3846154, "link": "", "finalLink": "", "calculatedOtherExpenses": 100000, "calculatedOperatingExpenses": 100000, "calculatedNetInterest": 0, "calculatedOtherIncome": -500000, "calculatedIncomeNonControlling": -500000, "calculatedEbitda": -200000}]}