{"originalCurrency": "USD", "convertedCurrency": "USD", "report": [{"date": "2024-02-03", "symbol": "ANF", "reportedCurrency": "USD", "cik": "0001018840", "fillingDate": "2024-04-01", "acceptedDate": "2024-04-01 17:08:32", "calendarYear": "2023", "period": "FY", "revenue": 4280676999, "costOfRevenue": 1726523000, "grossProfit": 2554153999, "grossProfitRatio": 0.5966705733, "researchAndDevelopmentExpenses": 0, "generalAndAdministrativeExpenses": -141104000, "sellingAndMarketingExpenses": 2214614000, "sellingGeneralAndAdministrativeExpenses": 2073510000, "otherExpenses": 0, "operatingExpenses": 2073510000, "costAndExpenses": 3800033000, "interestIncome": 29980000, "interestExpense": 30352000, "depreciationAndAmortization": 141104000, "ebitda": 621748000, "ebitdaratio": 0.1452452498, "operatingIncome": 480644000, "operatingIncomeRatio": 0.1122822395, "totalOtherIncomeExpensesNet": 3655000, "incomeBeforeTax": 484299000, "incomeBeforeTaxRatio": 0.1131360764, "incomeTaxExpense": 148886000, "netIncome": 328123000, "netIncomeRatio": 0.0766521277, "eps": 6.53, "epsdiluted": 6.22, "weightedAverageShsOut": 50250000, "weightedAverageShsOutDil": 52726000, "link": "https://www.sec.gov/Archives/edgar/data/1018840/000101884024000019/0001018840-24-000019-index.htm", "finalLink": "https://www.sec.gov/Archives/edgar/data/1018840/000101884024000019/anf-20240203.htm", "calculatedOtherExpenses": -1, "calculatedOperatingExpenses": 2073509999, "calculatedNetInterest": -372000, "calculatedOtherIncome": 4027000, "calculatedIncomeNonControlling": 7290000, "calculatedEbitda": 621748000}, {"date": "2023-01-28", "symbol": "ANF", "reportedCurrency": "USD", "cik": "0001018840", "fillingDate": "2023-03-27", "acceptedDate": "2023-03-27 17:22:54", "calendarYear": "2022", "period": "FY", "revenue": 3697751000, "costOfRevenue": 1593213000, "grossProfit": 2104538000, "grossProfitRatio": 0.5691399989, "researchAndDevelopmentExpenses": 0, "generalAndAdministrativeExpenses": 517602000, "sellingAndMarketingExpenses": 1482931000, "sellingGeneralAndAdministrativeExpenses": 2000533000, "otherExpenses": -2674000, "operatingExpenses": 1997859000, "costAndExpenses": 3591072000, "interestIncome": 4604000, "interestExpense": 25632000, "depreciationAndAmortization": 132243000, "ebitda": 106679000, "ebitdaratio": 0.0288496981, "operatingIncome": -25564000, "operatingIncomeRatio": -0.0069133914, "totalOtherIncomeExpensesNet": 92580000, "incomeBeforeTax": 67016000, "incomeBeforeTaxRatio": 0.0181234486, "incomeTaxExpense": 56631000, "netIncome": 10385000, "netIncomeRatio": 0.0028084638, "eps": 0.21, "epsdiluted": 0.2, "weightedAverageShsOut": 50307000, "weightedAverageShsOutDil": 52327000, "link": "https://www.sec.gov/Archives/edgar/data/1018840/000101884023000011/0001018840-23-000011-index.htm", "finalLink": "https://www.sec.gov/Archives/edgar/data/1018840/000101884023000011/anf-20230128.htm", "calculatedOtherExpenses": 129569000, "calculatedOperatingExpenses": 2130102000, "calculatedNetInterest": -21028000, "calculatedOtherIncome": 113608000, "calculatedIncomeNonControlling": 0, "calculatedEbitda": 106679000}, {"date": "2022-01-29", "symbol": "ANF", "reportedCurrency": "USD", "cik": "0001018840", "fillingDate": "2022-03-28", "acceptedDate": "2022-03-28 17:26:28", "calendarYear": "2021", "period": "FY", "revenue": 3712768000, "costOfRevenue": 1400773000, "grossProfit": 2311995000, "grossProfitRatio": 0.6227146431, "researchAndDevelopmentExpenses": 0, "generalAndAdministrativeExpenses": 536815000, "sellingAndMarketingExpenses": 1429476000, "sellingGeneralAndAdministrativeExpenses": 1966291000, "otherExpenses": -9480000, "operatingExpenses": 1956811000, "costAndExpenses": 3357584000, "interestIncome": 3848000, "interestExpense": 34110000, "depreciationAndAmortization": 144035000, "ebitda": 355184000, "ebitdaratio": 0.095665552, "operatingIncome": 211149000, "operatingIncomeRatio": 0.0568710461, "totalOtherIncomeExpensesNet": 97825000, "incomeBeforeTax": 308974000, "incomeBeforeTaxRatio": 0.0832193124, "incomeTaxExpense": 38908000, "netIncome": 263010000, "netIncomeRatio": 0.0708393307, "eps": 4.41, "epsdiluted": 4.2, "weightedAverageShsOut": 59597000, "weightedAverageShsOutDil": 62636000, "link": "https://www.sec.gov/Archives/edgar/data/1018840/000101884022000011/0001018840-22-000011-index.htm", "finalLink": "https://www.sec.gov/Archives/edgar/data/1018840/000101884022000011/anf-20220129.htm", "calculatedOtherExpenses": 134555000, "calculatedOperatingExpenses": 2100846000, "calculatedNetInterest": -30262000, "calculatedOtherIncome": 128087000, "calculatedIncomeNonControlling": 7056000, "calculatedEbitda": 355184000}, {"date": "2021-01-30", "symbol": "ANF", "reportedCurrency": "USD", "cik": "0001018840", "fillingDate": "2021-03-29", "acceptedDate": "2021-03-29 17:22:25", "calendarYear": "2020", "period": "FY", "revenue": 3125384000, "costOfRevenue": 1234179000, "grossProfit": 1891205000, "grossProfitRatio": 0.6051112439, "researchAndDevelopmentExpenses": 0, "generalAndAdministrativeExpenses": 463843000, "sellingAndMarketingExpenses": 1391584000, "sellingGeneralAndAdministrativeExpenses": 1855427000, "otherExpenses": -16690000, "operatingExpenses": 1838737000, "costAndExpenses": 3072916000, "interestIncome": 3452000, "interestExpense": 28274000, "depreciationAndAmortization": 166281000, "ebitda": 52468000, "ebitdaratio": 0.0167876971, "operatingIncome": -113813000, "operatingIncomeRatio": -0.0364156852, "totalOtherIncomeExpensesNet": 65070000, "incomeBeforeTax": -48743000, "incomeBeforeTaxRatio": -0.0155958436, "incomeTaxExpense": 60211000, "netIncome": -108954000, "netIncomeRatio": -0.0348609963, "eps": -1.74, "epsdiluted": -1.74, "weightedAverageShsOut": 62551000, "weightedAverageShsOutDil": 62551000, "link": "https://www.sec.gov/Archives/edgar/data/1018840/000101884021000023/0001018840-21-000023-index.htm", "finalLink": "https://www.sec.gov/Archives/edgar/data/1018840/000101884021000023/anf-20210130.htm", "calculatedOtherExpenses": 149591000, "calculatedOperatingExpenses": 2005018000, "calculatedNetInterest": -24822000, "calculatedOtherIncome": 89892000, "calculatedIncomeNonControlling": 0, "calculatedEbitda": 52468000}, {"date": "2020-02-01", "symbol": "ANF", "reportedCurrency": "USD", "cik": "0001018840", "fillingDate": "2020-03-31", "acceptedDate": "2020-03-31 08:28:18", "calendarYear": "2019", "period": "FY", "revenue": 3623073000, "costOfRevenue": 1472155000, "grossProfit": 2150918000, "grossProfitRatio": 0.5936722776, "researchAndDevelopmentExpenses": 0, "generalAndAdministrativeExpenses": 464615000, "sellingAndMarketingExpenses": 1551243000, "sellingGeneralAndAdministrativeExpenses": 2015858000, "otherExpenses": 45857000, "operatingExpenses": 2061715000, "costAndExpenses": 3533870000, "interestIncome": 12171000, "interestExpense": 7737000, "depreciationAndAmortization": 173625000, "ebitda": 108338000, "ebitdaratio": 0.0299022404, "operatingIncome": -65287000, "operatingIncomeRatio": -0.018019786, "totalOtherIncomeExpensesNet": 127618000, "incomeBeforeTax": 62331000, "incomeBeforeTaxRatio": 0.017203904, "incomeTaxExpense": 17371000, "netIncome": 39358000, "netIncomeRatio": 0.010863154, "eps": 0.61, "epsdiluted": 0.6, "weightedAverageShsOut": 64428000, "weightedAverageShsOutDil": 65778000, "link": "https://www.sec.gov/Archives/edgar/data/1018840/000101884020000021/0001018840-20-000021-index.htm", "finalLink": "https://www.sec.gov/Archives/edgar/data/1018840/000101884020000021/a201910-k.htm", "calculatedOtherExpenses": 200347000, "calculatedOperatingExpenses": 2216205000, "calculatedNetInterest": 4434000, "calculatedOtherIncome": 123184000, "calculatedIncomeNonControlling": 5602000, "calculatedEbitda": 108338000}, {"date": "2019-02-02", "symbol": "ANF", "reportedCurrency": "USD", "cik": "0001018840", "fillingDate": "2019-04-01", "acceptedDate": "2019-04-01 17:08:33", "calendarYear": "2018", "period": "FY", "revenue": 3590109000, "costOfRevenue": 1430193000, "grossProfit": 2159916000, "grossProfitRatio": 0.6016296441, "researchAndDevelopmentExpenses": 0, "generalAndAdministrativeExpenses": 484863000, "sellingAndMarketingExpenses": 1542022000, "sellingGeneralAndAdministrativeExpenses": 2026885000, "otherExpenses": -5915000, "operatingExpenses": 2020970000, "costAndExpenses": 3451163000, "interestIncome": 11789000, "interestExpense": 10999000, "depreciationAndAmortization": 178030000, "ebitda": 150526000, "ebitdaratio": 0.0419279749, "operatingIncome": 127366000, "operatingIncomeRatio": 0.0354769173, "totalOtherIncomeExpensesNet": -11580000, "incomeBeforeTax": 116367000, "incomeBeforeTaxRatio": 0.032413222, "incomeTaxExpense": 37559000, "netIncome": 74541000, "netIncomeRatio": 0.0207628793, "eps": 1.11, "epsdiluted": 1.08, "weightedAverageShsOut": 67350000, "weightedAverageShsOutDil": 69137000, "link": "https://www.sec.gov/Archives/edgar/data/1018840/000101884019000018/0001018840-19-000018-index.htm", "finalLink": "https://www.sec.gov/Archives/edgar/data/1018840/000101884019000018/a201810-k.htm", "calculatedOtherExpenses": 5665000, "calculatedOperatingExpenses": 2032550000, "calculatedNetInterest": 790000, "calculatedOtherIncome": -11789000, "calculatedIncomeNonControlling": 4267000, "calculatedEbitda": 305396000}, {"date": "2018-02-03", "symbol": "ANF", "reportedCurrency": "USD", "cik": "0001018840", "fillingDate": "2018-04-02", "acceptedDate": "2018-04-02 17:22:33", "calendarYear": "2017", "period": "FY", "revenue": 3492690000, "costOfRevenue": 1408848000, "grossProfit": 2083842000, "grossProfitRatio": 0.596629532, "researchAndDevelopmentExpenses": 0, "generalAndAdministrativeExpenses": 471914000, "sellingAndMarketingExpenses": 1542425000, "sellingGeneralAndAdministrativeExpenses": 2014339000, "otherExpenses": -16938000, "operatingExpenses": 1997401000, "costAndExpenses": 3406249000, "interestIncome": 6084000, "interestExpense": 16889000, "depreciationAndAmortization": 194549000, "ebitda": 100832000, "ebitdaratio": 0.0288694387, "operatingIncome": 72050000, "operatingIncomeRatio": 0.020628799, "totalOtherIncomeExpensesNet": -14391000, "incomeBeforeTax": 55161000, "incomeBeforeTaxRatio": 0.0157932711, "incomeTaxExpense": 44636000, "netIncome": 7094000, "netIncomeRatio": 0.0020310992, "eps": 0.1, "epsdiluted": 0.1, "weightedAverageShsOut": 68391000, "weightedAverageShsOutDil": 69403000, "link": "https://www.sec.gov/Archives/edgar/data/1018840/000101884018000018/0001018840-18-000018-index.htm", "finalLink": "https://www.sec.gov/Archives/edgar/data/1018840/000101884018000018/a201710-k.htm", "calculatedOtherExpenses": -2547000, "calculatedOperatingExpenses": 2011792000, "calculatedNetInterest": -10805000, "calculatedOtherIncome": -6084000, "calculatedIncomeNonControlling": 3431000, "calculatedEbitda": 266599000}, {"date": "2017-01-28", "symbol": "ANF", "reportedCurrency": "USD", "cik": "0001018840", "fillingDate": "2017-03-27", "acceptedDate": "2017-03-27 17:19:28", "calendarYear": "2016", "period": "FY", "revenue": 3326740000, "costOfRevenue": 1298172000, "grossProfit": 2028568000, "grossProfitRatio": 0.609776538, "researchAndDevelopmentExpenses": 0, "generalAndAdministrativeExpenses": 453202000, "sellingAndMarketingExpenses": 1578460000, "sellingGeneralAndAdministrativeExpenses": 2031662000, "otherExpenses": -26212000, "operatingExpenses": 2005450000, "costAndExpenses": 3303622000, "interestIncome": 4412000, "interestExpense": 18666000, "depreciationAndAmortization": 195414000, "ebitda": 31048000, "ebitdaratio": 0.0093328604, "operatingIncome": 15188000, "operatingIncomeRatio": 0.0045654304, "totalOtherIncomeExpensesNet": -7930000, "incomeBeforeTax": -3478000, "incomeBeforeTaxRatio": -0.0010454679, "incomeTaxExpense": -11196000, "netIncome": 3956000, "netIncomeRatio": 0.0011891521, "eps": 0.06, "epsdiluted": 0.06, "weightedAverageShsOut": 67878000, "weightedAverageShsOutDil": 68284000, "link": "https://www.sec.gov/Archives/edgar/data/1018840/000101884017000013/0001018840-17-000013-index.htm", "finalLink": "https://www.sec.gov/Archives/edgar/data/1018840/000101884017000013/a201610-k.htm", "calculatedOtherExpenses": -18282000, "calculatedOperatingExpenses": 2013380000, "calculatedNetInterest": -14254000, "calculatedOtherIncome": -4412000, "calculatedIncomeNonControlling": 3762000, "calculatedEbitda": 210602000}, {"date": "2016-01-30", "symbol": "ANF", "reportedCurrency": "USD", "cik": "0001018840", "fillingDate": "2016-03-28", "acceptedDate": "2016-03-28 16:25:31", "calendarYear": "2015", "period": "FY", "revenue": 3518680000, "costOfRevenue": 1361137000, "grossProfit": 2157543000, "grossProfitRatio": 0.6131682904, "researchAndDevelopmentExpenses": 0, "generalAndAdministrativeExpenses": 470321000, "sellingAndMarketingExpenses": 1604214000, "sellingGeneralAndAdministrativeExpenses": 2074535000, "otherExpenses": -6441000, "operatingExpenses": 2068094000, "costAndExpenses": 3429231000, "interestIncome": 4353000, "interestExpense": 18248000, "depreciationAndAmortization": 213680000, "ebitda": 106060000, "ebitdaratio": 0.0301419851, "operatingIncome": 72838000, "operatingIncomeRatio": 0.0207003763, "totalOtherIncomeExpensesNet": -16611000, "incomeBeforeTax": 54590000, "incomeBeforeTaxRatio": 0.0155143406, "incomeTaxExpense": 16031000, "netIncome": 35576000, "netIncomeRatio": 0.0101106097, "eps": 0.52, "epsdiluted": 0.51, "weightedAverageShsOut": 68880000, "weightedAverageShsOutDil": 69417000, "link": "https://www.sec.gov/Archives/edgar/data/1018840/000101884016000080/0001018840-16-000080-index.htm", "finalLink": "https://www.sec.gov/Archives/edgar/data/1018840/000101884016000080/a201510-k.htm", "calculatedOtherExpenses": 10170000, "calculatedOperatingExpenses": 2084705000, "calculatedNetInterest": -13895000, "calculatedOtherIncome": -4353000, "calculatedIncomeNonControlling": 2983000, "calculatedEbitda": 286518000}, {"date": "2015-01-31", "symbol": "ANF", "reportedCurrency": "USD", "cik": "0001018840", "fillingDate": "2015-03-30", "acceptedDate": "2015-03-30 16:19:31", "calendarYear": "2014", "period": "FY", "revenue": 3744030000, "costOfRevenue": 1430460000, "grossProfit": 2313570000, "grossProfitRatio": 0.6179357537, "researchAndDevelopmentExpenses": 0, "generalAndAdministrativeExpenses": 458820000, "sellingAndMarketingExpenses": 1703051000, "sellingGeneralAndAdministrativeExpenses": 2161871000, "otherExpenses": -15239000, "operatingExpenses": 2146632000, "costAndExpenses": 3577092000, "interestIncome": 0, "interestExpense": 14365000, "depreciationAndAmortization": 226421000, "ebitda": 220357000, "ebitdaratio": 0.0588555647, "operatingIncome": 113519000, "operatingIncomeRatio": 0.0303200028, "totalOtherIncomeExpensesNet": -53419000, "incomeBeforeTax": 99154000, "incomeBeforeTaxRatio": 0.026483228, "incomeTaxExpense": 47333000, "netIncome": 51821000, "netIncomeRatio": 0.0138409682, "eps": 0.72, "epsdiluted": 0.71, "weightedAverageShsOut": 71785000, "weightedAverageShsOutDil": 72937000, "link": "https://www.sec.gov/Archives/edgar/data/1018840/000101884015000020/0001018840-15-000020-index.htm", "finalLink": "https://www.sec.gov/Archives/edgar/data/1018840/000101884015000020/a201410-k.htm", "calculatedOtherExpenses": 38180000, "calculatedOperatingExpenses": 2200051000, "calculatedNetInterest": -14365000, "calculatedOtherIncome": 0, "calculatedIncomeNonControlling": 0, "calculatedEbitda": 339940000}, {"date": "2014-02-01", "symbol": "ANF", "reportedCurrency": "USD", "cik": "0001018840", "fillingDate": "2014-03-31", "acceptedDate": "2014-03-31 17:00:29", "calendarYear": "2013", "period": "FY", "revenue": 4116897000, "costOfRevenue": 1541462000, "grossProfit": 2575435000, "grossProfitRatio": 0.625576739, "researchAndDevelopmentExpenses": 0, "generalAndAdministrativeExpenses": 481784000, "sellingAndMarketingExpenses": 1907687000, "sellingGeneralAndAdministrativeExpenses": 2389471000, "otherExpenses": -23074000, "operatingExpenses": 2366397000, "costAndExpenses": 3907859000, "interestIncome": 0, "interestExpense": 7546000, "depreciationAndAmortization": 235240000, "ebitda": 337253000, "ebitdaratio": 0.0819192222, "operatingIncome": 80823000, "operatingIncomeRatio": 0.019632019, "totalOtherIncomeExpensesNet": -128215000, "incomeBeforeTax": 73277000, "incomeBeforeTaxRatio": 0.0177990851, "incomeTaxExpense": 18649000, "netIncome": 54628000, "netIncomeRatio": 0.0132692171, "eps": 0.71, "epsdiluted": 0.69, "weightedAverageShsOut": 77157000, "weightedAverageShsOutDil": 78666000, "link": "https://www.sec.gov/Archives/edgar/data/1018840/000101884014000033/0001018840-14-000033-index.htm", "finalLink": "https://www.sec.gov/Archives/edgar/data/1018840/000101884014000033/anf-20140201x10k.htm", "calculatedOtherExpenses": 105141000, "calculatedOperatingExpenses": 2494612000, "calculatedNetInterest": -7546000, "calculatedOtherIncome": 0, "calculatedIncomeNonControlling": 0, "calculatedEbitda": 316063000}, {"date": "2013-02-02", "symbol": "ANF", "reportedCurrency": "USD", "cik": "0001018840", "fillingDate": "2013-04-02", "acceptedDate": "2013-04-02 16:54:55", "calendarYear": "2012", "period": "FY", "revenue": 4510805000, "costOfRevenue": 1648950000, "grossProfit": 2861855000, "grossProfitRatio": 0.6344444063, "researchAndDevelopmentExpenses": 0, "generalAndAdministrativeExpenses": 473883000, "sellingAndMarketingExpenses": 1987926000, "sellingGeneralAndAdministrativeExpenses": 2461809000, "otherExpenses": -19333000, "operatingExpenses": 2442476000, "costAndExpenses": 4091426000, "interestIncome": 0, "interestExpense": 7288000, "depreciationAndAmortization": 224245000, "ebitda": 419379000, "ebitdaratio": 0.092972097, "operatingIncome": 419379000, "operatingIncomeRatio": 0.092972097, "totalOtherIncomeExpensesNet": -7288000, "incomeBeforeTax": 412091000, "incomeBeforeTaxRatio": 0.0913564209, "incomeTaxExpense": 148900000, "netIncome": 263191000, "netIncomeRatio": 0.0583467918, "eps": 2.89, "epsdiluted": 2.85, "weightedAverageShsOut": 81940000, "weightedAverageShsOutDil": 83175000, "link": "https://www.sec.gov/Archives/edgar/data/1018840/000101884013000012/0001018840-13-000012-index.htm", "finalLink": "https://www.sec.gov/Archives/edgar/data/1018840/000101884013000012/anf-20130202x10k.htm", "calculatedOtherExpenses": -19333000, "calculatedOperatingExpenses": 2442476000, "calculatedNetInterest": -7288000, "calculatedOtherIncome": 0, "calculatedIncomeNonControlling": 0, "calculatedEbitda": 643624000}, {"date": "2012-01-28", "symbol": "ANF", "reportedCurrency": "USD", "cik": "0001018840", "fillingDate": "2012-03-27", "acceptedDate": "2012-03-27 16:33:22", "calendarYear": "2011", "period": "FY", "revenue": 4158058000, "costOfRevenue": 1639188000, "grossProfit": 2518870000, "grossProfitRatio": 0.6057803907, "researchAndDevelopmentExpenses": 0, "generalAndAdministrativeExpenses": 437120000, "sellingAndMarketingExpenses": 1888248000, "sellingGeneralAndAdministrativeExpenses": 2325368000, "otherExpenses": 0, "operatingExpenses": 2328840000, "costAndExpenses": 3968028000, "interestIncome": 4300000, "interestExpense": 3577000, "depreciationAndAmortization": 232956000, "ebitda": 190030000, "ebitdaratio": 0.0457016232, "operatingIncome": 190030000, "operatingIncomeRatio": 0.0457016232, "totalOtherIncomeExpensesNet": -3472000, "incomeBeforeTax": 186453000, "incomeBeforeTaxRatio": 0.0448413658, "incomeTaxExpense": 59591000, "netIncome": 127658000, "netIncomeRatio": 0.0307013514, "eps": 1.66, "epsdiluted": 1.61, "weightedAverageShsOut": 86848000, "weightedAverageShsOutDil": 89537000, "link": "https://www.sec.gov/Archives/edgar/data/1018840/000119312512134456/0001193125-12-134456-index.htm", "finalLink": "https://www.sec.gov/Archives/edgar/data/1018840/000119312512134456/d284845d10k.htm", "calculatedOtherExpenses": 3472000, "calculatedOperatingExpenses": 2328840000, "calculatedNetInterest": 723000, "calculatedOtherIncome": -4300000, "calculatedIncomeNonControlling": -796000, "calculatedEbitda": 422986000}, {"date": "2011-01-29", "symbol": "ANF", "reportedCurrency": "USD", "cik": "0001018840", "fillingDate": "2011-03-29", "acceptedDate": "2011-03-29 16:03:13", "calendarYear": "2010", "period": "FY", "revenue": 3468777000, "costOfRevenue": 1256596000, "grossProfit": 2212181000, "grossProfitRatio": 0.6377409098, "researchAndDevelopmentExpenses": 0, "generalAndAdministrativeExpenses": 400804000, "sellingAndMarketingExpenses": 1589501000, "sellingGeneralAndAdministrativeExpenses": 1990305000, "otherExpenses": -10056000, "operatingExpenses": 1980249000, "costAndExpenses": 3236845000, "interestIncome": 4438000, "interestExpense": 3362000, "depreciationAndAmortization": 229153000, "ebitda": 231932000, "ebitdaratio": 0.0668627588, "operatingIncome": 231932000, "operatingIncomeRatio": 0.0668627588, "totalOtherIncomeExpensesNet": 10056000, "incomeBeforeTax": 228570000, "incomeBeforeTaxRatio": 0.0658935412, "incomeTaxExpense": 78287000, "netIncome": 150283000, "netIncomeRatio": 0.0433244916, "eps": 1.77, "epsdiluted": 1.73, "weightedAverageShsOut": 88061000, "weightedAverageShsOutDil": 89851000, "link": "https://www.sec.gov/Archives/edgar/data/1018840/000095012311030172/0000950123-11-030172-index.htm", "finalLink": "https://www.sec.gov/Archives/edgar/data/1018840/000095012311030172/l41654e10vk.htm", "calculatedOtherExpenses": -10056000, "calculatedOperatingExpenses": 1980249000, "calculatedNetInterest": 1076000, "calculatedOtherIncome": -4438000, "calculatedIncomeNonControlling": 0, "calculatedEbitda": 461085000}, {"date": "2010-01-30", "symbol": "ANF", "reportedCurrency": "USD", "cik": "0001018840", "fillingDate": "2010-03-29", "acceptedDate": "2010-03-29 16:03:20", "calendarYear": "2009", "period": "FY", "revenue": 2928626000, "costOfRevenue": 1045028000, "grossProfit": 1883598000, "grossProfitRatio": 0.64316782, "researchAndDevelopmentExpenses": 0, "generalAndAdministrativeExpenses": 353269000, "sellingAndMarketingExpenses": 1425950000, "sellingGeneralAndAdministrativeExpenses": 1779219000, "otherExpenses": -13533000, "operatingExpenses": 1765686000, "costAndExpenses": 2810714000, "interestIncome": 1598000, "interestExpense": -1598000, "depreciationAndAmortization": 238752000, "ebitda": 117912000, "ebitdaratio": 0.0402618839, "operatingIncome": 117912000, "operatingIncomeRatio": 0.0402618839, "totalOtherIncomeExpensesNet": 13533000, "incomeBeforeTax": 119510000, "incomeBeforeTaxRatio": 0.0408075323, "incomeTaxExpense": 40557000, "netIncome": 254000, "netIncomeRatio": 8.67301e-05, "eps": 0.0029, "epsdiluted": 0.0029, "weightedAverageShsOut": 87874000, "weightedAverageShsOutDil": 88609000, "link": "https://www.sec.gov/Archives/edgar/data/1018840/000095012310029409/0000950123-10-029409-index.htm", "finalLink": "https://www.sec.gov/Archives/edgar/data/1018840/000095012310029409/l38903e10vk.htm", "calculatedOtherExpenses": -13533000, "calculatedOperatingExpenses": 1765686000, "calculatedNetInterest": 3196000, "calculatedOtherIncome": -1598000, "calculatedIncomeNonControlling": 78699000, "calculatedEbitda": 356664000}, {"date": "2009-01-31", "symbol": "ANF", "reportedCurrency": "USD", "cik": "0001018840", "fillingDate": "2009-03-27", "acceptedDate": "2009-03-27 16:09:10", "calendarYear": "2008", "period": "FY", "revenue": 3540276000, "costOfRevenue": 1178584000, "grossProfit": 2361692000, "grossProfitRatio": 0.6670926222, "researchAndDevelopmentExpenses": 0, "generalAndAdministrativeExpenses": 0, "sellingAndMarketingExpenses": 0, "sellingGeneralAndAdministrativeExpenses": 1931170000, "otherExpenses": -8864000, "operatingExpenses": 1922306000, "costAndExpenses": 3100890000, "interestIncome": 0, "interestExpense": 0, "depreciationAndAmortization": 225334000, "ebitda": 655856000, "ebitdaratio": 0.1852556128, "operatingIncome": 439386000, "operatingIncomeRatio": 0.1241106626, "totalOtherIncomeExpensesNet": 8864000, "incomeBeforeTax": 450768000, "incomeBeforeTaxRatio": 0.1273256661, "incomeTaxExpense": 178513000, "netIncome": 272255000, "netIncomeRatio": 0.0769021963, "eps": 3.14, "epsdiluted": 3.05, "weightedAverageShsOut": 86816000, "weightedAverageShsOutDil": 89291000, "link": "https://www.sec.gov/Archives/edgar/data/1018840/000095015209003195/0000950152-09-003195-index.htm", "finalLink": "https://www.sec.gov/Archives/edgar/data/1018840/000095015209003195/l35389ae10vk.htm", "calculatedOtherExpenses": -8864000, "calculatedOperatingExpenses": 1922306000, "calculatedNetInterest": 0, "calculatedOtherIncome": 11382000, "calculatedIncomeNonControlling": 0, "calculatedEbitda": 664720000}, {"date": "2008-02-02", "symbol": "ANF", "reportedCurrency": "USD", "cik": "0001018840", "fillingDate": "2008-03-28", "acceptedDate": "2008-03-28 16:01:29", "calendarYear": "2007", "period": "FY", "revenue": 3749847000, "costOfRevenue": 1238480000, "grossProfit": 2511367000, "grossProfitRatio": 0.6697251915, "researchAndDevelopmentExpenses": 0, "generalAndAdministrativeExpenses": 0, "sellingAndMarketingExpenses": 0, "sellingGeneralAndAdministrativeExpenses": 1782604000, "otherExpenses": -11734000, "operatingExpenses": 1770870000, "costAndExpenses": 3009350000, "interestIncome": 0, "interestExpense": 0, "depreciationAndAmortization": 146298000, "ebitda": 875061000, "ebitdaratio": 0.2333591211, "operatingIncome": 740497000, "operatingIncomeRatio": 0.1974739236, "totalOtherIncomeExpensesNet": 11734000, "incomeBeforeTax": 759325000, "incomeBeforeTaxRatio": 0.2024949285, "incomeTaxExpense": 283628000, "netIncome": 475697000, "netIncomeRatio": 0.1268577091, "eps": 5.45, "epsdiluted": 5.2, "weightedAverageShsOut": 87248000, "weightedAverageShsOutDil": 91523000, "link": "https://www.sec.gov/Archives/edgar/data/1018840/000095015208002415/0000950152-08-002415-index.htm", "finalLink": "https://www.sec.gov/Archives/edgar/data/1018840/000095015208002415/l30737ae10vk.htm", "calculatedOtherExpenses": -11734000, "calculatedOperatingExpenses": 1770870000, "calculatedNetInterest": 0, "calculatedOtherIncome": 18828000, "calculatedIncomeNonControlling": 0, "calculatedEbitda": 886795000}, {"date": "2007-02-03", "symbol": "ANF", "reportedCurrency": "USD", "cik": "0001018840", "fillingDate": "2007-03-30", "acceptedDate": "2007-03-30 16:07:43", "calendarYear": "2006", "period": "FY", "revenue": 3318158000, "costOfRevenue": 1109152000, "grossProfit": 2209006000, "grossProfitRatio": 0.6657326143, "researchAndDevelopmentExpenses": 0, "generalAndAdministrativeExpenses": 0, "sellingAndMarketingExpenses": 0, "sellingGeneralAndAdministrativeExpenses": 1560899000, "otherExpenses": -9983000, "operatingExpenses": 1550916000, "costAndExpenses": 2660068000, "interestIncome": 0, "interestExpense": 0, "depreciationAndAmortization": 111671000, "ebitda": 759778000, "ebitdaratio": 0.2289758354, "operatingIncome": 658090000, "operatingIncomeRatio": 0.1983299168, "totalOtherIncomeExpensesNet": 9983000, "incomeBeforeTax": 671986000, "incomeBeforeTaxRatio": 0.2025177825, "incomeTaxExpense": 249800000, "netIncome": 422186000, "netIncomeRatio": 0.1272350503, "eps": 4.79, "epsdiluted": 4.59, "weightedAverageShsOut": 88052000, "weightedAverageShsOutDil": 92010000, "link": "https://www.sec.gov/Archives/edgar/data/1018840/000095015207002885/0000950152-07-002885-index.htm", "finalLink": "https://www.sec.gov/Archives/edgar/data/1018840/000095015207002885/l25376ae10vk.htm", "calculatedOtherExpenses": -9983000, "calculatedOperatingExpenses": 1550916000, "calculatedNetInterest": 0, "calculatedOtherIncome": 13896000, "calculatedIncomeNonControlling": 0, "calculatedEbitda": 769761000}, {"date": "2006-01-28", "symbol": "ANF", "reportedCurrency": "USD", "cik": "0001018840", "fillingDate": "2006-04-07", "acceptedDate": "2006-04-07 16:53:10", "calendarYear": "2005", "period": "FY", "revenue": 2784711000, "costOfRevenue": 933295000, "grossProfit": 1851416000, "grossProfitRatio": 0.6648503202, "researchAndDevelopmentExpenses": 0, "generalAndAdministrativeExpenses": 0, "sellingAndMarketingExpenses": 0, "sellingGeneralAndAdministrativeExpenses": 1314212000, "otherExpenses": -5534000, "operatingExpenses": 1308678000, "costAndExpenses": 2241973000, "interestIncome": 0, "interestExpense": 0, "depreciationAndAmortization": 91679000, "ebitda": 628883000, "ebitdaratio": 0.2258342069, "operatingIncome": 542738000, "operatingIncomeRatio": 0.1948992193, "totalOtherIncomeExpensesNet": 5534000, "incomeBeforeTax": 549412000, "incomeBeforeTaxRatio": 0.1972958774, "incomeTaxExpense": 215426000, "netIncome": 333986000, "netIncomeRatio": 0.1199356055, "eps": 3.83, "epsdiluted": 3.66, "weightedAverageShsOut": 87161000, "weightedAverageShsOutDil": 91221000, "link": "https://www.sec.gov/Archives/edgar/data/1018840/000095015206003026/0000950152-06-003026-index.htm", "finalLink": "https://www.sec.gov/Archives/edgar/data/1018840/000095015206003026/l19378ae10vk.htm", "calculatedOtherExpenses": -5534000, "calculatedOperatingExpenses": 1308678000, "calculatedNetInterest": 0, "calculatedOtherIncome": 6674000, "calculatedIncomeNonControlling": 0, "calculatedEbitda": 634417000}, {"date": "2005-01-29", "symbol": "ANF", "reportedCurrency": "USD", "cik": "0001018840", "fillingDate": "2005-04-14", "acceptedDate": "2005-04-14 16:48:27", "calendarYear": "2004", "period": "FY", "revenue": 2021253000, "costOfRevenue": 1111460000, "grossProfit": 909793000, "grossProfitRatio": 0.4501133703, "researchAndDevelopmentExpenses": 0, "generalAndAdministrativeExpenses": 0, "sellingAndMarketingExpenses": 0, "sellingGeneralAndAdministrativeExpenses": 562158000, "otherExpenses": 0, "operatingExpenses": 562158000, "costAndExpenses": 1673618000, "interestIncome": 0, "interestExpense": 0, "depreciationAndAmortization": 73020000, "ebitda": 420655000, "ebitdaratio": 0.2081159558, "operatingIncome": 347635000, "operatingIncomeRatio": 0.1719898499, "totalOtherIncomeExpensesNet": 5218000, "incomeBeforeTax": 352853000, "incomeBeforeTaxRatio": 0.1745714168, "incomeTaxExpense": 136477000, "netIncome": 216376000, "netIncomeRatio": 0.1070504286, "eps": 2.33, "epsdiluted": 2.28, "weightedAverageShsOut": 92865236, "weightedAverageShsOutDil": 95110000, "link": "https://www.sec.gov/Archives/edgar/data/1018840/000095015205003151/0000950152-05-003151-index.htm", "finalLink": "https://www.sec.gov/Archives/edgar/data/1018840/000095015205003151/l13363ae10vk.txt", "calculatedOtherExpenses": 0, "calculatedOperatingExpenses": 562158000, "calculatedNetInterest": 0, "calculatedOtherIncome": 5218000, "calculatedIncomeNonControlling": 0, "calculatedEbitda": 420655000}, {"date": "2004-01-31", "symbol": "ANF", "reportedCurrency": "USD", "cik": "0001018840", "fillingDate": "2004-04-14", "acceptedDate": "2004-04-14 17:09:52", "calendarYear": "2003", "period": "FY", "revenue": 1707810000, "costOfRevenue": 990412000, "grossProfit": 717398000, "grossProfitRatio": 0.4200689772, "researchAndDevelopmentExpenses": 0, "generalAndAdministrativeExpenses": 0, "sellingAndMarketingExpenses": 0, "sellingGeneralAndAdministrativeExpenses": 385764000, "otherExpenses": 0, "operatingExpenses": 385764000, "costAndExpenses": 1376176000, "interestIncome": 0, "interestExpense": 0, "depreciationAndAmortization": 66604000, "ebitda": 398238000, "ebitdaratio": 0.2331863615, "operatingIncome": 331634000, "operatingIncomeRatio": 0.194186707, "totalOtherIncomeExpensesNet": 3708000, "incomeBeforeTax": 335342000, "incomeBeforeTaxRatio": 0.1963579087, "incomeTaxExpense": 130240000, "netIncome": 205102000, "netIncomeRatio": 0.1200964979, "eps": 2.12, "epsdiluted": 2.06, "weightedAverageShsOut": 96617925, "weightedAverageShsOutDil": 99580000, "link": "https://www.sec.gov/Archives/edgar/data/1018840/000095015204002881/0000950152-04-002881-index.htm", "finalLink": "https://www.sec.gov/Archives/edgar/data/1018840/000095015204002881/l06957ae10vk.txt", "calculatedOtherExpenses": 0, "calculatedOperatingExpenses": 385764000, "calculatedNetInterest": 0, "calculatedOtherIncome": 3708000, "calculatedIncomeNonControlling": 0, "calculatedEbitda": 398238000}, {"date": "2003-02-01", "symbol": "ANF", "reportedCurrency": "USD", "cik": "0001018840", "fillingDate": "2003-04-17", "acceptedDate": "2003-04-17 16:30:14", "calendarYear": "2002", "period": "FY", "revenue": 1595757000, "costOfRevenue": 939708000, "grossProfit": 656049000, "grossProfitRatio": 0.4111208661, "researchAndDevelopmentExpenses": 0, "generalAndAdministrativeExpenses": 0, "sellingAndMarketingExpenses": 0, "sellingGeneralAndAdministrativeExpenses": 343432000, "otherExpenses": 0, "operatingExpenses": 343432000, "costAndExpenses": 1283140000, "interestIncome": 0, "interestExpense": 0, "depreciationAndAmortization": 56925000, "ebitda": 369542000, "ebitdaratio": 0.2315778656, "operatingIncome": 312617000, "operatingIncomeRatio": 0.1959051409, "totalOtherIncomeExpensesNet": 3768000, "incomeBeforeTax": 316385000, "incomeBeforeTaxRatio": 0.1982664027, "incomeTaxExpense": 121450000, "netIncome": 194935000, "netIncomeRatio": 0.1221583236, "eps": 1.98, "epsdiluted": 1.98, "weightedAverageShsOut": 98171000, "weightedAverageShsOutDil": 100631000, "link": "https://www.sec.gov/Archives/edgar/data/1018840/000095015203004327/0000950152-03-004327-index.htm", "finalLink": "https://www.sec.gov/Archives/edgar/data/1018840/000095015203004327/l99554ae10vk.txt", "calculatedOtherExpenses": 0, "calculatedOperatingExpenses": 343432000, "calculatedNetInterest": 0, "calculatedOtherIncome": 3768000, "calculatedIncomeNonControlling": 0, "calculatedEbitda": 369542000}, {"date": "2002-02-02", "symbol": "ANF", "reportedCurrency": "USD", "cik": "0001018840", "fillingDate": "2002-04-17", "acceptedDate": "2002-04-17 00:00:00", "calendarYear": "2001", "period": "FY", "revenue": 1364853000, "costOfRevenue": 806819000, "grossProfit": 558034000, "grossProfitRatio": 0.4088601483, "researchAndDevelopmentExpenses": 0, "generalAndAdministrativeExpenses": 0, "sellingAndMarketingExpenses": 0, "sellingGeneralAndAdministrativeExpenses": 286576000, "otherExpenses": 0, "operatingExpenses": 286576000, "costAndExpenses": 1093395000, "interestIncome": 0, "interestExpense": 0, "depreciationAndAmortization": 41155000, "ebitda": 312613000, "ebitdaratio": 0.2290451792, "operatingIncome": 271458000, "operatingIncomeRatio": 0.1988917488, "totalOtherIncomeExpensesNet": 5064000, "incomeBeforeTax": 276522000, "incomeBeforeTaxRatio": 0.2026020385, "incomeTaxExpense": 107850000, "netIncome": 168672000, "netIncomeRatio": 0.1235825397, "eps": 1.7, "epsdiluted": 1.65, "weightedAverageShsOut": 99102000, "weightedAverageShsOutDil": 102524000, "link": "https://www.sec.gov/Archives/edgar/data/1018840/000102140802005406/0001021408-02-005406-index.htm", "finalLink": "https://www.sec.gov/Archives/edgar/data/1018840/000102140802005406/d10k.txt", "calculatedOtherExpenses": 0, "calculatedOperatingExpenses": 286576000, "calculatedNetInterest": 0, "calculatedOtherIncome": 5064000, "calculatedIncomeNonControlling": 0, "calculatedEbitda": 312613000}, {"date": "2001-02-03", "symbol": "ANF", "reportedCurrency": "USD", "cik": "0001018840", "fillingDate": "2001-04-20", "acceptedDate": "2001-04-20 00:00:00", "calendarYear": "2000", "period": "FY", "revenue": 1237604000, "costOfRevenue": 728229000, "grossProfit": 509375000, "grossProfitRatio": 0.4115815721, "researchAndDevelopmentExpenses": 0, "generalAndAdministrativeExpenses": 0, "sellingAndMarketingExpenses": 0, "sellingGeneralAndAdministrativeExpenses": 255723000, "otherExpenses": 0, "operatingExpenses": 255723000, "costAndExpenses": 983952000, "interestIncome": 0, "interestExpense": 0, "depreciationAndAmortization": 30731000, "ebitda": 284383000, "ebitdaratio": 0.2297851332, "operatingIncome": 253652000, "operatingIncomeRatio": 0.2049540887, "totalOtherIncomeExpensesNet": 7801000, "incomeBeforeTax": 261453000, "incomeBeforeTaxRatio": 0.2112573974, "incomeTaxExpense": 103320000, "netIncome": 158133000, "netIncomeRatio": 0.1277735043, "eps": 1.58, "epsdiluted": 1.55, "weightedAverageShsOut": 99083000, "weightedAverageShsOutDil": 99083000, "link": "https://www.sec.gov/Archives/edgar/data/1018840/000095015201500949/0000950152-01-500949-index.htm", "finalLink": "https://www.sec.gov/Archives/edgar/data/1018840/000095015201500949/l87782ae10-k405.txt", "calculatedOtherExpenses": 0, "calculatedOperatingExpenses": 255723000, "calculatedNetInterest": 0, "calculatedOtherIncome": 7801000, "calculatedIncomeNonControlling": 0, "calculatedEbitda": 284383000}, {"date": "2000-01-29", "symbol": "ANF", "reportedCurrency": "USD", "cik": "0001018840", "fillingDate": "2000-04-27", "acceptedDate": "2000-04-27 00:00:00", "calendarYear": "1999", "period": "FY", "revenue": 1042056000, "costOfRevenue": 576473000, "grossProfit": 465583000, "grossProfitRatio": 0.4467926868, "researchAndDevelopmentExpenses": 0, "generalAndAdministrativeExpenses": 0, "sellingAndMarketingExpenses": 0, "sellingGeneralAndAdministrativeExpenses": 223519000, "otherExpenses": 0, "operatingExpenses": 223519000, "costAndExpenses": 799992000, "interestIncome": 0, "interestExpense": 0, "depreciationAndAmortization": 27721000, "ebitda": 269785000, "ebitdaratio": 0.2588968347, "operatingIncome": 242064000, "operatingIncomeRatio": 0.2322946176, "totalOtherIncomeExpensesNet": 7270000, "incomeBeforeTax": 249334000, "incomeBeforeTaxRatio": 0.23927121, "incomeTaxExpense": 99730000, "netIncome": 149604000, "netIncomeRatio": 0.1435661807, "eps": 1.45, "epsdiluted": 1.39, "weightedAverageShsOut": 102030000, "weightedAverageShsOutDil": 102030000, "link": "https://www.sec.gov/Archives/edgar/data/1018840/000095015200003189/0000950152-00-003189-index.html", "finalLink": "https://www.sec.gov/Archives/edgar/data/1018840/000095015200003189/", "calculatedOtherExpenses": 0, "calculatedOperatingExpenses": 223519000, "calculatedNetInterest": 0, "calculatedOtherIncome": 7270000, "calculatedIncomeNonControlling": 0, "calculatedEbitda": 269785000}, {"date": "1999-01-30", "symbol": "ANF", "reportedCurrency": "USD", "cik": "0001018840", "fillingDate": "1999-04-26", "acceptedDate": "1999-04-26 00:00:00", "calendarYear": "1998", "period": "FY", "revenue": 815804000, "costOfRevenue": 471853000, "grossProfit": 343951000, "grossProfitRatio": 0.4216098475, "researchAndDevelopmentExpenses": 0, "generalAndAdministrativeExpenses": 0, "sellingAndMarketingExpenses": 0, "sellingGeneralAndAdministrativeExpenses": 176993000, "otherExpenses": 0, "operatingExpenses": 176993000, "costAndExpenses": 648846000, "interestIncome": 0, "interestExpense": 0, "depreciationAndAmortization": 20946000, "ebitda": 187904000, "ebitdaratio": 0.2303298341, "operatingIncome": 166958000, "operatingIncomeRatio": 0.2046545494, "totalOtherIncomeExpensesNet": 3144000, "incomeBeforeTax": 170102000, "incomeBeforeTaxRatio": 0.2085084162, "incomeTaxExpense": 68040000, "netIncome": 102062000, "netIncomeRatio": 0.1251060304, "eps": 0.99, "epsdiluted": 0.96, "weightedAverageShsOut": 103092929, "weightedAverageShsOutDil": 106314583, "link": "https://www.sec.gov/Archives/edgar/data/1018840/000095015299003520/0000950152-99-003520-index.html", "finalLink": "https://www.sec.gov/Archives/edgar/data/1018840/", "calculatedOtherExpenses": 0, "calculatedOperatingExpenses": 176993000, "calculatedNetInterest": 0, "calculatedOtherIncome": 3144000, "calculatedIncomeNonControlling": 0, "calculatedEbitda": 187904000}, {"date": "1998-01-31", "symbol": "ANF", "reportedCurrency": "USD", "cik": "0001018840", "fillingDate": "1998-04-29", "acceptedDate": "1998-04-29 00:00:00", "calendarYear": "1997", "period": "FY", "revenue": 521617000, "costOfRevenue": 320537000, "grossProfit": 201080000, "grossProfitRatio": 0.385493571, "researchAndDevelopmentExpenses": 0, "generalAndAdministrativeExpenses": 0, "sellingAndMarketingExpenses": 0, "sellingGeneralAndAdministrativeExpenses": 116955000, "otherExpenses": 0, "operatingExpenses": 116955000, "costAndExpenses": 437492000, "interestIncome": 0, "interestExpense": 0, "depreciationAndAmortization": 16342000, "ebitda": 100467000, "ebitdaratio": 0.1926068361, "operatingIncome": 84125000, "operatingIncomeRatio": 0.1612773357, "totalOtherIncomeExpensesNet": -3583000, "incomeBeforeTax": 80542000, "incomeBeforeTaxRatio": 0.1544083111, "incomeTaxExpense": 32220000, "netIncome": 48322000, "netIncomeRatio": 0.0926388519, "eps": 0.48, "epsdiluted": 0.47, "weightedAverageShsOut": 101730526, "weightedAverageShsOutDil": 102812766, "link": "https://www.sec.gov/Archives/edgar/data/1018840/000095010998002824/0000950109-98-002824-index.html", "finalLink": "https://www.sec.gov/Archives/edgar/data/1018840/", "calculatedOtherExpenses": 0, "calculatedOperatingExpenses": 116955000, "calculatedNetInterest": 0, "calculatedOtherIncome": -3583000, "calculatedIncomeNonControlling": 0, "calculatedEbitda": 100467000}, {"date": "1997-02-01", "symbol": "ANF", "reportedCurrency": "USD", "cik": "0001018840", "fillingDate": "1997-04-30", "acceptedDate": "1997-04-30 00:00:00", "calendarYear": "1996", "period": "FY", "revenue": 335372000, "costOfRevenue": 211606000, "grossProfit": 123766000, "grossProfitRatio": 0.3690409456, "researchAndDevelopmentExpenses": 0, "generalAndAdministrativeExpenses": 0, "sellingAndMarketingExpenses": 0, "sellingGeneralAndAdministrativeExpenses": 77773000, "otherExpenses": 0, "operatingExpenses": 77773000, "costAndExpenses": 289379000, "interestIncome": 0, "interestExpense": 0, "depreciationAndAmortization": 11759000, "ebitda": 57752000, "ebitdaratio": 0.1722028076, "operatingIncome": 45993000, "operatingIncomeRatio": 0.1371402502, "totalOtherIncomeExpensesNet": -4919000, "incomeBeforeTax": 41074000, "incomeBeforeTaxRatio": 0.1224729554, "incomeTaxExpense": 16400000, "netIncome": 24674000, "netIncomeRatio": 0.0735720334, "eps": 0.27, "epsdiluted": 0.27, "weightedAverageShsOut": 99469856, "weightedAverageShsOutDil": 99469856, "link": "https://www.sec.gov/Archives/edgar/data/1018840/000095010997003385/0000950109-97-003385-index.html", "finalLink": "https://www.sec.gov/Archives/edgar/data/1018840/", "calculatedOtherExpenses": 0, "calculatedOperatingExpenses": 77773000, "calculatedNetInterest": 0, "calculatedOtherIncome": -4919000, "calculatedIncomeNonControlling": 0, "calculatedEbitda": 57752000}]}