{"originalCurrency": "USD", "convertedCurrency": "USD", "report": [{"date": "2023-12-31", "symbol": "AON", "reportedCurrency": "USD", "cik": "0000315293", "fillingDate": "2024-02-16", "acceptedDate": "2024-02-16 17:18:42", "calendarYear": "2023", "period": "FY", "revenue": 13401000000, "costOfRevenue": 1084000000, "grossProfit": 12317000000, "grossProfitRatio": 0.9191105141, "researchAndDevelopmentExpenses": 0, "generalAndAdministrativeExpenses": 1862000000, "sellingAndMarketingExpenses": 0, "sellingGeneralAndAdministrativeExpenses": 1862000000, "otherExpenses": -8175000000, "operatingExpenses": 8175000000, "costAndExpenses": 9259000000, "interestIncome": 31000000, "interestExpense": 484000000, "depreciationAndAmortization": 256000000, "ebitda": 4398000000, "ebitdaratio": 0.3281844638, "operatingIncome": 4142000000, "operatingIncomeRatio": 0.3090814118, "totalOtherIncomeExpensesNet": -973000000, "incomeBeforeTax": 3169000000, "incomeBeforeTaxRatio": 0.2364748899, "incomeTaxExpense": 541000000, "netIncome": 2564000000, "netIncomeRatio": 0.1913290053, "eps": 12.6, "epsdiluted": 12.51, "weightedAverageShsOut": 203500000, "weightedAverageShsOutDil": 205000000, "link": "https://www.sec.gov/Archives/edgar/data/315293/000162828024005392/0001628280-24-005392-index.htm", "finalLink": "https://www.sec.gov/Archives/edgar/data/315293/000162828024005392/aon-20231231.htm", "calculatedOtherExpenses": 6313000000, "calculatedOperatingExpenses": 8175000000, "calculatedNetInterest": -453000000, "calculatedOtherIncome": -520000000, "calculatedIncomeNonControlling": 64000000, "calculatedEbitda": 4398000000}, {"date": "2022-12-31", "symbol": "AON", "reportedCurrency": "USD", "cik": "0000315293", "fillingDate": "2023-02-17", "acceptedDate": "2023-02-17 17:07:28", "calendarYear": "2022", "period": "FY", "revenue": 12479000000, "costOfRevenue": 6477000000, "grossProfit": 6002000000, "grossProfitRatio": 0.4809680263, "researchAndDevelopmentExpenses": 0, "generalAndAdministrativeExpenses": 2069000000, "sellingAndMarketingExpenses": 0, "sellingGeneralAndAdministrativeExpenses": 2069000000, "otherExpenses": 264000000, "operatingExpenses": 2333000000, "costAndExpenses": 8810000000, "interestIncome": 18000000, "interestExpense": 406000000, "depreciationAndAmortization": 157000000, "ebitda": 3826000000, "ebitdaratio": 0.3065950797, "operatingIncome": 3669000000, "operatingIncomeRatio": 0.2940139434, "totalOtherIncomeExpensesNet": -513000000, "incomeBeforeTax": 3156000000, "incomeBeforeTaxRatio": 0.2529048802, "incomeTaxExpense": 510000000, "netIncome": 2589000000, "netIncomeRatio": 0.2074685472, "eps": 12.23, "epsdiluted": 12.14, "weightedAverageShsOut": 211700000, "weightedAverageShsOutDil": 213200000, "link": "https://www.sec.gov/Archives/edgar/data/315293/000162828023004087/0001628280-23-004087-index.htm", "finalLink": "https://www.sec.gov/Archives/edgar/data/315293/000162828023004087/aon-20221231.htm", "calculatedOtherExpenses": 264000000, "calculatedOperatingExpenses": 2333000000, "calculatedNetInterest": -388000000, "calculatedOtherIncome": -125000000, "calculatedIncomeNonControlling": 57000000, "calculatedEbitda": 3826000000}, {"date": "2021-12-31", "symbol": "AON", "reportedCurrency": "USD", "cik": "0000315293", "fillingDate": "2022-02-18", "acceptedDate": "2022-02-18 16:07:56", "calendarYear": "2021", "period": "FY", "revenue": 12193000000, "costOfRevenue": 6738000000, "grossProfit": 5455000000, "grossProfitRatio": 0.4473878455, "researchAndDevelopmentExpenses": 0, "generalAndAdministrativeExpenses": 3039000000, "sellingAndMarketingExpenses": 0, "sellingGeneralAndAdministrativeExpenses": 3039000000, "otherExpenses": 326000000, "operatingExpenses": 3365000000, "costAndExpenses": 10103000000, "interestIncome": 11000000, "interestExpense": 322000000, "depreciationAndAmortization": 489000000, "ebitda": 2579000000, "ebitdaratio": 0.2115148036, "operatingIncome": 2090000000, "operatingIncomeRatio": 0.1714098253, "totalOtherIncomeExpensesNet": -159000000, "incomeBeforeTax": 1931000000, "incomeBeforeTaxRatio": 0.1583695563, "incomeTaxExpense": 623000000, "netIncome": 1255000000, "netIncomeRatio": 0.1029279095, "eps": 5.59, "epsdiluted": 5.55, "weightedAverageShsOut": 224700000, "weightedAverageShsOutDil": 226100000, "link": "https://www.sec.gov/Archives/edgar/data/315293/000162828022003180/0001628280-22-003180-index.htm", "finalLink": "https://www.sec.gov/Archives/edgar/data/315293/000162828022003180/aon-20211231.htm", "calculatedOtherExpenses": 326000000, "calculatedOperatingExpenses": 3365000000, "calculatedNetInterest": -311000000, "calculatedOtherIncome": 152000000, "calculatedIncomeNonControlling": 53000000, "calculatedEbitda": 2579000000}, {"date": "2020-12-31", "symbol": "AON", "reportedCurrency": "USD", "cik": "0000315293", "fillingDate": "2021-02-19", "acceptedDate": "2021-02-19 16:59:44", "calendarYear": "2020", "period": "FY", "revenue": 11066000000, "costOfRevenue": 5905000000, "grossProfit": 5161000000, "grossProfitRatio": 0.4663835171, "researchAndDevelopmentExpenses": 0, "generalAndAdministrativeExpenses": 1967000000, "sellingAndMarketingExpenses": 0, "sellingGeneralAndAdministrativeExpenses": 1967000000, "otherExpenses": 413000000, "operatingExpenses": 2380000000, "costAndExpenses": 8285000000, "interestIncome": 6000000, "interestExpense": 334000000, "depreciationAndAmortization": 431000000, "ebitda": 3212000000, "ebitdaratio": 0.2902584493, "operatingIncome": 2781000000, "operatingIncomeRatio": 0.2513103199, "totalOtherIncomeExpensesNet": -316000000, "incomeBeforeTax": 2465000000, "incomeBeforeTaxRatio": 0.2227543828, "incomeTaxExpense": 448000000, "netIncome": 1969000000, "netIncomeRatio": 0.1779324056, "eps": 8.49, "epsdiluted": 8.45, "weightedAverageShsOut": 231900000, "weightedAverageShsOutDil": 233100000, "link": "https://www.sec.gov/Archives/edgar/data/315293/000162828021002574/0001628280-21-002574-index.htm", "finalLink": "https://www.sec.gov/Archives/edgar/data/315293/000162828021002574/aon-20201231.htm", "calculatedOtherExpenses": 413000000, "calculatedOperatingExpenses": 2380000000, "calculatedNetInterest": -328000000, "calculatedOtherIncome": 12000000, "calculatedIncomeNonControlling": 48000000, "calculatedEbitda": 3212000000}, {"date": "2019-12-31", "symbol": "AON", "reportedCurrency": "USD", "cik": "0000315293", "fillingDate": "2020-02-14", "acceptedDate": "2020-02-14 16:40:54", "calendarYear": "2019", "period": "FY", "revenue": 11013000000, "costOfRevenue": 6054000000, "grossProfit": 4959000000, "grossProfitRatio": 0.4502860256, "researchAndDevelopmentExpenses": 0, "generalAndAdministrativeExpenses": 2226000000, "sellingAndMarketingExpenses": 0, "sellingGeneralAndAdministrativeExpenses": 2226000000, "otherExpenses": 564000000, "operatingExpenses": 2790000000, "costAndExpenses": 8844000000, "interestIncome": 8000000, "interestExpense": 307000000, "depreciationAndAmortization": 573000000, "ebitda": 2742000000, "ebitdaratio": 0.24897848, "operatingIncome": 2169000000, "operatingIncomeRatio": 0.1969490602, "totalOtherIncomeExpensesNet": -298000000, "incomeBeforeTax": 1871000000, "incomeBeforeTaxRatio": 0.1698901298, "incomeTaxExpense": 297000000, "netIncome": 1532000000, "netIncomeRatio": 0.1391083265, "eps": 6.42, "epsdiluted": 6.37, "weightedAverageShsOut": 238600000, "weightedAverageShsOutDil": 240600000, "link": "https://www.sec.gov/Archives/edgar/data/315293/000162828020001607/0001628280-20-001607-index.htm", "finalLink": "https://www.sec.gov/Archives/edgar/data/315293/000162828020001607/aonplc201910-k.htm", "calculatedOtherExpenses": 564000000, "calculatedOperatingExpenses": 2790000000, "calculatedNetInterest": -299000000, "calculatedOtherIncome": 1000000, "calculatedIncomeNonControlling": 42000000, "calculatedEbitda": 2742000000}, {"date": "2018-12-31", "symbol": "AON", "reportedCurrency": "USD", "cik": "0000315293", "fillingDate": "2019-02-19", "acceptedDate": "2019-02-19 17:09:03", "calendarYear": "2018", "period": "FY", "revenue": 10770000000, "costOfRevenue": 6103000000, "grossProfit": 4667000000, "grossProfitRatio": 0.4333333333, "researchAndDevelopmentExpenses": 0, "generalAndAdministrativeExpenses": 1870000000, "sellingAndMarketingExpenses": -5631000000, "sellingGeneralAndAdministrativeExpenses": 1870000000, "otherExpenses": -25000000, "operatingExpenses": 3123000000, "costAndExpenses": 9226000000, "interestIncome": 5000000, "interestExpense": 278000000, "depreciationAndAmortization": 769000000, "ebitda": 2293000000, "ebitdaratio": 0.212906221, "operatingIncome": 1544000000, "operatingIncomeRatio": 0.1433611885, "totalOtherIncomeExpensesNet": -25000000, "incomeBeforeTax": 1246000000, "incomeBeforeTaxRatio": 0.1156917363, "incomeTaxExpense": 146000000, "netIncome": 1134000000, "netIncomeRatio": 0.1052924791, "eps": 4.62, "epsdiluted": 4.59, "weightedAverageShsOut": 245200000, "weightedAverageShsOutDil": 247000000, "link": "https://www.sec.gov/Archives/edgar/data/315293/000162828019001558/0001628280-19-001558-index.htm", "finalLink": "https://www.sec.gov/Archives/edgar/data/315293/000162828019001558/aonplc201810-k.htm", "calculatedOtherExpenses": 1253000000, "calculatedOperatingExpenses": 3123000000, "calculatedNetInterest": -273000000, "calculatedOtherIncome": -25000000, "calculatedIncomeNonControlling": -34000000, "calculatedEbitda": 2313000000}, {"date": "2017-12-31", "symbol": "AON", "reportedCurrency": "USD", "cik": "0000315293", "fillingDate": "2018-02-20", "acceptedDate": "2018-02-20 17:30:16", "calendarYear": "2017", "period": "FY", "revenue": 9998000000, "costOfRevenue": 6089000000, "grossProfit": 3909000000, "grossProfitRatio": 0.3909781956, "researchAndDevelopmentExpenses": 0, "generalAndAdministrativeExpenses": 1620000000, "sellingAndMarketingExpenses": 0, "sellingGeneralAndAdministrativeExpenses": 1620000000, "otherExpenses": -39000000, "operatingExpenses": 2930000000, "costAndExpenses": 9019000000, "interestIncome": 27000000, "interestExpense": 282000000, "depreciationAndAmortization": 891000000, "ebitda": 1858000000, "ebitdaratio": 0.1858371674, "operatingIncome": 979000000, "operatingIncomeRatio": 0.0979195839, "totalOtherIncomeExpensesNet": -39000000, "incomeBeforeTax": 685000000, "incomeBeforeTaxRatio": 0.0685137027, "incomeTaxExpense": 250000000, "netIncome": 1226000000, "netIncomeRatio": 0.1226245249, "eps": 4.74, "epsdiluted": 4.7, "weightedAverageShsOut": 258500000, "weightedAverageShsOutDil": 260700000, "link": "https://www.sec.gov/Archives/edgar/data/315293/000162828018001923/0001628280-18-001923-index.htm", "finalLink": "https://www.sec.gov/Archives/edgar/data/315293/000162828018001923/aonplc201710-k.htm", "calculatedOtherExpenses": 1310000000, "calculatedOperatingExpenses": 2930000000, "calculatedNetInterest": -255000000, "calculatedOtherIncome": -39000000, "calculatedIncomeNonControlling": -791000000, "calculatedEbitda": 1870000000}, {"date": "2016-12-31", "symbol": "AON", "reportedCurrency": "USD", "cik": "0000315293", "fillingDate": "2017-02-23", "acceptedDate": "2017-02-23 16:32:21", "calendarYear": "2016", "period": "FY", "revenue": 11627000000, "costOfRevenue": 6914000000, "grossProfit": 4713000000, "grossProfitRatio": 0.4053496173, "researchAndDevelopmentExpenses": 0, "generalAndAdministrativeExpenses": 2807000000, "sellingAndMarketingExpenses": 0, "sellingGeneralAndAdministrativeExpenses": 2807000000, "otherExpenses": 36000000, "operatingExpenses": 2807000000, "costAndExpenses": 9721000000, "interestIncome": 9000000, "interestExpense": 282000000, "depreciationAndAmortization": 509000000, "ebitda": 2460000000, "ebitdaratio": 0.211576503, "operatingIncome": 1906000000, "operatingIncomeRatio": 0.1639287864, "totalOtherIncomeExpensesNet": 36000000, "incomeBeforeTax": 1669000000, "incomeBeforeTaxRatio": 0.1435451965, "incomeTaxExpense": 239000000, "netIncome": 1396000000, "netIncomeRatio": 0.1200653651, "eps": 5.21, "epsdiluted": 5.16, "weightedAverageShsOut": 267946257, "weightedAverageShsOutDil": 270300000, "link": "https://www.sec.gov/Archives/edgar/data/315293/000162828017001652/0001628280-17-001652-index.htm", "finalLink": "https://www.sec.gov/Archives/edgar/data/315293/000162828017001652/aonplc201610-k.htm", "calculatedOtherExpenses": 0, "calculatedOperatingExpenses": 2807000000, "calculatedNetInterest": -273000000, "calculatedOtherIncome": 36000000, "calculatedIncomeNonControlling": 34000000, "calculatedEbitda": 2415000000}, {"date": "2015-12-31", "symbol": "AON", "reportedCurrency": "USD", "cik": "0000315293", "fillingDate": "2016-02-22", "acceptedDate": "2016-02-22 16:42:34", "calendarYear": "2015", "period": "FY", "revenue": 11682000000, "costOfRevenue": 6837000000, "grossProfit": 4845000000, "grossProfitRatio": 0.4147406266, "researchAndDevelopmentExpenses": 0, "generalAndAdministrativeExpenses": 2997000000, "sellingAndMarketingExpenses": 0, "sellingGeneralAndAdministrativeExpenses": 2997000000, "otherExpenses": 100000000, "operatingExpenses": 2997000000, "costAndExpenses": 9834000000, "interestIncome": 14000000, "interestExpense": 273000000, "depreciationAndAmortization": 543000000, "ebitda": 2505000000, "ebitdaratio": 0.2144324602, "operatingIncome": 1848000000, "operatingIncomeRatio": 0.1581920904, "totalOtherIncomeExpensesNet": 100000000, "incomeBeforeTax": 1689000000, "incomeBeforeTaxRatio": 0.1445814073, "incomeTaxExpense": 267000000, "netIncome": 1385000000, "netIncomeRatio": 0.118558466, "eps": 4.93, "epsdiluted": 4.88, "weightedAverageShsOut": 280933063, "weightedAverageShsOutDil": 283800000, "link": "https://www.sec.gov/Archives/edgar/data/315293/000162828016011485/0001628280-16-011485-index.htm", "finalLink": "https://www.sec.gov/Archives/edgar/data/315293/000162828016011485/aonplc201510-k.htm", "calculatedOtherExpenses": 0, "calculatedOperatingExpenses": 2997000000, "calculatedNetInterest": -259000000, "calculatedOtherIncome": 100000000, "calculatedIncomeNonControlling": 37000000, "calculatedEbitda": 2391000000}, {"date": "2014-12-31", "symbol": "AON", "reportedCurrency": "USD", "cik": "0000315293", "fillingDate": "2015-02-24", "acceptedDate": "2015-02-23 18:02:59", "calendarYear": "2014", "period": "FY", "revenue": 12045000000, "costOfRevenue": 7014000000, "grossProfit": 5031000000, "grossProfitRatio": 0.4176836862, "researchAndDevelopmentExpenses": 0, "generalAndAdministrativeExpenses": 3065000000, "sellingAndMarketingExpenses": 0, "sellingGeneralAndAdministrativeExpenses": 3065000000, "otherExpenses": 44000000, "operatingExpenses": 3065000000, "costAndExpenses": 10079000000, "interestIncome": 10000000, "interestExpense": 255000000, "depreciationAndAmortization": 594000000, "ebitda": 2614000000, "ebitdaratio": 0.2170195102, "operatingIncome": 1966000000, "operatingIncomeRatio": 0.1632212536, "totalOtherIncomeExpensesNet": 44000000, "incomeBeforeTax": 1765000000, "incomeBeforeTaxRatio": 0.1465338315, "incomeTaxExpense": 334000000, "netIncome": 1397000000, "netIncomeRatio": 0.1159817352, "eps": 4.73, "epsdiluted": 4.66, "weightedAverageShsOut": 295348837, "weightedAverageShsOutDil": 299600000, "link": "https://www.sec.gov/Archives/edgar/data/315293/000162828015000950/0001628280-15-000950-index.htm", "finalLink": "https://www.sec.gov/Archives/edgar/data/315293/000162828015000950/aonplc201410-k.htm", "calculatedOtherExpenses": 0, "calculatedOperatingExpenses": 3065000000, "calculatedNetInterest": -245000000, "calculatedOtherIncome": 44000000, "calculatedIncomeNonControlling": 34000000, "calculatedEbitda": 2560000000}, {"date": "2013-12-31", "symbol": "AON", "reportedCurrency": "USD", "cik": "0000315293", "fillingDate": "2014-02-18", "acceptedDate": "2014-02-18 17:15:50", "calendarYear": "2013", "period": "FY", "revenue": 11815000000, "costOfRevenue": 6945000000, "grossProfit": 4870000000, "grossProfitRatio": 0.4121878967, "researchAndDevelopmentExpenses": 0, "generalAndAdministrativeExpenses": 3199000000, "sellingAndMarketingExpenses": 0, "sellingGeneralAndAdministrativeExpenses": 3199000000, "otherExpenses": 68000000, "operatingExpenses": 3199000000, "costAndExpenses": 10144000000, "interestIncome": 9000000, "interestExpense": 210000000, "depreciationAndAmortization": 635000000, "ebitda": 2383000000, "ebitdaratio": 0.2016927634, "operatingIncome": 1671000000, "operatingIncomeRatio": 0.1414303851, "totalOtherIncomeExpensesNet": 68000000, "incomeBeforeTax": 1538000000, "incomeBeforeTaxRatio": 0.1301735083, "incomeTaxExpense": 390000000, "netIncome": 1113000000, "netIncomeRatio": 0.0942022852, "eps": 3.57, "epsdiluted": 3.53, "weightedAverageShsOut": 311764706, "weightedAverageShsOutDil": 315400000, "link": "https://www.sec.gov/Archives/edgar/data/315293/000144530514000476/0001445305-14-000476-index.htm", "finalLink": "https://www.sec.gov/Archives/edgar/data/315293/000144530514000476/aonplc201310-k.htm", "calculatedOtherExpenses": 0, "calculatedOperatingExpenses": 3199000000, "calculatedNetInterest": -201000000, "calculatedOtherIncome": 68000000, "calculatedIncomeNonControlling": 35000000, "calculatedEbitda": 2306000000}, {"date": "2012-12-31", "symbol": "AON", "reportedCurrency": "USD", "cik": "0000315293", "fillingDate": "2013-02-22", "acceptedDate": "2013-02-22 16:06:50", "calendarYear": "2012", "period": "FY", "revenue": 11514000000, "costOfRevenue": 6709000000, "grossProfit": 4805000000, "grossProfitRatio": 0.4173180476, "researchAndDevelopmentExpenses": 0, "generalAndAdministrativeExpenses": 3209000000, "sellingAndMarketingExpenses": 0, "sellingGeneralAndAdministrativeExpenses": 3209000000, "otherExpenses": 3000000, "operatingExpenses": 3209000000, "costAndExpenses": 9918000000, "interestIncome": 10000000, "interestExpense": 228000000, "depreciationAndAmortization": 655000000, "ebitda": 2264000000, "ebitdaratio": 0.1966301893, "operatingIncome": 1596000000, "operatingIncomeRatio": 0.1386138614, "totalOtherIncomeExpensesNet": 3000000, "incomeBeforeTax": 1381000000, "incomeBeforeTaxRatio": 0.1199409415, "incomeTaxExpense": 360000000, "netIncome": 993000000, "netIncomeRatio": 0.0862428348, "eps": 3.03, "epsdiluted": 2.99, "weightedAverageShsOut": 327722772, "weightedAverageShsOutDil": 332600000, "link": "https://www.sec.gov/Archives/edgar/data/315293/000104746913001494/0001047469-13-001494-index.htm", "finalLink": "https://www.sec.gov/Archives/edgar/data/315293/000104746913001494/a2212713z10-k.htm", "calculatedOtherExpenses": 0, "calculatedOperatingExpenses": 3209000000, "calculatedNetInterest": -218000000, "calculatedOtherIncome": 3000000, "calculatedIncomeNonControlling": 28000000, "calculatedEbitda": 2251000000}, {"date": "2011-12-31", "symbol": "AON", "reportedCurrency": "USD", "cik": "0000315293", "fillingDate": "2012-02-24", "acceptedDate": "2012-02-24 16:47:56", "calendarYear": "2011", "period": "FY", "revenue": 11287000000, "costOfRevenue": 0, "grossProfit": 11287000000, "grossProfitRatio": 1, "researchAndDevelopmentExpenses": 0, "generalAndAdministrativeExpenses": 9681000000, "sellingAndMarketingExpenses": 0, "sellingGeneralAndAdministrativeExpenses": 9681000000, "otherExpenses": 0, "operatingExpenses": 9681000000, "costAndExpenses": 9681000000, "interestIncome": 18000000, "interestExpense": 245000000, "depreciationAndAmortization": 582000000, "ebitda": 2206000000, "ebitdaratio": 0.1954460884, "operatingIncome": 1606000000, "operatingIncomeRatio": 0.1422875875, "totalOtherIncomeExpensesNet": 5000000, "incomeBeforeTax": 1384000000, "incomeBeforeTaxRatio": 0.1226189421, "incomeTaxExpense": 378000000, "netIncome": 979000000, "netIncomeRatio": 0.086736954, "eps": 2.92, "epsdiluted": 2.87, "weightedAverageShsOut": 335500000, "weightedAverageShsOutDil": 340900000, "link": "https://www.sec.gov/Archives/edgar/data/315293/000104746912001478/0001047469-12-001478-index.htm", "finalLink": "https://www.sec.gov/Archives/edgar/data/315293/000104746912001478/a2207295z10-k.htm", "calculatedOtherExpenses": 0, "calculatedOperatingExpenses": 9681000000, "calculatedNetInterest": -227000000, "calculatedOtherIncome": 5000000, "calculatedIncomeNonControlling": 27000000, "calculatedEbitda": 2188000000}, {"date": "2010-12-31", "symbol": "AON", "reportedCurrency": "USD", "cik": "0000315293", "fillingDate": "2011-02-25", "acceptedDate": "2011-02-25 17:20:56", "calendarYear": "2010", "period": "FY", "revenue": 8512000000, "costOfRevenue": 0, "grossProfit": 8512000000, "grossProfitRatio": 1, "researchAndDevelopmentExpenses": 0, "generalAndAdministrativeExpenses": 7286000000, "sellingAndMarketingExpenses": 0, "sellingGeneralAndAdministrativeExpenses": 7286000000, "otherExpenses": 0, "operatingExpenses": 7286000000, "costAndExpenses": 7286000000, "interestIncome": 15000000, "interestExpense": 182000000, "depreciationAndAmortization": 305000000, "ebitda": 1241000000, "ebitdaratio": 0.1457941729, "operatingIncome": 1226000000, "operatingIncomeRatio": 0.1440319549, "totalOtherIncomeExpensesNet": -167000000, "incomeBeforeTax": 1059000000, "incomeBeforeTaxRatio": 0.124412594, "incomeTaxExpense": 300000000, "netIncome": 706000000, "netIncomeRatio": 0.0829417293, "eps": 2.41, "epsdiluted": 2.37, "weightedAverageShsOut": 292946058, "weightedAverageShsOutDil": 298100000, "link": "https://www.sec.gov/Archives/edgar/data/315293/000104746911001427/0001047469-11-001427-index.htm", "finalLink": "https://www.sec.gov/Archives/edgar/data/315293/000104746911001427/a2202065z10-k.htm", "calculatedOtherExpenses": 0, "calculatedOperatingExpenses": 7286000000, "calculatedNetInterest": -167000000, "calculatedOtherIncome": 0, "calculatedIncomeNonControlling": 53000000, "calculatedEbitda": 1531000000}, {"date": "2009-12-31", "symbol": "AON", "reportedCurrency": "USD", "cik": "0000315293", "fillingDate": "2010-02-26", "acceptedDate": "2010-02-26 16:16:58", "calendarYear": "2009", "period": "FY", "revenue": 7595000000, "costOfRevenue": 0, "grossProfit": 7595000000, "grossProfitRatio": 1, "researchAndDevelopmentExpenses": 0, "generalAndAdministrativeExpenses": 6332000000, "sellingAndMarketingExpenses": 0, "sellingGeneralAndAdministrativeExpenses": 6332000000, "otherExpenses": 0, "operatingExpenses": 6574000000, "costAndExpenses": 6574000000, "interestIncome": 30000000, "interestExpense": 122000000, "depreciationAndAmortization": 242000000, "ebitda": 1313000000, "ebitdaratio": 0.1728768927, "operatingIncome": 1021000000, "operatingIncomeRatio": 0.1344305464, "totalOtherIncomeExpensesNet": 20000000, "incomeBeforeTax": 949000000, "incomeBeforeTaxRatio": 0.1249506254, "incomeTaxExpense": 268000000, "netIncome": 747000000, "netIncomeRatio": 0.0983541804, "eps": 2.64, "epsdiluted": 2.57, "weightedAverageShsOut": 282954545, "weightedAverageShsOutDil": 291100000, "link": "https://www.sec.gov/Archives/edgar/data/315293/000104746910001535/0001047469-10-001535-index.htm", "finalLink": "https://www.sec.gov/Archives/edgar/data/315293/000104746910001535/a2196344z10-k.htm", "calculatedOtherExpenses": 242000000, "calculatedOperatingExpenses": 6574000000, "calculatedNetInterest": -92000000, "calculatedOtherIncome": 20000000, "calculatedIncomeNonControlling": -66000000, "calculatedEbitda": 1263000000}, {"date": "2008-12-31", "symbol": "AON", "reportedCurrency": "USD", "cik": "0000315293", "fillingDate": "2009-03-02", "acceptedDate": "2009-03-02 16:27:42", "calendarYear": "2008", "period": "FY", "revenue": 7631000000, "costOfRevenue": 0, "grossProfit": 7631000000, "grossProfitRatio": 1, "researchAndDevelopmentExpenses": 0, "generalAndAdministrativeExpenses": 4581000000, "sellingAndMarketingExpenses": 0, "sellingGeneralAndAdministrativeExpenses": 4581000000, "otherExpenses": 222000000, "operatingExpenses": 6603000000, "costAndExpenses": 6603000000, "interestIncome": 0, "interestExpense": 126000000, "depreciationAndAmortization": 222000000, "ebitda": 1172000000, "ebitdaratio": 0.153584065, "operatingIncome": 1028000000, "operatingIncomeRatio": 0.1347136679, "totalOtherIncomeExpensesNet": 39000000, "incomeBeforeTax": 863000000, "incomeBeforeTaxRatio": 0.113091338, "incomeTaxExpense": 242000000, "netIncome": 1478000000, "netIncomeRatio": 0.1936836588, "eps": 5.18, "epsdiluted": 4.91, "weightedAverageShsOut": 285328185, "weightedAverageShsOutDil": 300900000, "link": "https://www.sec.gov/Archives/edgar/data/315293/000104746909002122/0001047469-09-002122-index.htm", "finalLink": "https://www.sec.gov/Archives/edgar/data/315293/000104746909002122/a2190823z10-k.htm", "calculatedOtherExpenses": 2022000000, "calculatedOperatingExpenses": 6603000000, "calculatedNetInterest": -126000000, "calculatedOtherIncome": -39000000, "calculatedIncomeNonControlling": -857000000, "calculatedEbitda": 1250000000}, {"date": "2007-12-31", "symbol": "AON", "reportedCurrency": "USD", "cik": "0000315293", "fillingDate": "2008-02-28", "acceptedDate": "2008-02-28 16:42:26", "calendarYear": "2007", "period": "FY", "revenue": 7471000000, "costOfRevenue": 0, "grossProfit": 7471000000, "grossProfitRatio": 1, "researchAndDevelopmentExpenses": 0, "generalAndAdministrativeExpenses": 6114000000, "sellingAndMarketingExpenses": 0, "sellingGeneralAndAdministrativeExpenses": 6114000000, "otherExpenses": 194000000, "operatingExpenses": 6308000000, "costAndExpenses": 6308000000, "interestIncome": 0, "interestExpense": 138000000, "depreciationAndAmortization": 205000000, "ebitda": 1368000000, "ebitdaratio": 0.1831080177, "operatingIncome": 1163000000, "operatingIncomeRatio": 0.1556685852, "totalOtherIncomeExpensesNet": -1000000, "incomeBeforeTax": 1024000000, "incomeBeforeTaxRatio": 0.1370633115, "incomeTaxExpense": 352000000, "netIncome": 864000000, "netIncomeRatio": 0.1156471691, "eps": 2.9, "epsdiluted": 2.69, "weightedAverageShsOut": 298000000, "weightedAverageShsOutDil": 323000000, "link": "https://www.sec.gov/Archives/edgar/data/315293/000104746908001929/0001047469-08-001929-index.htm", "finalLink": "https://www.sec.gov/Archives/edgar/data/315293/000104746908001929/a2182853z10-k.htm", "calculatedOtherExpenses": 194000000, "calculatedOperatingExpenses": 6308000000, "calculatedNetInterest": -138000000, "calculatedOtherIncome": -1000000, "calculatedIncomeNonControlling": -192000000, "calculatedEbitda": 1368000000}, {"date": "2006-12-31", "symbol": "AON", "reportedCurrency": "USD", "cik": "0000315293", "fillingDate": "2007-03-01", "acceptedDate": "2007-03-01 17:18:36", "calendarYear": "2006", "period": "FY", "revenue": 8954000000, "costOfRevenue": 0, "grossProfit": 8954000000, "grossProfitRatio": 1, "researchAndDevelopmentExpenses": 0, "generalAndAdministrativeExpenses": 6523000000, "sellingAndMarketingExpenses": 0, "sellingGeneralAndAdministrativeExpenses": 6523000000, "otherExpenses": 1379000000, "operatingExpenses": 7902000000, "costAndExpenses": 7902000000, "interestIncome": 0, "interestExpense": -277000000, "depreciationAndAmortization": 201000000, "ebitda": 1292000000, "ebitdaratio": 0.1442930534, "operatingIncome": 1049000000, "operatingIncomeRatio": 0.1171543444, "totalOtherIncomeExpensesNet": -3000000, "incomeBeforeTax": 920000000, "incomeBeforeTaxRatio": 0.1027473755, "incomeTaxExpense": 294000000, "netIncome": 720000000, "netIncomeRatio": 0.0804109895, "eps": 2.27, "epsdiluted": 2.13, "weightedAverageShsOut": 317000000, "weightedAverageShsOutDil": 342100000, "link": "https://www.sec.gov/Archives/edgar/data/315293/000104746907001537/0001047469-07-001537-index.htm", "finalLink": "https://www.sec.gov/Archives/edgar/data/315293/000104746907001537/a2176366z10-k.htm", "calculatedOtherExpenses": 1382000000, "calculatedOperatingExpenses": 7905000000, "calculatedNetInterest": 277000000, "calculatedOtherIncome": -406000000, "calculatedIncomeNonControlling": -94000000, "calculatedEbitda": 1250000000}, {"date": "2005-12-31", "symbol": "AON", "reportedCurrency": "USD", "cik": "0000315293", "fillingDate": "2006-03-09", "acceptedDate": "2006-03-09 16:53:35", "calendarYear": "2005", "period": "FY", "revenue": 9837000000, "costOfRevenue": 0, "grossProfit": 9837000000, "grossProfitRatio": 1, "researchAndDevelopmentExpenses": 0, "generalAndAdministrativeExpenses": 6914000000, "sellingAndMarketingExpenses": 0, "sellingGeneralAndAdministrativeExpenses": 6914000000, "otherExpenses": 1828000000, "operatingExpenses": 8742000000, "costAndExpenses": 8742000000, "interestIncome": 0, "interestExpense": -125000000, "depreciationAndAmortization": 346000000, "ebitda": 1446000000, "ebitdaratio": 0.1469960354, "operatingIncome": 1090000000, "operatingIncomeRatio": 0.1108061401, "totalOtherIncomeExpensesNet": -5000000, "incomeBeforeTax": 965000000, "incomeBeforeTaxRatio": 0.0980990139, "incomeTaxExpense": 323000000, "netIncome": 737000000, "netIncomeRatio": 0.0749212158, "eps": 2.27, "epsdiluted": 2.17, "weightedAverageShsOut": 322000000, "weightedAverageShsOutDil": 341500000, "link": "https://www.sec.gov/Archives/edgar/data/315293/000104746906003130/0001047469-06-003130-index.htm", "finalLink": "https://www.sec.gov/Archives/edgar/data/315293/000104746906003130/a2167992z10-k.htm", "calculatedOtherExpenses": 1833000000, "calculatedOperatingExpenses": 8747000000, "calculatedNetInterest": 125000000, "calculatedOtherIncome": -250000000, "calculatedIncomeNonControlling": -95000000, "calculatedEbitda": 1436000000}, {"date": "2004-12-31", "symbol": "AON", "reportedCurrency": "USD", "cik": "0000315293", "fillingDate": "2005-03-16", "acceptedDate": "2005-03-15 18:52:18", "calendarYear": "2004", "period": "FY", "revenue": 10172000000, "costOfRevenue": 0, "grossProfit": 10172000000, "grossProfitRatio": 1, "researchAndDevelopmentExpenses": 0, "generalAndAdministrativeExpenses": 7406000000, "sellingAndMarketingExpenses": 0, "sellingGeneralAndAdministrativeExpenses": 7406000000, "otherExpenses": 1570000000, "operatingExpenses": 8976000000, "costAndExpenses": 8976000000, "interestIncome": 0, "interestExpense": -136000000, "depreciationAndAmortization": 309000000, "ebitda": 1685000000, "ebitdaratio": 0.1656508061, "operatingIncome": 1016000000, "operatingIncomeRatio": 0.0998820291, "totalOtherIncomeExpensesNet": -180000000, "incomeBeforeTax": 880000000, "incomeBeforeTaxRatio": 0.0865119937, "incomeTaxExpense": 303000000, "netIncome": 546000000, "netIncomeRatio": 0.0536767597, "eps": 1.7, "epsdiluted": 1.63, "weightedAverageShsOut": 319411765, "weightedAverageShsOutDil": 336600000, "link": "https://www.sec.gov/Archives/edgar/data/315293/000104746905006608/0001047469-05-006608-index.htm", "finalLink": "https://www.sec.gov/Archives/edgar/data/315293/000104746905006608/a2152901z10-k.htm", "calculatedOtherExpenses": 1750000000, "calculatedOperatingExpenses": 9156000000, "calculatedNetInterest": 136000000, "calculatedOtherIncome": -272000000, "calculatedIncomeNonControlling": 31000000, "calculatedEbitda": 1325000000}, {"date": "2003-12-31", "symbol": "AON", "reportedCurrency": "USD", "cik": "0000315293", "fillingDate": "2004-03-11", "acceptedDate": "2004-03-11 16:58:14", "calendarYear": "2003", "period": "FY", "revenue": 9810000000, "costOfRevenue": 0, "grossProfit": 9810000000, "grossProfitRatio": 1, "researchAndDevelopmentExpenses": 0, "generalAndAdministrativeExpenses": 7123000000, "sellingAndMarketingExpenses": 0, "sellingGeneralAndAdministrativeExpenses": 7123000000, "otherExpenses": 1490000000, "operatingExpenses": 8613000000, "costAndExpenses": 8613000000, "interestIncome": 0, "interestExpense": -101000000, "depreciationAndAmortization": 314000000, "ebitda": 1497000000, "ebitdaratio": 0.1525993884, "operatingIncome": 1211000000, "operatingIncomeRatio": 0.1234454638, "totalOtherIncomeExpensesNet": 14000000, "incomeBeforeTax": 1110000000, "incomeBeforeTaxRatio": 0.1131498471, "incomeTaxExpense": 411000000, "netIncome": 628000000, "netIncomeRatio": 0.0640163099, "eps": 1.97, "epsdiluted": 1.97, "weightedAverageShsOut": 317258883, "weightedAverageShsOutDil": 317800000, "link": "https://www.sec.gov/Archives/edgar/data/315293/000104746904007513/0001047469-04-007513-index.htm", "finalLink": "https://www.sec.gov/Archives/edgar/data/315293/000104746904007513/a2129818z10-k.htm", "calculatedOtherExpenses": 1476000000, "calculatedOperatingExpenses": 8599000000, "calculatedNetInterest": 101000000, "calculatedOtherIncome": -202000000, "calculatedIncomeNonControlling": 71000000, "calculatedEbitda": 1525000000}, {"date": "2002-12-31", "symbol": "AON", "reportedCurrency": "USD", "cik": "0000315293", "fillingDate": "2003-03-26", "acceptedDate": "2003-03-26 13:59:22", "calendarYear": "2002", "period": "FY", "revenue": 8822000000, "costOfRevenue": 54000000, "grossProfit": 8768000000, "grossProfitRatio": 0.993878939, "researchAndDevelopmentExpenses": 0, "generalAndAdministrativeExpenses": 7880000000, "sellingAndMarketingExpenses": -1375000000, "sellingGeneralAndAdministrativeExpenses": 6505000000, "otherExpenses": 1400000000, "operatingExpenses": 7905000000, "costAndExpenses": 7905000000, "interestIncome": 0, "interestExpense": -124000000, "depreciationAndAmortization": 263000000, "ebitda": 1180000000, "ebitdaratio": 0.1337565178, "operatingIncome": 917000000, "operatingIncomeRatio": 0.1039446837, "totalOtherIncomeExpensesNet": -124000000, "incomeBeforeTax": 793000000, "incomeBeforeTaxRatio": 0.0898889141, "incomeTaxExpense": 293000000, "netIncome": 466000000, "netIncomeRatio": 0.0528224892, "eps": 1.61, "epsdiluted": 1.61, "weightedAverageShsOut": 287577640, "weightedAverageShsOutDil": 287577640, "link": "https://www.sec.gov/Archives/edgar/data/315293/000104746903010294/0001047469-03-010294-index.htm", "finalLink": "https://www.sec.gov/Archives/edgar/data/315293/000104746903010294/a2106480z10-k.htm", "calculatedOtherExpenses": 1346000000, "calculatedOperatingExpenses": 7851000000, "calculatedNetInterest": 124000000, "calculatedOtherIncome": -248000000, "calculatedIncomeNonControlling": 34000000, "calculatedEbitda": 1180000000}, {"date": "2001-12-31", "symbol": "AON", "reportedCurrency": "USD", "cik": "0000315293", "fillingDate": "2002-03-15", "acceptedDate": "2002-03-15 00:00:00", "calendarYear": "2001", "period": "FY", "revenue": 7676000000, "costOfRevenue": 158000000, "grossProfit": 7518000000, "grossProfitRatio": 0.9794163627, "researchAndDevelopmentExpenses": 0, "generalAndAdministrativeExpenses": 6924000000, "sellingAndMarketingExpenses": -1111000000, "sellingGeneralAndAdministrativeExpenses": 5813000000, "otherExpenses": 1337000000, "operatingExpenses": 7150000000, "costAndExpenses": 7150000000, "interestIncome": 0, "interestExpense": -127000000, "depreciationAndAmortization": 339000000, "ebitda": 865000000, "ebitdaratio": 0.1126889005, "operatingIncome": 526000000, "operatingIncomeRatio": 0.0685252736, "totalOtherIncomeExpensesNet": -127000000, "incomeBeforeTax": 399000000, "incomeBeforeTaxRatio": 0.051980198, "incomeTaxExpense": 156000000, "netIncome": 203000000, "netIncomeRatio": 0.0264460657, "eps": 0.54, "epsdiluted": 0.53, "weightedAverageShsOut": 266666667, "weightedAverageShsOutDil": 271698113, "link": "https://www.sec.gov/Archives/edgar/data/315293/000094857202000008/0000948572-02-000008-index.htm", "finalLink": "https://www.sec.gov/Archives/edgar/data/315293/000094857202000008/b10kdec2002.txt", "calculatedOtherExpenses": 1179000000, "calculatedOperatingExpenses": 6992000000, "calculatedNetInterest": 127000000, "calculatedOtherIncome": -254000000, "calculatedIncomeNonControlling": 40000000, "calculatedEbitda": 865000000}, {"date": "2000-12-31", "symbol": "AON", "reportedCurrency": "USD", "cik": "0000315293", "fillingDate": "2001-03-27", "acceptedDate": "2001-03-27 00:00:00", "calendarYear": "2000", "period": "FY", "revenue": 7375000000, "costOfRevenue": 0, "grossProfit": 7375000000, "grossProfitRatio": 1, "researchAndDevelopmentExpenses": 0, "generalAndAdministrativeExpenses": 6227000000, "sellingAndMarketingExpenses": -1037000000, "sellingGeneralAndAdministrativeExpenses": 5190000000, "otherExpenses": 1191000000, "operatingExpenses": 6381000000, "costAndExpenses": 6381000000, "interestIncome": 0, "interestExpense": -140000000, "depreciationAndAmortization": 333000000, "ebitda": 1327000000, "ebitdaratio": 0.1799322034, "operatingIncome": 994000000, "operatingIncomeRatio": 0.134779661, "totalOtherIncomeExpensesNet": -140000000, "incomeBeforeTax": 854000000, "incomeBeforeTaxRatio": 0.1157966102, "incomeTaxExpense": 333000000, "netIncome": 474000000, "netIncomeRatio": 0.0642711864, "eps": 1.81, "epsdiluted": 1.79, "weightedAverageShsOut": 261878453, "weightedAverageShsOutDil": 264804469, "link": "https://www.sec.gov/Archives/edgar/data/315293/000094857201000011/0000948572-01-000011-index.htm", "finalLink": "https://www.sec.gov/Archives/edgar/data/315293/000094857201000011/0000948572-01-000011-0001.txt", "calculatedOtherExpenses": 1191000000, "calculatedOperatingExpenses": 6381000000, "calculatedNetInterest": 140000000, "calculatedOtherIncome": -280000000, "calculatedIncomeNonControlling": 47000000, "calculatedEbitda": 1327000000}, {"date": "1999-12-31", "symbol": "AON", "reportedCurrency": "USD", "cik": "0000315293", "fillingDate": "2000-03-24", "acceptedDate": "2000-03-24 00:00:00", "calendarYear": "1999", "period": "FY", "revenue": 7070000000, "costOfRevenue": 0, "grossProfit": 7070000000, "grossProfitRatio": 1, "researchAndDevelopmentExpenses": 0, "generalAndAdministrativeExpenses": 6187000000, "sellingAndMarketingExpenses": -973000000, "sellingGeneralAndAdministrativeExpenses": 5214000000, "otherExpenses": 1116000000, "operatingExpenses": 6330000000, "costAndExpenses": 6330000000, "interestIncome": 0, "interestExpense": -105000000, "depreciationAndAmortization": 355000000, "ebitda": 1095000000, "ebitdaratio": 0.1548797737, "operatingIncome": 740000000, "operatingIncomeRatio": 0.1046676096, "totalOtherIncomeExpensesNet": -105000000, "incomeBeforeTax": 635000000, "incomeBeforeTaxRatio": 0.0898161245, "incomeTaxExpense": 243000000, "netIncome": 352000000, "netIncomeRatio": 0.0497878359, "eps": 1.35, "epsdiluted": 1.33, "weightedAverageShsOut": 258518519, "weightedAverageShsOutDil": 262700000, "link": "https://www.sec.gov/Archives/edgar/data/315293/000094857200000017/0000948572-00-000017-index.html", "finalLink": "https://www.sec.gov/Archives/edgar/data/315293/000094857200000017/", "calculatedOtherExpenses": 1116000000, "calculatedOperatingExpenses": 6330000000, "calculatedNetInterest": 105000000, "calculatedOtherIncome": -210000000, "calculatedIncomeNonControlling": 40000000, "calculatedEbitda": 1095000000}, {"date": "1998-12-31", "symbol": "AON", "reportedCurrency": "USD", "cik": "0000315293", "fillingDate": "1999-03-29", "acceptedDate": "1999-03-29 00:00:00", "calendarYear": "1998", "period": "FY", "revenue": 6493000000, "costOfRevenue": 0, "grossProfit": 6493000000, "grossProfitRatio": 1, "researchAndDevelopmentExpenses": 0, "generalAndAdministrativeExpenses": 5353000000, "sellingAndMarketingExpenses": -896000000, "sellingGeneralAndAdministrativeExpenses": 4457000000, "otherExpenses": 1018000000, "operatingExpenses": 5475000000, "costAndExpenses": 5475000000, "interestIncome": 0, "interestExpense": -87000000, "depreciationAndAmortization": 268000000, "ebitda": 1286000000, "ebitdaratio": 0.1980594486, "operatingIncome": 1018000000, "operatingIncomeRatio": 0.1567842292, "totalOtherIncomeExpensesNet": -87000000, "incomeBeforeTax": 931000000, "incomeBeforeTaxRatio": 0.143385184, "incomeTaxExpense": 349000000, "netIncome": 541000000, "netIncomeRatio": 0.083320499, "eps": 2.11, "epsdiluted": 2.07, "weightedAverageShsOut": 254976303, "weightedAverageShsOutDil": 259400000, "link": "https://www.sec.gov/Archives/edgar/data/315293/000094857299000007/0000948572-99-000007-index.html", "finalLink": "https://www.sec.gov/Archives/edgar/data/315293/", "calculatedOtherExpenses": 1018000000, "calculatedOperatingExpenses": 5475000000, "calculatedNetInterest": 87000000, "calculatedOtherIncome": -174000000, "calculatedIncomeNonControlling": 41000000, "calculatedEbitda": 1286000000}, {"date": "1997-12-31", "symbol": "AON", "reportedCurrency": "USD", "cik": "0000315293", "fillingDate": "1998-03-31", "acceptedDate": "1998-03-31 00:00:00", "calendarYear": "1997", "period": "FY", "revenue": 5750600000, "costOfRevenue": 0, "grossProfit": 5750600000, "grossProfitRatio": 1, "researchAndDevelopmentExpenses": 0, "generalAndAdministrativeExpenses": 4811000000, "sellingAndMarketingExpenses": -842700000, "sellingGeneralAndAdministrativeExpenses": 3968300000, "otherExpenses": 963000000, "operatingExpenses": 4931300000, "costAndExpenses": 4931300000, "interestIncome": 0, "interestExpense": -70000000, "depreciationAndAmortization": 241200000, "ebitda": 1268700000, "ebitdaratio": 0.220620457, "operatingIncome": 611100000, "operatingIncomeRatio": 0.1062671721, "totalOtherIncomeExpensesNet": -208200000, "incomeBeforeTax": 541600000, "incomeBeforeTaxRatio": 0.0941814767, "incomeTaxExpense": 203100000, "netIncome": 298800000, "netIncomeRatio": 0.0519597955, "eps": 1.14, "epsdiluted": 1.12, "weightedAverageShsOut": 252200000, "weightedAverageShsOutDil": 256000000, "link": "https://www.sec.gov/Archives/edgar/data/315293/000094857298000011/0000948572-98-000011-index.html", "finalLink": "https://www.sec.gov/Archives/edgar/data/315293/", "calculatedOtherExpenses": 1171200000, "calculatedOperatingExpenses": 5139500000, "calculatedNetInterest": 70000000, "calculatedOtherIncome": -139500000, "calculatedIncomeNonControlling": 39700000, "calculatedEbitda": 852300000}, {"date": "1996-12-31", "symbol": "AON", "reportedCurrency": "USD", "cik": "0000315293", "fillingDate": "1997-03-26", "acceptedDate": "1997-03-26 00:00:00", "calendarYear": "1996", "period": "FY", "revenue": 3888200000, "costOfRevenue": 0, "grossProfit": 3888200000, "grossProfitRatio": 1, "researchAndDevelopmentExpenses": 0, "generalAndAdministrativeExpenses": 3118000000, "sellingAndMarketingExpenses": -789400000, "sellingGeneralAndAdministrativeExpenses": 2328600000, "otherExpenses": 866000000, "operatingExpenses": 3194600000, "costAndExpenses": 3194600000, "interestIncome": 0, "interestExpense": -40000000, "depreciationAndAmortization": 144000000, "ebitda": 1045500000, "ebitdaratio": 0.2688904892, "operatingIncome": 485700000, "operatingIncomeRatio": 0.1249164138, "totalOtherIncomeExpensesNet": -207900000, "incomeBeforeTax": 445600000, "incomeBeforeTaxRatio": 0.1146031583, "incomeTaxExpense": 153800000, "netIncome": 335200000, "netIncomeRatio": 0.0862095571, "eps": 1.28, "epsdiluted": 1.26, "weightedAverageShsOut": 253223000, "weightedAverageShsOutDil": 253223000, "link": "https://www.sec.gov/Archives/edgar/data/315293/000094857297000010/0000948572-97-000010-index.html", "finalLink": "https://www.sec.gov/Archives/edgar/data/315293/", "calculatedOtherExpenses": 1073900000, "calculatedOperatingExpenses": 3402500000, "calculatedNetInterest": 40000000, "calculatedOtherIncome": -80100000, "calculatedIncomeNonControlling": -43400000, "calculatedEbitda": 629700000}, {"date": "1995-12-31", "symbol": "AON", "reportedCurrency": "USD", "cik": "0000315293", "fillingDate": "1996-04-01", "acceptedDate": "1996-04-01 00:00:00", "calendarYear": "1995", "period": "FY", "revenue": 3465700000, "costOfRevenue": 0, "grossProfit": 3465700000, "grossProfitRatio": 1, "researchAndDevelopmentExpenses": 0, "generalAndAdministrativeExpenses": 2681000000, "sellingAndMarketingExpenses": -698700000, "sellingGeneralAndAdministrativeExpenses": 1982300000, "otherExpenses": 780600000, "operatingExpenses": 2762900000, "costAndExpenses": 2762900000, "interestIncome": 0, "interestExpense": -37000000, "depreciationAndAmortization": 157900000, "ebitda": 1068200000, "ebitdaratio": 0.3082205615, "operatingIncome": 495300000, "operatingIncomeRatio": 0.1429148513, "totalOtherIncomeExpensesNet": -207500000, "incomeBeforeTax": 458000000, "incomeBeforeTaxRatio": 0.1321522348, "incomeTaxExpense": 154300000, "netIncome": 402800000, "netIncomeRatio": 0.1162247165, "eps": 1.55, "epsdiluted": 1.55, "weightedAverageShsOut": 244461207, "weightedAverageShsOutDil": 244575000, "link": "https://www.sec.gov/Archives/edgar/data/315293/000095013196001382/0000950131-96-001382-index.html", "finalLink": "https://www.sec.gov/Archives/edgar/data/315293/", "calculatedOtherExpenses": 988100000, "calculatedOperatingExpenses": 2970400000, "calculatedNetInterest": 37000000, "calculatedOtherIncome": -74300000, "calculatedIncomeNonControlling": -99100000, "calculatedEbitda": 653200000}, {"date": "1994-12-31", "symbol": "AON", "reportedCurrency": "USD", "cik": "0000315293", "fillingDate": "1995-03-31", "acceptedDate": "1995-03-31 00:00:00", "calendarYear": "1994", "period": "FY", "revenue": 4156900000, "costOfRevenue": 0, "grossProfit": 4156900000, "grossProfitRatio": 1, "researchAndDevelopmentExpenses": 0, "generalAndAdministrativeExpenses": 1899600000, "sellingAndMarketingExpenses": 0, "sellingGeneralAndAdministrativeExpenses": 1899600000, "otherExpenses": 1397100000, "operatingExpenses": 3296700000, "costAndExpenses": 3296700000, "interestIncome": 0, "interestExpense": 0, "depreciationAndAmortization": 149500000, "ebitda": 1285900000, "ebitdaratio": 0.3093410955, "operatingIncome": 584000000, "operatingIncomeRatio": 0.1404893069, "totalOtherIncomeExpensesNet": -276200000, "incomeBeforeTax": 537600000, "incomeBeforeTaxRatio": 0.1293271428, "incomeTaxExpense": 177600000, "netIncome": 360000000, "netIncomeRatio": 0.0866029974, "eps": 1.4, "epsdiluted": 1.37, "weightedAverageShsOut": 234745223, "weightedAverageShsOutDil": 238898250, "link": "https://www.sec.gov/Archives/edgar/data/315293/000095013195000834/0000950131-95-000834-index.html", "finalLink": "https://www.sec.gov/Archives/edgar/data/315293/", "calculatedOtherExpenses": 1673300000, "calculatedOperatingExpenses": 3572900000, "calculatedNetInterest": 0, "calculatedOtherIncome": -46400000, "calculatedIncomeNonControlling": 0, "calculatedEbitda": 733500000}, {"date": "1993-12-31", "symbol": "AON", "reportedCurrency": "USD", "cik": "0000315293", "fillingDate": "1993-12-31", "acceptedDate": "1993-12-30 19:00:00", "calendarYear": "1993", "period": "FY", "revenue": 3844800000, "costOfRevenue": 0, "grossProfit": 3844800000, "grossProfitRatio": 1, "researchAndDevelopmentExpenses": 0, "generalAndAdministrativeExpenses": 0, "sellingAndMarketingExpenses": 0, "sellingGeneralAndAdministrativeExpenses": 0, "otherExpenses": -3323400000, "operatingExpenses": -3323400000, "costAndExpenses": -3323400000, "interestIncome": 0, "interestExpense": 0, "depreciationAndAmortization": 50700000, "ebitda": 8899300000, "ebitdaratio": 2.3146327507, "operatingIncome": 7168200000, "operatingIncomeRatio": 1.8643882647, "totalOtherIncomeExpensesNet": -1680400000, "incomeBeforeTax": 479100000, "incomeBeforeTaxRatio": 0.1246098627, "incomeTaxExpense": 155300000, "netIncome": 323800000, "netIncomeRatio": 0.0842176446, "eps": 1.25, "epsdiluted": 1.25, "weightedAverageShsOut": 239091000, "weightedAverageShsOutDil": 239091000, "link": "", "finalLink": "", "calculatedOtherExpenses": -3323400000, "calculatedOperatingExpenses": -3323400000, "calculatedNetInterest": 0, "calculatedOtherIncome": -6689100000, "calculatedIncomeNonControlling": 0, "calculatedEbitda": 7218900000}, {"date": "1992-12-31", "symbol": "AON", "reportedCurrency": "USD", "cik": "0000315293", "fillingDate": "1992-12-31", "acceptedDate": "1992-12-30 19:00:00", "calendarYear": "1992", "period": "FY", "revenue": 3336500000, "costOfRevenue": 0, "grossProfit": 3336500000, "grossProfitRatio": 1, "researchAndDevelopmentExpenses": 0, "generalAndAdministrativeExpenses": 0, "sellingAndMarketingExpenses": 0, "sellingGeneralAndAdministrativeExpenses": 0, "otherExpenses": -3004100000, "operatingExpenses": -3004100000, "costAndExpenses": -3004100000, "interestIncome": 0, "interestExpense": 0, "depreciationAndAmortization": 33200000, "ebitda": 7744300000, "ebitdaratio": 2.3210849693, "operatingIncome": 6340600000, "operatingIncomeRatio": 1.9003746441, "totalOtherIncomeExpensesNet": -1370500000, "incomeBeforeTax": 290500000, "incomeBeforeTaxRatio": 0.0870672861, "incomeTaxExpense": 84300000, "netIncome": 126600000, "netIncomeRatio": 0.0379439532, "eps": 0.52, "epsdiluted": 0.52, "weightedAverageShsOut": 243461538, "weightedAverageShsOutDil": 243461538, "link": "", "finalLink": "", "calculatedOtherExpenses": -3004100000, "calculatedOperatingExpenses": -3004100000, "calculatedNetInterest": 0, "calculatedOtherIncome": -6050100000, "calculatedIncomeNonControlling": 79600000, "calculatedEbitda": 6373800000}, {"date": "1991-12-31", "symbol": "AON", "reportedCurrency": "USD", "cik": "0000315293", "fillingDate": "1991-12-31", "acceptedDate": "1991-12-30 19:00:00", "calendarYear": "1991", "period": "FY", "revenue": 2930900000, "costOfRevenue": 0, "grossProfit": 2930900000, "grossProfitRatio": 1, "researchAndDevelopmentExpenses": 0, "generalAndAdministrativeExpenses": 0, "sellingAndMarketingExpenses": 0, "sellingGeneralAndAdministrativeExpenses": 0, "otherExpenses": -2558700000, "operatingExpenses": -2558700000, "costAndExpenses": -2558700000, "interestIncome": 0, "interestExpense": 0, "depreciationAndAmortization": 17900000, "ebitda": 6486300000, "ebitdaratio": 2.2130744822, "operatingIncome": 5489600000, "operatingIncomeRatio": 1.873008291, "totalOtherIncomeExpensesNet": -978800000, "incomeBeforeTax": 331500000, "incomeBeforeTaxRatio": 0.1131051895, "incomeTaxExpense": 89500000, "netIncome": 242000000, "netIncomeRatio": 0.0825684943, "eps": 1.1, "epsdiluted": 1.1, "weightedAverageShsOut": 220000000, "weightedAverageShsOutDil": 220000000, "link": "", "finalLink": "", "calculatedOtherExpenses": -2558700000, "calculatedOperatingExpenses": -2558700000, "calculatedNetInterest": 0, "calculatedOtherIncome": -5158100000, "calculatedIncomeNonControlling": 0, "calculatedEbitda": 5507500000}, {"date": "1990-12-31", "symbol": "AON", "reportedCurrency": "USD", "cik": "0000315293", "fillingDate": "1990-12-31", "acceptedDate": "1990-12-30 19:00:00", "calendarYear": "1990", "period": "FY", "revenue": 2626400000, "costOfRevenue": 0, "grossProfit": 2626400000, "grossProfitRatio": 1, "researchAndDevelopmentExpenses": 0, "generalAndAdministrativeExpenses": 0, "sellingAndMarketingExpenses": 0, "sellingGeneralAndAdministrativeExpenses": 0, "otherExpenses": -2257300000, "operatingExpenses": -2257300000, "costAndExpenses": -2257300000, "interestIncome": 0, "interestExpense": 0, "depreciationAndAmortization": 12700000, "ebitda": 5789500000, "ebitdaratio": 2.2043481572, "operatingIncome": 4883700000, "operatingIncomeRatio": 1.859465428, "totalOtherIncomeExpensesNet": -893100000, "incomeBeforeTax": 325200000, "incomeBeforeTaxRatio": 0.1238196771, "incomeTaxExpense": 86200000, "netIncome": 239000000, "netIncomeRatio": 0.0909990862, "eps": 1.07, "epsdiluted": 1.07, "weightedAverageShsOut": 223364486, "weightedAverageShsOutDil": 223364486, "link": "", "finalLink": "", "calculatedOtherExpenses": -2257300000, "calculatedOperatingExpenses": -2257300000, "calculatedNetInterest": 0, "calculatedOtherIncome": -4558500000, "calculatedIncomeNonControlling": 0, "calculatedEbitda": 4896400000}, {"date": "1989-12-31", "symbol": "AON", "reportedCurrency": "USD", "cik": "0000315293", "fillingDate": "1989-12-31", "acceptedDate": "1989-12-30 19:00:00", "calendarYear": "1989", "period": "FY", "revenue": 2279100000, "costOfRevenue": 0, "grossProfit": 2279100000, "grossProfitRatio": 1, "researchAndDevelopmentExpenses": 0, "generalAndAdministrativeExpenses": 0, "sellingAndMarketingExpenses": 0, "sellingGeneralAndAdministrativeExpenses": 0, "otherExpenses": -1919600000, "operatingExpenses": -1919600000, "costAndExpenses": -1919600000, "interestIncome": 0, "interestExpense": 0, "depreciationAndAmortization": 0, "ebitda": 4198700000, "ebitdaratio": 1.8422622965, "operatingIncome": 4198700000, "operatingIncomeRatio": 1.8422622965, "totalOtherIncomeExpensesNet": -3884600000, "incomeBeforeTax": 314100000, "incomeBeforeTaxRatio": 0.1378175596, "incomeTaxExpense": 81700000, "netIncome": 232400000, "netIncomeRatio": 0.1019700759, "eps": 1.05, "epsdiluted": 1.05, "weightedAverageShsOut": 221333333, "weightedAverageShsOutDil": 221333333, "link": "", "finalLink": "", "calculatedOtherExpenses": -1919600000, "calculatedOperatingExpenses": -1919600000, "calculatedNetInterest": 0, "calculatedOtherIncome": -3884600000, "calculatedIncomeNonControlling": 0, "calculatedEbitda": 4198700000}, {"date": "1988-12-31", "symbol": "AON", "reportedCurrency": "USD", "cik": "0000315293", "fillingDate": "1988-12-31", "acceptedDate": "1988-12-30 19:00:00", "calendarYear": "1988", "period": "FY", "revenue": 2707600000, "costOfRevenue": 0, "grossProfit": 2707600000, "grossProfitRatio": 1, "researchAndDevelopmentExpenses": 0, "generalAndAdministrativeExpenses": 0, "sellingAndMarketingExpenses": 0, "sellingGeneralAndAdministrativeExpenses": 0, "otherExpenses": -2406800000, "operatingExpenses": -2406800000, "costAndExpenses": -2406800000, "interestIncome": 0, "interestExpense": 0, "depreciationAndAmortization": 0, "ebitda": 5114400000, "ebitdaratio": 1.8889053036, "operatingIncome": 5114400000, "operatingIncomeRatio": 1.8889053036, "totalOtherIncomeExpensesNet": -4860900000, "incomeBeforeTax": 253500000, "incomeBeforeTaxRatio": 0.0936253509, "incomeTaxExpense": 74000000, "netIncome": 179500000, "netIncomeRatio": 0.0662948737, "eps": 0.83, "epsdiluted": 0.83, "weightedAverageShsOut": 216265060, "weightedAverageShsOutDil": 216265060, "link": "", "finalLink": "", "calculatedOtherExpenses": -2406800000, "calculatedOperatingExpenses": -2406800000, "calculatedNetInterest": 0, "calculatedOtherIncome": -4860900000, "calculatedIncomeNonControlling": 0, "calculatedEbitda": 5114400000}, {"date": "1987-12-31", "symbol": "AON", "reportedCurrency": "USD", "cik": "0000315293", "fillingDate": "1987-12-31", "acceptedDate": "1987-12-30 19:00:00", "calendarYear": "1987", "period": "FY", "revenue": 2469000000, "costOfRevenue": 0, "grossProfit": 2469000000, "grossProfitRatio": 1, "researchAndDevelopmentExpenses": 0, "generalAndAdministrativeExpenses": 0, "sellingAndMarketingExpenses": 0, "sellingGeneralAndAdministrativeExpenses": 0, "otherExpenses": -2209200000, "operatingExpenses": -2209200000, "costAndExpenses": -2209200000, "interestIncome": 0, "interestExpense": 0, "depreciationAndAmortization": 0, "ebitda": 4678200000, "ebitdaratio": 1.8947752126, "operatingIncome": 4678200000, "operatingIncomeRatio": 1.8947752126, "totalOtherIncomeExpensesNet": -4418400000, "incomeBeforeTax": 259800000, "incomeBeforeTaxRatio": 0.1052247874, "incomeTaxExpense": 74700000, "netIncome": 185100000, "netIncomeRatio": 0.0749696233, "eps": 0.83, "epsdiluted": 0.83, "weightedAverageShsOut": 222891566, "weightedAverageShsOutDil": 222891566, "link": "", "finalLink": "", "calculatedOtherExpenses": -2209200000, "calculatedOperatingExpenses": -2209200000, "calculatedNetInterest": 0, "calculatedOtherIncome": -4418400000, "calculatedIncomeNonControlling": 0, "calculatedEbitda": 4678200000}, {"date": "1986-12-31", "symbol": "AON", "reportedCurrency": "USD", "cik": "0000315293", "fillingDate": "1986-12-31", "acceptedDate": "1986-12-30 19:00:00", "calendarYear": "1986", "period": "FY", "revenue": 1805600000, "costOfRevenue": 0, "grossProfit": 1805600000, "grossProfitRatio": 1, "researchAndDevelopmentExpenses": 0, "generalAndAdministrativeExpenses": 0, "sellingAndMarketingExpenses": 0, "sellingGeneralAndAdministrativeExpenses": 0, "otherExpenses": -1542900000, "operatingExpenses": -1542900000, "costAndExpenses": -1542900000, "interestIncome": 0, "interestExpense": 0, "depreciationAndAmortization": 0, "ebitda": 3348500000, "ebitdaratio": 1.8545081967, "operatingIncome": 3348500000, "operatingIncomeRatio": 1.8545081967, "totalOtherIncomeExpensesNet": -3085800000, "incomeBeforeTax": 262700000, "incomeBeforeTaxRatio": 0.1454918033, "incomeTaxExpense": 78500000, "netIncome": 184200000, "netIncomeRatio": 0.1020159504, "eps": 0.82, "epsdiluted": 0.82, "weightedAverageShsOut": 223780488, "weightedAverageShsOutDil": 223780488, "link": "", "finalLink": "", "calculatedOtherExpenses": -1542900000, "calculatedOperatingExpenses": -1542900000, "calculatedNetInterest": 0, "calculatedOtherIncome": -3085800000, "calculatedIncomeNonControlling": 0, "calculatedEbitda": 3348500000}, {"date": "1985-12-31", "symbol": "AON", "reportedCurrency": "USD", "cik": "0000315293", "fillingDate": "1985-12-31", "acceptedDate": "1985-12-30 19:00:00", "calendarYear": "1985", "period": "FY", "revenue": 1359800000, "costOfRevenue": 0, "grossProfit": 1359800000, "grossProfitRatio": 1, "researchAndDevelopmentExpenses": 0, "generalAndAdministrativeExpenses": 0, "sellingAndMarketingExpenses": 0, "sellingGeneralAndAdministrativeExpenses": 0, "otherExpenses": -1129800000, "operatingExpenses": -1129800000, "costAndExpenses": -1129800000, "interestIncome": 0, "interestExpense": 0, "depreciationAndAmortization": 0, "ebitda": 2489600000, "ebitdaratio": 1.830857479, "operatingIncome": 2489600000, "operatingIncomeRatio": 1.830857479, "totalOtherIncomeExpensesNet": -2259600000, "incomeBeforeTax": 230000000, "incomeBeforeTaxRatio": 0.169142521, "incomeTaxExpense": 69000000, "netIncome": 161000000, "netIncomeRatio": 0.1183997647, "eps": 0.71, "epsdiluted": 0.71, "weightedAverageShsOut": 225774648, "weightedAverageShsOutDil": 225774648, "link": "", "finalLink": "", "calculatedOtherExpenses": -1129800000, "calculatedOperatingExpenses": -1129800000, "calculatedNetInterest": 0, "calculatedOtherIncome": -2259600000, "calculatedIncomeNonControlling": 0, "calculatedEbitda": 2489600000}]}