{"originalCurrency": "USD", "convertedCurrency": "USD", "report": [{"date": "2023-12-31", "symbol": "APA", "reportedCurrency": "USD", "cik": "0001841666", "fillingDate": "2024-02-22", "acceptedDate": "2024-02-22 17:17:31", "calendarYear": "2023", "period": "FY", "revenue": 8279000000, "costOfRevenue": 4052000000, "grossProfit": 4227000000, "grossProfitRatio": 0.5105689093, "researchAndDevelopmentExpenses": 0, "generalAndAdministrativeExpenses": 351000000, "sellingAndMarketingExpenses": 0, "sellingGeneralAndAdministrativeExpenses": 351000000, "otherExpenses": 873000000, "operatingExpenses": 851000000, "costAndExpenses": 4903000000, "interestIncome": 10000000, "interestExpense": 327000000, "depreciationAndAmortization": 1540000000, "ebitda": 4922000000, "ebitdaratio": 0.5945162459, "operatingIncome": 6843000000, "operatingIncomeRatio": 0.8265491001, "totalOtherIncomeExpensesNet": -172000000, "incomeBeforeTax": 2883000000, "incomeBeforeTaxRatio": 0.3482304626, "incomeTaxExpense": -324000000, "netIncome": 2855000000, "netIncomeRatio": 0.3448484116, "eps": 9.27, "epsdiluted": 9.24, "weightedAverageShsOut": 308000000, "weightedAverageShsOutDil": 309000000, "link": "https://www.sec.gov/Archives/edgar/data/1841666/000178403124000003/0001784031-24-000003-index.htm", "finalLink": "https://www.sec.gov/Archives/edgar/data/1841666/000178403124000003/apa-20231231.htm", "calculatedOtherExpenses": -2967000000, "calculatedOperatingExpenses": -2616000000, "calculatedNetInterest": -317000000, "calculatedOtherIncome": -3643000000, "calculatedIncomeNonControlling": 352000000, "calculatedEbitda": 8383000000}, {"date": "2022-12-31", "symbol": "APA", "reportedCurrency": "USD", "cik": "0001841666", "fillingDate": "2023-02-23", "acceptedDate": "2023-02-23 15:05:11", "calendarYear": "2022", "period": "FY", "revenue": 11075000000, "costOfRevenue": 4820000000, "grossProfit": 6255000000, "grossProfitRatio": 0.564785553, "researchAndDevelopmentExpenses": 0, "generalAndAdministrativeExpenses": 483000000, "sellingAndMarketingExpenses": 0, "sellingGeneralAndAdministrativeExpenses": 483000000, "otherExpenses": 542000000, "operatingExpenses": 1025000000, "costAndExpenses": 5845000000, "interestIncome": 10000000, "interestExpense": 379000000, "depreciationAndAmortization": 1233000000, "ebitda": 5230000000, "ebitdaratio": 0.472234763, "operatingIncome": 3997000000, "operatingIncomeRatio": 0.3609029345, "totalOtherIncomeExpensesNet": 1737000000, "incomeBeforeTax": 5734000000, "incomeBeforeTaxRatio": 0.5177426637, "incomeTaxExpense": 1652000000, "netIncome": 3604000000, "netIncomeRatio": 0.3254176072, "eps": 11.07, "epsdiluted": 11.03, "weightedAverageShsOut": 332000000, "weightedAverageShsOutDil": 333000000, "link": "https://www.sec.gov/Archives/edgar/data/1841666/000178403123000007/0001784031-23-000007-index.htm", "finalLink": "https://www.sec.gov/Archives/edgar/data/1841666/000178403123000007/apa-20221231.htm", "calculatedOtherExpenses": 1775000000, "calculatedOperatingExpenses": 2258000000, "calculatedNetInterest": -369000000, "calculatedOtherIncome": 2106000000, "calculatedIncomeNonControlling": 478000000, "calculatedEbitda": 5230000000}, {"date": "2021-12-31", "symbol": "APA", "reportedCurrency": "USD", "cik": "0001841666", "fillingDate": "2022-02-22", "acceptedDate": "2022-02-22 14:30:58", "calendarYear": "2021", "period": "FY", "revenue": 7985000000, "costOfRevenue": 4445000000, "grossProfit": 3540000000, "grossProfitRatio": 0.4433312461, "researchAndDevelopmentExpenses": 0, "generalAndAdministrativeExpenses": 376000000, "sellingAndMarketingExpenses": 0, "sellingGeneralAndAdministrativeExpenses": 376000000, "otherExpenses": 244000000, "operatingExpenses": 620000000, "costAndExpenses": 5065000000, "interestIncome": 8000000, "interestExpense": 514000000, "depreciationAndAmortization": 1360000000, "ebitda": 2920000000, "ebitdaratio": 0.3656856606, "operatingIncome": 1560000000, "operatingIncomeRatio": 0.1953663118, "totalOtherIncomeExpensesNet": 331000000, "incomeBeforeTax": 1891000000, "incomeBeforeTaxRatio": 0.2368190357, "incomeTaxExpense": 578000000, "netIncome": 1135000000, "netIncomeRatio": 0.1421415153, "eps": 2.6, "epsdiluted": 2.59, "weightedAverageShsOut": 374000000, "weightedAverageShsOutDil": 375000000, "link": "https://www.sec.gov/Archives/edgar/data/1841666/000178403122000009/0001784031-22-000009-index.htm", "finalLink": "https://www.sec.gov/Archives/edgar/data/1841666/000178403122000009/apa-20211231.htm", "calculatedOtherExpenses": 1604000000, "calculatedOperatingExpenses": 1980000000, "calculatedNetInterest": -506000000, "calculatedOtherIncome": 837000000, "calculatedIncomeNonControlling": 178000000, "calculatedEbitda": 2920000000}, {"date": "2020-12-31", "symbol": "APA", "reportedCurrency": "USD", "cik": "0001841666", "fillingDate": "2021-02-26", "acceptedDate": "2021-02-25 20:20:42", "calendarYear": "2020", "period": "FY", "revenue": 4435000000, "costOfRevenue": 3530000000, "grossProfit": 905000000, "grossProfitRatio": 0.2040586246, "researchAndDevelopmentExpenses": 0, "generalAndAdministrativeExpenses": 290000000, "sellingAndMarketingExpenses": 0, "sellingGeneralAndAdministrativeExpenses": 290000000, "otherExpenses": 442000000, "operatingExpenses": 732000000, "costAndExpenses": 4262000000, "interestIncome": 7000000, "interestExpense": 267000000, "depreciationAndAmortization": 1772000000, "ebitda": 173000000, "ebitdaratio": 0.0390078918, "operatingIncome": -1599000000, "operatingIncomeRatio": -0.3605411499, "totalOtherIncomeExpensesNet": -3241000000, "incomeBeforeTax": -4840000000, "incomeBeforeTaxRatio": -1.091319053, "incomeTaxExpense": 64000000, "netIncome": -4904000000, "netIncomeRatio": -1.1057497182, "eps": -12.97, "epsdiluted": -12.97, "weightedAverageShsOut": 378000000, "weightedAverageShsOutDil": 378000000, "link": "https://www.sec.gov/Archives/edgar/data/6769/000167337921000007/0001673379-21-000007-index.htm", "finalLink": "https://www.sec.gov/Archives/edgar/data/6769/000167337921000007/apa-20201231.htm", "calculatedOtherExpenses": 2214000000, "calculatedOperatingExpenses": 2504000000, "calculatedNetInterest": -260000000, "calculatedOtherIncome": -2981000000, "calculatedIncomeNonControlling": 0, "calculatedEbitda": 173000000}, {"date": "2019-12-31", "symbol": "APA", "reportedCurrency": "USD", "cik": "0001841666", "fillingDate": "2020-02-28", "acceptedDate": "2020-02-27 17:43:42", "calendarYear": "2019", "period": "FY", "revenue": 6315000000, "costOfRevenue": 4433000000, "grossProfit": 1882000000, "grossProfitRatio": 0.2980205859, "researchAndDevelopmentExpenses": 0, "generalAndAdministrativeExpenses": 406000000, "sellingAndMarketingExpenses": 0, "sellingGeneralAndAdministrativeExpenses": 406000000, "otherExpenses": 1066000000, "operatingExpenses": 1472000000, "costAndExpenses": 5905000000, "interestIncome": 13000000, "interestExpense": 462000000, "depreciationAndAmortization": 2680000000, "ebitda": 410000000, "ebitdaratio": 0.0649247823, "operatingIncome": -2270000000, "operatingIncomeRatio": -0.3594615994, "totalOtherIncomeExpensesNet": -738000000, "incomeBeforeTax": -3008000000, "incomeBeforeTaxRatio": -0.4763262074, "incomeTaxExpense": 674000000, "netIncome": -3682000000, "netIncomeRatio": -0.5830562154, "eps": -9.77, "epsdiluted": -9.77, "weightedAverageShsOut": 377000000, "weightedAverageShsOutDil": 377000000, "link": "https://www.sec.gov/Archives/edgar/data/6769/000173303720000004/0001733037-20-000004-index.html", "finalLink": "https://www.sec.gov/Archives/edgar/data/6769/000173303720000004/apa10-k2019.htm", "calculatedOtherExpenses": 3746000000, "calculatedOperatingExpenses": 4152000000, "calculatedNetInterest": -449000000, "calculatedOtherIncome": -289000000, "calculatedIncomeNonControlling": 0, "calculatedEbitda": 410000000}, {"date": "2018-12-31", "symbol": "APA", "reportedCurrency": "USD", "cik": "0001841666", "fillingDate": "2019-03-01", "acceptedDate": "2019-02-28 18:03:05", "calendarYear": "2018", "period": "FY", "revenue": 7348000000, "costOfRevenue": 4192000000, "grossProfit": 3156000000, "grossProfitRatio": 0.4295046271, "researchAndDevelopmentExpenses": 0, "generalAndAdministrativeExpenses": 431000000, "sellingAndMarketingExpenses": 0, "sellingGeneralAndAdministrativeExpenses": 431000000, "otherExpenses": 756000000, "operatingExpenses": 1187000000, "costAndExpenses": 5379000000, "interestIncome": 22000000, "interestExpense": 478000000, "depreciationAndAmortization": 140000000, "ebitda": 1969000000, "ebitdaratio": 0.2679640719, "operatingIncome": 1969000000, "operatingIncomeRatio": 0.2679640719, "totalOtherIncomeExpensesNet": -533000000, "incomeBeforeTax": 958000000, "incomeBeforeTaxRatio": 0.1303756124, "incomeTaxExpense": 672000000, "netIncome": 40000000, "netIncomeRatio": 0.0054436581, "eps": 0.1, "epsdiluted": 0.1, "weightedAverageShsOut": 382000000, "weightedAverageShsOutDil": 384000000, "link": "https://www.sec.gov/Archives/edgar/data/6769/000173303719000004/0001733037-19-000004-index.html", "finalLink": "https://www.sec.gov/Archives/edgar/data/6769/000173303719000004/apa10-k2018.htm", "calculatedOtherExpenses": 756000000, "calculatedOperatingExpenses": 1187000000, "calculatedNetInterest": -456000000, "calculatedOtherIncome": -555000000, "calculatedIncomeNonControlling": 246000000, "calculatedEbitda": 2109000000}, {"date": "2017-12-31", "symbol": "APA", "reportedCurrency": "USD", "cik": "0001841666", "fillingDate": "2018-02-23", "acceptedDate": "2018-02-22 17:41:29", "calendarYear": "2017", "period": "FY", "revenue": 5887000000, "costOfRevenue": 3859000000, "grossProfit": 2028000000, "grossProfitRatio": 0.3444878546, "researchAndDevelopmentExpenses": 0, "generalAndAdministrativeExpenses": 395000000, "sellingAndMarketingExpenses": 0, "sellingGeneralAndAdministrativeExpenses": 395000000, "otherExpenses": 786000000, "operatingExpenses": 1181000000, "costAndExpenses": 5040000000, "interestIncome": 19000000, "interestExpense": 397000000, "depreciationAndAmortization": 144000000, "ebitda": 847000000, "ebitdaratio": 0.1438763377, "operatingIncome": 847000000, "operatingIncomeRatio": 0.1438763377, "totalOtherIncomeExpensesNet": 468000000, "incomeBeforeTax": 918000000, "incomeBeforeTaxRatio": 0.1559368099, "incomeTaxExpense": -585000000, "netIncome": 1304000000, "netIncomeRatio": 0.221505011, "eps": 3.42, "epsdiluted": 3.41, "weightedAverageShsOut": 381000000, "weightedAverageShsOutDil": 383000000, "link": "https://www.sec.gov/Archives/edgar/data/6769/000167337918000008/0001673379-18-000008-index.html", "finalLink": "https://www.sec.gov/Archives/edgar/data/6769/000167337918000008/apa10-k2017.htm", "calculatedOtherExpenses": 786000000, "calculatedOperatingExpenses": 1181000000, "calculatedNetInterest": -378000000, "calculatedOtherIncome": 449000000, "calculatedIncomeNonControlling": 199000000, "calculatedEbitda": 991000000}, {"date": "2016-12-31", "symbol": "APA", "reportedCurrency": "USD", "cik": "0001841666", "fillingDate": "2017-02-24", "acceptedDate": "2017-02-24 12:08:16", "calendarYear": "2016", "period": "FY", "revenue": 5367000000, "costOfRevenue": 4312000000, "grossProfit": 1055000000, "grossProfitRatio": 0.1965716415, "researchAndDevelopmentExpenses": 0, "generalAndAdministrativeExpenses": 410000000, "sellingAndMarketingExpenses": 0, "sellingGeneralAndAdministrativeExpenses": 410000000, "otherExpenses": 789000000, "operatingExpenses": 1199000000, "costAndExpenses": 5511000000, "interestIncome": 8000000, "interestExpense": 417000000, "depreciationAndAmortization": 158000000, "ebitda": -144000000, "ebitdaratio": -0.0268306316, "operatingIncome": -144000000, "operatingIncomeRatio": -0.0268306316, "totalOtherIncomeExpensesNet": -1121000000, "incomeBeforeTax": -1682000000, "incomeBeforeTaxRatio": -0.3133966834, "incomeTaxExpense": -442000000, "netIncome": -1405000000, "netIncomeRatio": -0.2617849823, "eps": -3.71, "epsdiluted": -3.71, "weightedAverageShsOut": 379000000, "weightedAverageShsOutDil": 379000000, "link": "https://www.sec.gov/Archives/edgar/data/6769/000167337917000004/0001673379-17-000004-index.html", "finalLink": "https://www.sec.gov/Archives/edgar/data/6769/000167337917000004/apa10-k2016.htm", "calculatedOtherExpenses": 789000000, "calculatedOperatingExpenses": 1199000000, "calculatedNetInterest": -409000000, "calculatedOtherIncome": -1129000000, "calculatedIncomeNonControlling": 165000000, "calculatedEbitda": 14000000}, {"date": "2015-12-31", "symbol": "APA", "reportedCurrency": "USD", "cik": "0001841666", "fillingDate": "2016-02-26", "acceptedDate": "2016-02-26 16:09:17", "calendarYear": "2015", "period": "FY", "revenue": 6383000000, "costOfRevenue": 31437000000, "grossProfit": -25054000000, "grossProfitRatio": -3.925113583, "researchAndDevelopmentExpenses": 0, "generalAndAdministrativeExpenses": 377000000, "sellingAndMarketingExpenses": 0, "sellingGeneralAndAdministrativeExpenses": 377000000, "otherExpenses": 444000000, "operatingExpenses": 821000000, "costAndExpenses": 32258000000, "interestIncome": 10000000, "interestExpense": 299000000, "depreciationAndAmortization": 324000000, "ebitda": -25875000000, "ebitdaratio": -4.0537364875, "operatingIncome": -25875000000, "operatingIncomeRatio": -4.0537364875, "totalOtherIncomeExpensesNet": -2052000000, "incomeBeforeTax": -28226000000, "incomeBeforeTaxRatio": -4.4220585931, "incomeTaxExpense": -5469000000, "netIncome": -23119000000, "netIncomeRatio": -3.6219645935, "eps": -61.19, "epsdiluted": -61.16, "weightedAverageShsOut": 377839721, "weightedAverageShsOutDil": 378000000, "link": "https://www.sec.gov/Archives/edgar/data/6769/000119312516481920/0001193125-16-481920-index.html", "finalLink": "https://www.sec.gov/Archives/edgar/data/6769/000119312516481920/d62202d10k.htm", "calculatedOtherExpenses": 444000000, "calculatedOperatingExpenses": 821000000, "calculatedNetInterest": -289000000, "calculatedOtherIncome": -2062000000, "calculatedIncomeNonControlling": 362000000, "calculatedEbitda": -25551000000}, {"date": "2014-12-31", "symbol": "APA", "reportedCurrency": "USD", "cik": "0001841666", "fillingDate": "2015-02-27", "acceptedDate": "2015-02-27 17:31:33", "calendarYear": "2014", "period": "FY", "revenue": 13749000000, "costOfRevenue": 12910000000, "grossProfit": 839000000, "grossProfitRatio": 0.0610226198, "researchAndDevelopmentExpenses": 0, "generalAndAdministrativeExpenses": 434000000, "sellingAndMarketingExpenses": 0, "sellingGeneralAndAdministrativeExpenses": 434000000, "otherExpenses": 1041000000, "operatingExpenses": 1475000000, "costAndExpenses": 14385000000, "interestIncome": 12000000, "interestExpense": 130000000, "depreciationAndAmortization": 410000000, "ebitda": -636000000, "ebitdaratio": -0.0462579097, "operatingIncome": -636000000, "operatingIncomeRatio": -0.0462579097, "totalOtherIncomeExpensesNet": -2140000000, "incomeBeforeTax": -2906000000, "incomeBeforeTaxRatio": -0.2113608262, "incomeTaxExpense": 1637000000, "netIncome": -5403000000, "netIncomeRatio": -0.3929740345, "eps": -14.07, "epsdiluted": -14.07, "weightedAverageShsOut": 384000000, "weightedAverageShsOutDil": 384000000, "link": "https://www.sec.gov/Archives/edgar/data/6769/000119312515070388/d836834d10k.htm", "finalLink": "https://www.sec.gov/Archives/edgar/data/6769/000119312515070388/d836834d10k.htm", "calculatedOtherExpenses": 1041000000, "calculatedOperatingExpenses": 1475000000, "calculatedNetInterest": -118000000, "calculatedOtherIncome": -2152000000, "calculatedIncomeNonControlling": 860000000, "calculatedEbitda": -226000000}, {"date": "2013-12-31", "symbol": "APA", "reportedCurrency": "USD", "cik": "0001841666", "fillingDate": "2014-02-28", "acceptedDate": "2014-02-28 16:59:38", "calendarYear": "2013", "period": "FY", "revenue": 16402000000, "costOfRevenue": 10053000000, "grossProfit": 6349000000, "grossProfitRatio": 0.3870869406, "researchAndDevelopmentExpenses": 0, "generalAndAdministrativeExpenses": 503000000, "sellingAndMarketingExpenses": 0, "sellingGeneralAndAdministrativeExpenses": 503000000, "otherExpenses": 51000000, "operatingExpenses": 1527000000, "costAndExpenses": 11580000000, "interestIncome": 15000000, "interestExpense": 174000000, "depreciationAndAmortization": 410000000, "ebitda": 4822000000, "ebitdaratio": 0.293988538, "operatingIncome": 4822000000, "operatingIncomeRatio": 0.293988538, "totalOtherIncomeExpensesNet": -432000000, "incomeBeforeTax": 4216000000, "incomeBeforeTaxRatio": 0.2570418242, "incomeTaxExpense": 1928000000, "netIncome": 2232000000, "netIncomeRatio": 0.1360809657, "eps": 5.53, "epsdiluted": 5.5, "weightedAverageShsOut": 395000000, "weightedAverageShsOutDil": 406000000, "link": "https://www.sec.gov/Archives/edgar/data/6769/000119312514077668/d647405d10k.htm", "finalLink": "https://www.sec.gov/Archives/edgar/data/6769/000119312514077668/d647405d10k.htm", "calculatedOtherExpenses": 1024000000, "calculatedOperatingExpenses": 1527000000, "calculatedNetInterest": -159000000, "calculatedOtherIncome": -447000000, "calculatedIncomeNonControlling": 56000000, "calculatedEbitda": 5232000000}, {"date": "2012-12-31", "symbol": "APA", "reportedCurrency": "USD", "cik": "0001841666", "fillingDate": "2013-03-01", "acceptedDate": "2013-02-28 18:34:31", "calendarYear": "2012", "period": "FY", "revenue": 16947000000, "costOfRevenue": 10380000000, "grossProfit": 6567000000, "grossProfitRatio": 0.3875022128, "researchAndDevelopmentExpenses": 0, "generalAndAdministrativeExpenses": 531000000, "sellingAndMarketingExpenses": 0, "sellingGeneralAndAdministrativeExpenses": 531000000, "otherExpenses": 963000000, "operatingExpenses": 1494000000, "costAndExpenses": 11874000000, "interestIncome": 17000000, "interestExpense": 165000000, "depreciationAndAmortization": 7109000000, "ebitda": 5073000000, "ebitdaratio": 0.2993450168, "operatingIncome": 5073000000, "operatingIncomeRatio": 0.2993450168, "totalOtherIncomeExpensesNet": -31000000, "incomeBeforeTax": 4877000000, "incomeBeforeTaxRatio": 0.287779548, "incomeTaxExpense": 2876000000, "netIncome": 2001000000, "netIncomeRatio": 0.1180739954, "eps": 4.95, "epsdiluted": 4.92, "weightedAverageShsOut": 389000000, "weightedAverageShsOutDil": 391000000, "link": "https://www.sec.gov/Archives/edgar/data/6769/000119312513085083/0001193125-13-085083-index.html", "finalLink": "https://www.sec.gov/Archives/edgar/data/6769/000119312513085083/d457834d10k.htm", "calculatedOtherExpenses": 963000000, "calculatedOperatingExpenses": 1494000000, "calculatedNetInterest": -148000000, "calculatedOtherIncome": -48000000, "calculatedIncomeNonControlling": 0, "calculatedEbitda": 12182000000}, {"date": "2011-12-31", "symbol": "APA", "reportedCurrency": "USD", "cik": "0001841666", "fillingDate": "2012-02-29", "acceptedDate": "2012-02-28 19:30:55", "calendarYear": "2011", "period": "FY", "revenue": 16888000000, "costOfRevenue": 296000000, "grossProfit": 16592000000, "grossProfitRatio": 0.9824727617, "researchAndDevelopmentExpenses": 0, "generalAndAdministrativeExpenses": 459000000, "sellingAndMarketingExpenses": 0, "sellingGeneralAndAdministrativeExpenses": 459000000, "otherExpenses": -154000000, "operatingExpenses": 8321000000, "costAndExpenses": 8617000000, "interestIncome": 17000000, "interestExpense": 170000000, "depreciationAndAmortization": 4204000000, "ebitda": 12495000000, "ebitdaratio": 0.7398744671, "operatingIncome": 8271000000, "operatingIncomeRatio": 0.4897560398, "totalOtherIncomeExpensesNet": -174000000, "incomeBeforeTax": 8093000000, "incomeBeforeTaxRatio": 0.4792160114, "incomeTaxExpense": 3509000000, "netIncome": 4584000000, "netIncomeRatio": 0.2714353387, "eps": 11.75, "epsdiluted": 11.47, "weightedAverageShsOut": 384000000, "weightedAverageShsOutDil": 400000000, "link": "https://www.sec.gov/Archives/edgar/data/6769/000119312512086217/0001193125-12-086217-index.html", "finalLink": "https://www.sec.gov/Archives/edgar/data/6769/000119312512086217/d267154d10k.htm", "calculatedOtherExpenses": 7862000000, "calculatedOperatingExpenses": 8321000000, "calculatedNetInterest": -153000000, "calculatedOtherIncome": -25000000, "calculatedIncomeNonControlling": 0, "calculatedEbitda": 12475000000}, {"date": "2010-12-31", "symbol": "APA", "reportedCurrency": "USD", "cik": "0001841666", "fillingDate": "2011-02-28", "acceptedDate": "2011-02-28 17:20:11", "calendarYear": "2010", "period": "FY", "revenue": 12092000000, "costOfRevenue": 2210000000, "grossProfit": 9882000000, "grossProfitRatio": 0.8172345352, "researchAndDevelopmentExpenses": 0, "generalAndAdministrativeExpenses": 380000000, "sellingAndMarketingExpenses": 0, "sellingGeneralAndAdministrativeExpenses": 380000000, "otherExpenses": 5916000000, "operatingExpenses": 4153000000, "costAndExpenses": 6363000000, "interestIncome": 13000000, "interestExpense": 229000000, "depreciationAndAmortization": 3083000000, "ebitda": 8812000000, "ebitdaratio": 0.7287462785, "operatingIncome": 5618000000, "operatingIncomeRatio": 0.4646046973, "totalOtherIncomeExpensesNet": -294000000, "incomeBeforeTax": 5206000000, "incomeBeforeTaxRatio": 0.4305325835, "incomeTaxExpense": 2174000000, "netIncome": 3032000000, "netIncomeRatio": 0.2507442937, "eps": 8.53, "epsdiluted": 8.46, "weightedAverageShsOut": 352000000, "weightedAverageShsOutDil": 359000000, "link": "https://www.sec.gov/Archives/edgar/data/6769/000095012311019900/h78042e10vk.htm", "finalLink": "https://www.sec.gov/Archives/edgar/data/6769/000095012311019900/h78042e10vk.htm", "calculatedOtherExpenses": 3884000000, "calculatedOperatingExpenses": 4264000000, "calculatedNetInterest": -216000000, "calculatedOtherIncome": -196000000, "calculatedIncomeNonControlling": 0, "calculatedEbitda": 8701000000}, {"date": "2009-12-31", "symbol": "APA", "reportedCurrency": "USD", "cik": "0001841666", "fillingDate": "2010-02-26", "acceptedDate": "2010-02-26 17:10:45", "calendarYear": "2009", "period": "FY", "revenue": 8614826000, "costOfRevenue": 1804839000, "grossProfit": 6809987000, "grossProfitRatio": 0.7904961749, "researchAndDevelopmentExpenses": 0, "generalAndAdministrativeExpenses": 343883000, "sellingAndMarketingExpenses": 0, "sellingGeneralAndAdministrativeExpenses": 343883000, "otherExpenses": 5842475000, "operatingExpenses": 6186358000, "costAndExpenses": 7991197000, "interestIncome": 12381000, "interestExpense": 309619000, "depreciationAndAmortization": 5213224000, "ebitda": 5849234000, "ebitdaratio": 0.6789729706, "operatingIncome": 623629000, "operatingIncomeRatio": 0.0723902027, "totalOtherIncomeExpensesNet": -297238000, "incomeBeforeTax": 326391000, "incomeBeforeTaxRatio": 0.0378871262, "incomeTaxExpense": 610789000, "netIncome": -284398000, "netIncomeRatio": -0.0330126227, "eps": -0.85, "epsdiluted": -0.85, "weightedAverageShsOut": 336000000, "weightedAverageShsOutDil": 336000000, "link": "https://www.sec.gov/Archives/edgar/data/6769/000095012310018311/0000950123-10-018311-index.html", "finalLink": "https://www.sec.gov/Archives/edgar/data/6769/000095012310018311/h69016e10vk.htm", "calculatedOtherExpenses": 5842475000, "calculatedOperatingExpenses": 6186358000, "calculatedNetInterest": -297238000, "calculatedOtherIncome": 0, "calculatedIncomeNonControlling": 0, "calculatedEbitda": 5836853000}, {"date": "2008-12-31", "symbol": "APA", "reportedCurrency": "USD", "cik": "0001841666", "fillingDate": "2009-03-02", "acceptedDate": "2009-03-02 17:15:29", "calendarYear": "2008", "period": "FY", "revenue": 12327839000, "costOfRevenue": 2066116000, "grossProfit": 10261723000, "grossProfitRatio": 0.8324024186, "researchAndDevelopmentExpenses": 0, "generalAndAdministrativeExpenses": 288794000, "sellingAndMarketingExpenses": 0, "sellingGeneralAndAdministrativeExpenses": 288794000, "otherExpenses": 8835065000, "operatingExpenses": 9123859000, "costAndExpenses": 11189975000, "interestIncome": 0, "interestExpense": 0, "depreciationAndAmortization": 7850258000, "ebitda": 9128907000, "ebitdaratio": 0.7405115365, "operatingIncome": 1137864000, "operatingIncomeRatio": 0.0923003618, "totalOtherIncomeExpensesNet": -140785000, "incomeBeforeTax": 932392000, "incomeBeforeTaxRatio": 0.0756330449, "incomeTaxExpense": 220438000, "netIncome": 711954000, "netIncomeRatio": 0.0577517276, "eps": 2.11, "epsdiluted": 2.09, "weightedAverageShsOut": 334351000, "weightedAverageShsOutDil": 337191000, "link": "https://www.sec.gov/Archives/edgar/data/6769/000095012909000708/0000950129-09-000708-index.html", "finalLink": "https://www.sec.gov/Archives/edgar/data/6769/000095012909000708/h65809e10vk.htm", "calculatedOtherExpenses": 8835065000, "calculatedOperatingExpenses": 9123859000, "calculatedNetInterest": 0, "calculatedOtherIncome": -205472000, "calculatedIncomeNonControlling": 0, "calculatedEbitda": 8988122000}, {"date": "2007-12-31", "symbol": "APA", "reportedCurrency": "USD", "cik": "0001841666", "fillingDate": "2008-02-29", "acceptedDate": "2008-02-29 14:08:15", "calendarYear": "2007", "period": "FY", "revenue": 9977858000, "costOfRevenue": 1824033000, "grossProfit": 8153825000, "grossProfitRatio": 0.8171919264, "researchAndDevelopmentExpenses": 0, "generalAndAdministrativeExpenses": 275065000, "sellingAndMarketingExpenses": 0, "sellingGeneralAndAdministrativeExpenses": 275065000, "otherExpenses": 2889773000, "operatingExpenses": 3164838000, "costAndExpenses": 4988871000, "interestIncome": 0, "interestExpense": 0, "depreciationAndAmortization": 2347791000, "ebitda": 7513778000, "ebitdaratio": 0.7530451927, "operatingIncome": 4988987000, "operatingIncomeRatio": 0.5000058129, "totalOtherIncomeExpensesNet": -177000000, "incomeBeforeTax": 4672612000, "incomeBeforeTaxRatio": 0.4682981057, "incomeTaxExpense": 1860254000, "netIncome": 2812358000, "netIncomeRatio": 0.2818598942, "eps": 8.45, "epsdiluted": 8.39, "weightedAverageShsOut": 332151243, "weightedAverageShsOutDil": 334526579, "link": "https://www.sec.gov/Archives/edgar/data/6769/000095012908001358/h54173e10vk.htm", "finalLink": "https://www.sec.gov/Archives/edgar/data/6769/000095012908001358/h54173e10vk.htm", "calculatedOtherExpenses": 2889773000, "calculatedOperatingExpenses": 3164838000, "calculatedNetInterest": 0, "calculatedOtherIncome": -316375000, "calculatedIncomeNonControlling": 0, "calculatedEbitda": 7336778000}, {"date": "2006-12-31", "symbol": "APA", "reportedCurrency": "USD", "cik": "0001841666", "fillingDate": "2007-03-01", "acceptedDate": "2007-03-01 15:27:42", "calendarYear": "2006", "period": "FY", "revenue": 8288779000, "costOfRevenue": 1466696000, "grossProfit": 6822083000, "grossProfitRatio": 0.8230504155, "researchAndDevelopmentExpenses": 0, "generalAndAdministrativeExpenses": 211334000, "sellingAndMarketingExpenses": 0, "sellingGeneralAndAdministrativeExpenses": 211334000, "otherExpenses": 2370337000, "operatingExpenses": 2581671000, "costAndExpenses": 4048367000, "interestIncome": 16315000, "interestExpense": 158201000, "depreciationAndAmortization": 1816359000, "ebitda": 6020107000, "ebitdaratio": 0.7262959961, "operatingIncome": 4325026000, "operatingIncomeRatio": 0.5217928962, "totalOtherIncomeExpensesNet": 36664000, "incomeBeforeTax": 4009595000, "incomeBeforeTaxRatio": 0.4837377134, "incomeTaxExpense": 1457144000, "netIncome": 2552451000, "netIncomeRatio": 0.3079405302, "eps": 7.72, "epsdiluted": 7.64, "weightedAverageShsOut": 329892617, "weightedAverageShsOutDil": 333346990, "link": "https://www.sec.gov/Archives/edgar/data/6769/000095012907001091/h43727e10vk.htm", "finalLink": "https://www.sec.gov/Archives/edgar/data/6769/000095012907001091/h43727e10vk.htm", "calculatedOtherExpenses": 2285723000, "calculatedOperatingExpenses": 2497057000, "calculatedNetInterest": -141886000, "calculatedOtherIncome": -173545000, "calculatedIncomeNonControlling": 0, "calculatedEbitda": 6141385000}, {"date": "2005-12-31", "symbol": "APA", "reportedCurrency": "USD", "cik": "0001841666", "fillingDate": "2005-12-31", "acceptedDate": "2005-12-30 19:00:00", "calendarYear": "2005", "period": "FY", "revenue": 7584244000, "costOfRevenue": 1140735000, "grossProfit": 6443509000, "grossProfitRatio": 0.8495914688, "researchAndDevelopmentExpenses": 0, "generalAndAdministrativeExpenses": 198272000, "sellingAndMarketingExpenses": 0, "sellingGeneralAndAdministrativeExpenses": 198272000, "otherExpenses": 1868940000, "operatingExpenses": 2067212000, "costAndExpenses": 3207947000, "interestIncome": 5856000, "interestExpense": 122179000, "depreciationAndAmortization": 1419430000, "ebitda": 5849447000, "ebitdaratio": 0.771263029, "operatingIncome": 4376297000, "operatingIncomeRatio": 0.5770248162, "totalOtherIncomeExpensesNet": -53720000, "incomeBeforeTax": 4206254000, "incomeBeforeTaxRatio": 0.5546042559, "incomeTaxExpense": 1582524000, "netIncome": 2623730000, "netIncomeRatio": 0.3459448298, "eps": 7.96, "epsdiluted": 7.84, "weightedAverageShsOut": 328900754, "weightedAverageShsOutDil": 333934949, "link": "", "finalLink": "", "calculatedOtherExpenses": 1868940000, "calculatedOperatingExpenses": 2067212000, "calculatedNetInterest": -116323000, "calculatedOtherIncome": -53720000, "calculatedIncomeNonControlling": 0, "calculatedEbitda": 5795727000}, {"date": "2004-12-31", "symbol": "APA", "reportedCurrency": "USD", "cik": "0001841666", "fillingDate": "2004-12-31", "acceptedDate": "2004-12-30 19:00:00", "calendarYear": "2004", "period": "FY", "revenue": 5332577000, "costOfRevenue": 946639000, "grossProfit": 4385938000, "grossProfitRatio": 0.8224800129, "researchAndDevelopmentExpenses": 0, "generalAndAdministrativeExpenses": 173194000, "sellingAndMarketingExpenses": 0, "sellingGeneralAndAdministrativeExpenses": 173194000, "otherExpenses": 1318371000, "operatingExpenses": 1491565000, "costAndExpenses": 2438204000, "interestIncome": 0, "interestExpense": 0, "depreciationAndAmortization": 1224623000, "ebitda": 4328988000, "ebitdaratio": 0.8118003734, "operatingIncome": 2894373000, "operatingIncomeRatio": 0.5427719093, "totalOtherIncomeExpensesNet": -209992000, "incomeBeforeTax": 2663083000, "incomeBeforeTaxRatio": 0.4993988835, "incomeTaxExpense": 993012000, "netIncome": 1668754000, "netIncomeRatio": 0.3129357532, "eps": 5.1, "epsdiluted": 5.03, "weightedAverageShsOut": 326092941, "weightedAverageShsOutDil": 330631014, "link": "", "finalLink": "", "calculatedOtherExpenses": 1318371000, "calculatedOperatingExpenses": 1491565000, "calculatedNetInterest": 0, "calculatedOtherIncome": -231290000, "calculatedIncomeNonControlling": 1317000, "calculatedEbitda": 4118996000}, {"date": "2003-12-31", "symbol": "APA", "reportedCurrency": "USD", "cik": "0001841666", "fillingDate": "2003-12-31", "acceptedDate": "2003-12-30 19:00:00", "calendarYear": "2003", "period": "FY", "revenue": 4190299000, "costOfRevenue": 760123000, "grossProfit": 3430176000, "grossProfitRatio": 0.818599341, "researchAndDevelopmentExpenses": 0, "generalAndAdministrativeExpenses": 138524000, "sellingAndMarketingExpenses": 0, "sellingGeneralAndAdministrativeExpenses": 138524000, "otherExpenses": 1197242000, "operatingExpenses": 1335766000, "costAndExpenses": 2095889000, "interestIncome": 3290000, "interestExpense": 116199000, "depreciationAndAmortization": 1075449000, "ebitda": 3271011000, "ebitdaratio": 0.7806151781, "operatingIncome": 2043834000, "operatingIncomeRatio": 0.4877537379, "totalOtherIncomeExpensesNet": -101152000, "incomeBeforeTax": 1922257000, "incomeBeforeTaxRatio": 0.4587398179, "incomeTaxExpense": 827004000, "netIncome": 1121885000, "netIncomeRatio": 0.2677338777, "eps": 3.46, "epsdiluted": 3.43, "weightedAverageShsOut": 322602601, "weightedAverageShsOutDil": 325424198, "link": "", "finalLink": "", "calculatedOtherExpenses": 1247818000, "calculatedOperatingExpenses": 1386342000, "calculatedNetInterest": -112909000, "calculatedOtherIncome": -8668000, "calculatedIncomeNonControlling": -26632000, "calculatedEbitda": 3119283000}, {"date": "2002-12-31", "symbol": "APA", "reportedCurrency": "USD", "cik": "0001841666", "fillingDate": "2002-12-31", "acceptedDate": "2002-12-30 19:00:00", "calendarYear": "2002", "period": "FY", "revenue": 2559748000, "costOfRevenue": 500691000, "grossProfit": 2059057000, "grossProfitRatio": 0.8043983236, "researchAndDevelopmentExpenses": 0, "generalAndAdministrativeExpenses": 104588000, "sellingAndMarketingExpenses": 0, "sellingGeneralAndAdministrativeExpenses": 104588000, "otherExpenses": 908826000, "operatingExpenses": 1013414000, "costAndExpenses": 1514105000, "interestIncome": 0, "interestExpense": 0, "depreciationAndAmortization": 822045000, "ebitda": 1930456000, "ebitdaratio": 0.7541586125, "operatingIncome": 1045643000, "operatingIncomeRatio": 0.4084945081, "totalOtherIncomeExpensesNet": -39075000, "incomeBeforeTax": 898970000, "incomeBeforeTaxRatio": 0.351194727, "incomeTaxExpense": 344641000, "netIncome": 554329000, "netIncomeRatio": 0.2165560829, "eps": 1.83, "epsdiluted": 1.8, "weightedAverageShsOut": 297002186, "weightedAverageShsOutDil": 301952222, "link": "", "finalLink": "", "calculatedOtherExpenses": 908826000, "calculatedOperatingExpenses": 1013414000, "calculatedNetInterest": 0, "calculatedOtherIncome": -146673000, "calculatedIncomeNonControlling": 0, "calculatedEbitda": 1867688000}, {"date": "2001-12-31", "symbol": "APA", "reportedCurrency": "USD", "cik": "0001841666", "fillingDate": "2002-03-22", "acceptedDate": "2002-03-22 00:00:00", "calendarYear": "2001", "period": "FY", "revenue": 22777126000, "costOfRevenue": 407133000, "grossProfit": 22369993000, "grossProfitRatio": 0.9821253568, "researchAndDevelopmentExpenses": 0, "generalAndAdministrativeExpenses": 88710000, "sellingAndMarketingExpenses": 0, "sellingGeneralAndAdministrativeExpenses": 88710000, "otherExpenses": 893118000, "operatingExpenses": 981828000, "costAndExpenses": 1388961000, "interestIncome": 0, "interestExpense": 0, "depreciationAndAmortization": 753263000, "ebitda": 22341456000, "ebitdaratio": 0.9808724771, "operatingIncome": 21388165000, "operatingIncomeRatio": 0.9390194795, "totalOtherIncomeExpensesNet": -130000000, "incomeBeforeTax": 1199254000, "incomeBeforeTaxRatio": 0.0526516822, "incomeTaxExpense": 475855000, "netIncome": 723399000, "netIncomeRatio": 0.0317598893, "eps": 2.33, "epsdiluted": 2.25, "weightedAverageShsOut": 302244540, "weightedAverageShsOutDil": 312468457, "link": "https://www.sec.gov/Archives/edgar/data/6769/000095013402002442/0000950134-02-002442-index.html", "finalLink": "https://www.sec.gov/Archives/edgar/data/6769/000095013402002442/h95124e10-k.txt", "calculatedOtherExpenses": 893118000, "calculatedOperatingExpenses": 981828000, "calculatedNetInterest": 0, "calculatedOtherIncome": -20188911000, "calculatedIncomeNonControlling": 0, "calculatedEbitda": 22141428000}, {"date": "2000-12-31", "symbol": "APA", "reportedCurrency": "USD", "cik": "0001841666", "fillingDate": "2001-03-23", "acceptedDate": "2001-03-23 00:00:00", "calendarYear": "2000", "period": "FY", "revenue": 2283904000, "costOfRevenue": 255251000, "grossProfit": 2028653000, "grossProfitRatio": 0.8882391729, "researchAndDevelopmentExpenses": 0, "generalAndAdministrativeExpenses": 75615000, "sellingAndMarketingExpenses": 0, "sellingGeneralAndAdministrativeExpenses": 75615000, "otherExpenses": 642719000, "operatingExpenses": 718334000, "costAndExpenses": 973585000, "interestIncome": 2209000, "interestExpense": 168121000, "depreciationAndAmortization": 583546000, "ebitda": 1849669000, "ebitdaratio": 0.8098716058, "operatingIncome": 1302780000, "operatingIncomeRatio": 0.5704180211, "totalOtherIncomeExpensesNet": 44196000, "incomeBeforeTax": 1196142000, "incomeBeforeTaxRatio": 0.5237269167, "incomeTaxExpense": 483086000, "netIncome": 713056000, "netIncomeRatio": 0.3122092697, "eps": 2.54, "epsdiluted": 2.46, "weightedAverageShsOut": 272861417, "weightedAverageShsOutDil": 281734959, "link": "https://www.sec.gov/Archives/edgar/data/6769/000095012901001592/0000950129-01-001592-index.html", "finalLink": "https://www.sec.gov/Archives/edgar/data/6769/000095012901001592/h84997e10-k.txt", "calculatedOtherExpenses": 650258000, "calculatedOperatingExpenses": 725873000, "calculatedNetInterest": -165912000, "calculatedOtherIncome": 59274000, "calculatedIncomeNonControlling": 0, "calculatedEbitda": 1886326000}, {"date": "1999-12-31", "symbol": "APA", "reportedCurrency": "USD", "cik": "0001841666", "fillingDate": "1999-12-31", "acceptedDate": "1999-12-30 19:00:00", "calendarYear": "1999", "period": "FY", "revenue": 1300400000, "costOfRevenue": 377000000, "grossProfit": 923400000, "grossProfitRatio": 0.7100892033, "researchAndDevelopmentExpenses": 0, "generalAndAdministrativeExpenses": 53900000, "sellingAndMarketingExpenses": 0, "sellingGeneralAndAdministrativeExpenses": 53900000, "otherExpenses": 447700000, "operatingExpenses": 501600000, "costAndExpenses": 878600000, "interestIncome": 0, "interestExpense": 0, "depreciationAndAmortization": 447700000, "ebitda": 869300000, "ebitdaratio": 0.6684866195, "operatingIncome": 421800000, "operatingIncomeRatio": 0.3243617349, "totalOtherIncomeExpensesNet": 200000, "incomeBeforeTax": 344600000, "incomeBeforeTaxRatio": 0.264995386, "incomeTaxExpense": 143700000, "netIncome": 200900000, "netIncomeRatio": 0.1544909259, "eps": 0.75, "epsdiluted": 0.74, "weightedAverageShsOut": 248965925, "weightedAverageShsOutDil": 250413401, "link": "", "finalLink": "", "calculatedOtherExpenses": 447700000, "calculatedOperatingExpenses": 501600000, "calculatedNetInterest": 0, "calculatedOtherIncome": -77200000, "calculatedIncomeNonControlling": 0, "calculatedEbitda": 869500000}, {"date": "1998-12-31", "symbol": "APA", "reportedCurrency": "USD", "cik": "0001841666", "fillingDate": "1998-12-31", "acceptedDate": "1998-12-30 19:00:00", "calendarYear": "1998", "period": "FY", "revenue": 876400000, "costOfRevenue": 326000000, "grossProfit": 550400000, "grossProfitRatio": 0.6280237335, "researchAndDevelopmentExpenses": 0, "generalAndAdministrativeExpenses": 40700000, "sellingAndMarketingExpenses": 0, "sellingGeneralAndAdministrativeExpenses": 40700000, "otherExpenses": 630500000, "operatingExpenses": 671200000, "costAndExpenses": 997200000, "interestIncome": 0, "interestExpense": 0, "depreciationAndAmortization": 630500000, "ebitda": 506000000, "ebitdaratio": 0.5773619352, "operatingIncome": -120800000, "operatingIncomeRatio": -0.1378366043, "totalOtherIncomeExpensesNet": 3700000, "incomeBeforeTax": -187600000, "incomeBeforeTaxRatio": -0.214057508, "incomeTaxExpense": -58200000, "netIncome": -129400000, "netIncomeRatio": -0.1476494751, "eps": -0.57, "epsdiluted": -0.57, "weightedAverageShsOut": 226608623, "weightedAverageShsOutDil": 226608623, "link": "", "finalLink": "", "calculatedOtherExpenses": 630500000, "calculatedOperatingExpenses": 671200000, "calculatedNetInterest": 0, "calculatedOtherIncome": -66800000, "calculatedIncomeNonControlling": 0, "calculatedEbitda": 509700000}, {"date": "1997-12-31", "symbol": "APA", "reportedCurrency": "USD", "cik": "0001841666", "fillingDate": "1997-12-31", "acceptedDate": "1997-12-30 19:00:00", "calendarYear": "1997", "period": "FY", "revenue": 1180700000, "costOfRevenue": 425600000, "grossProfit": 755100000, "grossProfitRatio": 0.6395358686, "researchAndDevelopmentExpenses": 0, "generalAndAdministrativeExpenses": 38200000, "sellingAndMarketingExpenses": 0, "sellingGeneralAndAdministrativeExpenses": 38200000, "otherExpenses": 387900000, "operatingExpenses": 426100000, "costAndExpenses": 851700000, "interestIncome": 0, "interestExpense": 0, "depreciationAndAmortization": 387900000, "ebitda": 718600000, "ebitdaratio": 0.6086220039, "operatingIncome": 329000000, "operatingIncomeRatio": 0.2786482595, "totalOtherIncomeExpensesNet": -1700000, "incomeBeforeTax": 258600000, "incomeBeforeTaxRatio": 0.2190226137, "incomeTaxExpense": 103700000, "netIncome": 154900000, "netIncomeRatio": 0.1311933599, "eps": 0.74, "epsdiluted": 0.71, "weightedAverageShsOut": 209250877, "weightedAverageShsOutDil": 216860000, "link": "", "finalLink": "", "calculatedOtherExpenses": 387900000, "calculatedOperatingExpenses": 426100000, "calculatedNetInterest": 0, "calculatedOtherIncome": -70400000, "calculatedIncomeNonControlling": 0, "calculatedEbitda": 716900000}, {"date": "1996-12-31", "symbol": "APA", "reportedCurrency": "USD", "cik": "0001841666", "fillingDate": "1997-03-28", "acceptedDate": "1997-03-27 17:59:40", "calendarYear": "1996", "period": "FY", "revenue": 976100000, "costOfRevenue": 364300000, "grossProfit": 611800000, "grossProfitRatio": 0.626780043, "researchAndDevelopmentExpenses": 0, "generalAndAdministrativeExpenses": 35900000, "sellingAndMarketingExpenses": 0, "sellingGeneralAndAdministrativeExpenses": 35900000, "otherExpenses": 320200000, "operatingExpenses": 356100000, "costAndExpenses": 720400000, "interestIncome": 0, "interestExpense": 0, "depreciationAndAmortization": 320200000, "ebitda": 572200000, "ebitdaratio": 0.5862104293, "operatingIncome": 255700000, "operatingIncomeRatio": 0.2619608647, "totalOtherIncomeExpensesNet": 3700000, "incomeBeforeTax": 200200000, "incomeBeforeTaxRatio": 0.2051019363, "incomeTaxExpense": 78800000, "netIncome": 121400000, "netIncomeRatio": 0.1243725028, "eps": 0.61, "epsdiluted": 0.6, "weightedAverageShsOut": 197587608, "weightedAverageShsOutDil": 203314665, "link": "https://www.sec.gov/Archives/edgar/data/6769/000095012997001291/0000950129-97-001291-index.html", "finalLink": "https://www.sec.gov/Archives/edgar/data/6769/000095012997001291/0000950129-97-001291.txt", "calculatedOtherExpenses": 320200000, "calculatedOperatingExpenses": 356100000, "calculatedNetInterest": 0, "calculatedOtherIncome": -55500000, "calculatedIncomeNonControlling": 0, "calculatedEbitda": 575900000}, {"date": "1995-12-31", "symbol": "APA", "reportedCurrency": "USD", "cik": "0001841666", "fillingDate": "1996-03-27", "acceptedDate": "1996-03-27 00:00:00", "calendarYear": "1995", "period": "FY", "revenue": 750400000, "costOfRevenue": 303000000, "grossProfit": 447400000, "grossProfitRatio": 0.5962153518, "researchAndDevelopmentExpenses": 0, "generalAndAdministrativeExpenses": 36600000, "sellingAndMarketingExpenses": 0, "sellingGeneralAndAdministrativeExpenses": 36600000, "otherExpenses": 302200000, "operatingExpenses": 338800000, "costAndExpenses": 641800000, "interestIncome": 0, "interestExpense": 0, "depreciationAndAmortization": 302200000, "ebitda": 427300000, "ebitdaratio": 0.5694296375, "operatingIncome": 108600000, "operatingIncomeRatio": 0.1447228145, "totalOtherIncomeExpensesNet": -16500000, "incomeBeforeTax": 33100000, "incomeBeforeTaxRatio": 0.0441098081, "incomeTaxExpense": 12900000, "netIncome": 20200000, "netIncomeRatio": 0.0269189765, "eps": 0.12, "epsdiluted": 0.12, "weightedAverageShsOut": 165839520, "weightedAverageShsOutDil": 174984670, "link": "https://www.sec.gov/Archives/edgar/data/6769/000095012996000468/0000950129-96-000468-index.html", "finalLink": "https://www.sec.gov/Archives/edgar/data/6769/0000950129-96-000468.txt", "calculatedOtherExpenses": 302200000, "calculatedOperatingExpenses": 338800000, "calculatedNetInterest": 0, "calculatedOtherIncome": -75500000, "calculatedIncomeNonControlling": 0, "calculatedEbitda": 410800000}, {"date": "1994-12-31", "symbol": "APA", "reportedCurrency": "USD", "cik": "0001841666", "fillingDate": "1995-03-07", "acceptedDate": "1995-03-07 00:00:00", "calendarYear": "1994", "period": "FY", "revenue": 537800000, "costOfRevenue": 183000000, "grossProfit": 354800000, "grossProfitRatio": 0.6597248048, "researchAndDevelopmentExpenses": 0, "generalAndAdministrativeExpenses": 34900000, "sellingAndMarketingExpenses": 0, "sellingGeneralAndAdministrativeExpenses": 34900000, "otherExpenses": 236500000, "operatingExpenses": 271400000, "costAndExpenses": 454400000, "interestIncome": 0, "interestExpense": 0, "depreciationAndAmortization": 236500000, "ebitda": 311700000, "ebitdaratio": 0.5795834883, "operatingIncome": 83400000, "operatingIncomeRatio": 0.1550762365, "totalOtherIncomeExpensesNet": 8200000, "incomeBeforeTax": 64400000, "incomeBeforeTaxRatio": 0.1197471179, "incomeTaxExpense": 21600000, "netIncome": 42800000, "netIncomeRatio": 0.0795834883, "eps": 0.3, "epsdiluted": 0.3, "weightedAverageShsOut": 141642270, "weightedAverageShsOutDil": 156702400, "link": "https://www.sec.gov/Archives/edgar/data/6769/000095012995000141/0000950129-95-000141-index.html", "finalLink": "https://www.sec.gov/Archives/edgar/data/6769/0000950129-95-000141.txt", "calculatedOtherExpenses": 236500000, "calculatedOperatingExpenses": 271400000, "calculatedNetInterest": 0, "calculatedOtherIncome": -19000000, "calculatedIncomeNonControlling": 0, "calculatedEbitda": 319900000}, {"date": "1993-12-31", "symbol": "APA", "reportedCurrency": "USD", "cik": "0001841666", "fillingDate": "1993-12-31", "acceptedDate": "1993-12-30 19:00:00", "calendarYear": "1993", "period": "FY", "revenue": 463200000, "costOfRevenue": 172300000, "grossProfit": 290900000, "grossProfitRatio": 0.6280224525, "researchAndDevelopmentExpenses": 0, "generalAndAdministrativeExpenses": 33200000, "sellingAndMarketingExpenses": 0, "sellingGeneralAndAdministrativeExpenses": 33200000, "otherExpenses": 180200000, "operatingExpenses": 213400000, "costAndExpenses": 385700000, "interestIncome": 0, "interestExpense": 0, "depreciationAndAmortization": 180200000, "ebitda": 253900000, "ebitdaratio": 0.5481433506, "operatingIncome": 77500000, "operatingIncomeRatio": 0.1673143351, "totalOtherIncomeExpensesNet": 3800000, "incomeBeforeTax": 57900000, "incomeBeforeTaxRatio": 0.125, "incomeTaxExpense": 20600000, "netIncome": 37300000, "netIncomeRatio": 0.0805267703, "eps": 0.26, "epsdiluted": 0.26, "weightedAverageShsOut": 141546845, "weightedAverageShsOutDil": 141546845, "link": "", "finalLink": "", "calculatedOtherExpenses": 180200000, "calculatedOperatingExpenses": 213400000, "calculatedNetInterest": 0, "calculatedOtherIncome": -19600000, "calculatedIncomeNonControlling": 0, "calculatedEbitda": 257700000}, {"date": "1992-12-31", "symbol": "APA", "reportedCurrency": "USD", "cik": "0001841666", "fillingDate": "1992-12-31", "acceptedDate": "1992-12-30 19:00:00", "calendarYear": "1992", "period": "FY", "revenue": 423100000, "costOfRevenue": 146800000, "grossProfit": 276300000, "grossProfitRatio": 0.6530371071, "researchAndDevelopmentExpenses": 0, "generalAndAdministrativeExpenses": 35000000, "sellingAndMarketingExpenses": 0, "sellingGeneralAndAdministrativeExpenses": 35000000, "otherExpenses": 173400000, "operatingExpenses": 208400000, "costAndExpenses": 355200000, "interestIncome": 0, "interestExpense": 0, "depreciationAndAmortization": 173400000, "ebitda": 209500000, "ebitdaratio": 0.4951548097, "operatingIncome": 67900000, "operatingIncomeRatio": 0.1604821555, "totalOtherIncomeExpensesNet": 31800000, "incomeBeforeTax": 70500000, "incomeBeforeTaxRatio": 0.1666272749, "incomeTaxExpense": 22700000, "netIncome": 47800000, "netIncomeRatio": 0.1129756559, "eps": 0.4, "epsdiluted": 0.4, "weightedAverageShsOut": 119149700, "weightedAverageShsOutDil": 119149700, "link": "", "finalLink": "", "calculatedOtherExpenses": 173400000, "calculatedOperatingExpenses": 208400000, "calculatedNetInterest": 0, "calculatedOtherIncome": 2600000, "calculatedIncomeNonControlling": 0, "calculatedEbitda": 241300000}, {"date": "1991-12-31", "symbol": "APA", "reportedCurrency": "USD", "cik": "0001841666", "fillingDate": "1991-12-31", "acceptedDate": "1991-12-30 19:00:00", "calendarYear": "1991", "period": "FY", "revenue": 356900000, "costOfRevenue": 110400000, "grossProfit": 246500000, "grossProfitRatio": 0.6906696554, "researchAndDevelopmentExpenses": 0, "generalAndAdministrativeExpenses": 43200000, "sellingAndMarketingExpenses": 0, "sellingGeneralAndAdministrativeExpenses": 43200000, "otherExpenses": 135800000, "operatingExpenses": 179000000, "costAndExpenses": 289400000, "interestIncome": 0, "interestExpense": 0, "depreciationAndAmortization": 135800000, "ebitda": 195900000, "ebitdaratio": 0.5488932474, "operatingIncome": 67500000, "operatingIncomeRatio": 0.1891286075, "totalOtherIncomeExpensesNet": 7400000, "incomeBeforeTax": 44100000, "incomeBeforeTaxRatio": 0.1235640235, "incomeTaxExpense": 9500000, "netIncome": 34600000, "netIncomeRatio": 0.0969459232, "eps": 0.3, "epsdiluted": 0.3, "weightedAverageShsOut": 115751582, "weightedAverageShsOutDil": 115751582, "link": "", "finalLink": "", "calculatedOtherExpenses": 135800000, "calculatedOperatingExpenses": 179000000, "calculatedNetInterest": 0, "calculatedOtherIncome": -23400000, "calculatedIncomeNonControlling": 0, "calculatedEbitda": 203300000}, {"date": "1990-12-31", "symbol": "APA", "reportedCurrency": "USD", "cik": "0001841666", "fillingDate": "1990-12-31", "acceptedDate": "1990-12-30 19:00:00", "calendarYear": "1990", "period": "FY", "revenue": 273400000, "costOfRevenue": 77600000, "grossProfit": 195800000, "grossProfitRatio": 0.7161667886, "researchAndDevelopmentExpenses": 0, "generalAndAdministrativeExpenses": 21500000, "sellingAndMarketingExpenses": 0, "sellingGeneralAndAdministrativeExpenses": 21500000, "otherExpenses": 116800000, "operatingExpenses": 138300000, "costAndExpenses": 215900000, "interestIncome": 0, "interestExpense": 0, "depreciationAndAmortization": 116800000, "ebitda": 174300000, "ebitdaratio": 0.6375274323, "operatingIncome": 57500000, "operatingIncomeRatio": 0.2103145574, "totalOtherIncomeExpensesNet": 0, "incomeBeforeTax": 57500000, "incomeBeforeTaxRatio": 0.2103145574, "incomeTaxExpense": 17200000, "netIncome": 40300000, "netIncomeRatio": 0.1474030724, "eps": 0.35, "epsdiluted": 0.35, "weightedAverageShsOut": 113848883, "weightedAverageShsOutDil": 113848883, "link": "", "finalLink": "", "calculatedOtherExpenses": 116800000, "calculatedOperatingExpenses": 138300000, "calculatedNetInterest": 0, "calculatedOtherIncome": 0, "calculatedIncomeNonControlling": 0, "calculatedEbitda": 174300000}, {"date": "1989-12-31", "symbol": "APA", "reportedCurrency": "USD", "cik": "0001841666", "fillingDate": "1989-12-31", "acceptedDate": "1989-12-30 19:00:00", "calendarYear": "1989", "period": "FY", "revenue": 246900000, "costOfRevenue": 95200000, "grossProfit": 151700000, "grossProfitRatio": 0.614418793, "researchAndDevelopmentExpenses": 0, "generalAndAdministrativeExpenses": 23400000, "sellingAndMarketingExpenses": 0, "sellingGeneralAndAdministrativeExpenses": 23400000, "otherExpenses": 96300000, "operatingExpenses": 119700000, "costAndExpenses": 214900000, "interestIncome": 0, "interestExpense": 0, "depreciationAndAmortization": 96300000, "ebitda": 128300000, "ebitdaratio": 0.5196435804, "operatingIncome": 32000000, "operatingIncomeRatio": 0.1296071284, "totalOtherIncomeExpensesNet": -100000, "incomeBeforeTax": 31900000, "incomeBeforeTaxRatio": 0.1292021061, "incomeTaxExpense": 9800000, "netIncome": 22100000, "netIncomeRatio": 0.089509923, "eps": 0.25, "epsdiluted": 0.25, "weightedAverageShsOut": 87796661, "weightedAverageShsOutDil": 87796661, "link": "", "finalLink": "", "calculatedOtherExpenses": 96300000, "calculatedOperatingExpenses": 119700000, "calculatedNetInterest": 0, "calculatedOtherIncome": -100000, "calculatedIncomeNonControlling": 0, "calculatedEbitda": 128300000}, {"date": "1988-12-31", "symbol": "APA", "reportedCurrency": "USD", "cik": "0001841666", "fillingDate": "1988-12-31", "acceptedDate": "1988-12-30 19:00:00", "calendarYear": "1988", "period": "FY", "revenue": 141500000, "costOfRevenue": 42000000, "grossProfit": 99500000, "grossProfitRatio": 0.703180212, "researchAndDevelopmentExpenses": 0, "generalAndAdministrativeExpenses": 16700000, "sellingAndMarketingExpenses": 0, "sellingGeneralAndAdministrativeExpenses": 16700000, "otherExpenses": 61400000, "operatingExpenses": 78100000, "costAndExpenses": 120100000, "interestIncome": 0, "interestExpense": 0, "depreciationAndAmortization": 61400000, "ebitda": 80400000, "ebitdaratio": 0.5681978799, "operatingIncome": 21400000, "operatingIncomeRatio": 0.1512367491, "totalOtherIncomeExpensesNet": 2400000, "incomeBeforeTax": 7000000, "incomeBeforeTaxRatio": 0.0494699647, "incomeTaxExpense": 1600000, "netIncome": 8000000, "netIncomeRatio": 0.0565371025, "eps": 0.13, "epsdiluted": 0.13, "weightedAverageShsOut": 59824266, "weightedAverageShsOutDil": 59824266, "link": "", "finalLink": "", "calculatedOtherExpenses": 61400000, "calculatedOperatingExpenses": 78100000, "calculatedNetInterest": 0, "calculatedOtherIncome": -14400000, "calculatedIncomeNonControlling": -2600000, "calculatedEbitda": 82800000}, {"date": "1987-12-31", "symbol": "APA", "reportedCurrency": "USD", "cik": "0001841666", "fillingDate": "1987-12-31", "acceptedDate": "1987-12-30 19:00:00", "calendarYear": "1987", "period": "FY", "revenue": 100500000, "costOfRevenue": 25500000, "grossProfit": 75000000, "grossProfitRatio": 0.7462686567, "researchAndDevelopmentExpenses": 0, "generalAndAdministrativeExpenses": 18900000, "sellingAndMarketingExpenses": 0, "sellingGeneralAndAdministrativeExpenses": 18900000, "otherExpenses": 184600000, "operatingExpenses": 203500000, "costAndExpenses": 229000000, "interestIncome": 0, "interestExpense": 0, "depreciationAndAmortization": 184600000, "ebitda": 54500000, "ebitdaratio": 0.5422885572, "operatingIncome": -128500000, "operatingIncomeRatio": -1.2786069652, "totalOtherIncomeExpensesNet": 1600000, "incomeBeforeTax": -143600000, "incomeBeforeTaxRatio": -1.4288557214, "incomeTaxExpense": -62100000, "netIncome": -80900000, "netIncomeRatio": -0.8049751244, "eps": -1.57, "epsdiluted": -1.57, "weightedAverageShsOut": 51680973, "weightedAverageShsOutDil": 51680973, "link": "", "finalLink": "", "calculatedOtherExpenses": 184600000, "calculatedOperatingExpenses": 203500000, "calculatedNetInterest": 0, "calculatedOtherIncome": -15100000, "calculatedIncomeNonControlling": -600000, "calculatedEbitda": 56100000}, {"date": "1986-12-31", "symbol": "APA", "reportedCurrency": "USD", "cik": "0001841666", "fillingDate": "1986-12-31", "acceptedDate": "1986-12-30 19:00:00", "calendarYear": "1986", "period": "FY", "revenue": 171700000, "costOfRevenue": 73100000, "grossProfit": 98600000, "grossProfitRatio": 0.5742574257, "researchAndDevelopmentExpenses": 0, "generalAndAdministrativeExpenses": 19600000, "sellingAndMarketingExpenses": 0, "sellingGeneralAndAdministrativeExpenses": 19600000, "otherExpenses": 84100000, "operatingExpenses": 103700000, "costAndExpenses": 176800000, "interestIncome": 0, "interestExpense": 0, "depreciationAndAmortization": 84100000, "ebitda": 76400000, "ebitdaratio": 0.4449621433, "operatingIncome": -5100000, "operatingIncomeRatio": -0.0297029703, "totalOtherIncomeExpensesNet": 2600000, "incomeBeforeTax": -21200000, "incomeBeforeTaxRatio": -0.1234711706, "incomeTaxExpense": -11100000, "netIncome": -10900000, "netIncomeRatio": -0.0634828189, "eps": -0.21, "epsdiluted": -0.21, "weightedAverageShsOut": 52289463, "weightedAverageShsOutDil": 52289463, "link": "", "finalLink": "", "calculatedOtherExpenses": 84100000, "calculatedOperatingExpenses": 103700000, "calculatedNetInterest": 0, "calculatedOtherIncome": -16100000, "calculatedIncomeNonControlling": 800000, "calculatedEbitda": 79000000}, {"date": "1985-12-31", "symbol": "APA", "reportedCurrency": "USD", "cik": "0001841666", "fillingDate": "1985-12-31", "acceptedDate": "1985-12-30 19:00:00", "calendarYear": "1985", "period": "FY", "revenue": 128500000, "costOfRevenue": 15000000, "grossProfit": 113500000, "grossProfitRatio": 0.8832684825, "researchAndDevelopmentExpenses": 0, "generalAndAdministrativeExpenses": 33100000, "sellingAndMarketingExpenses": 0, "sellingGeneralAndAdministrativeExpenses": 33100000, "otherExpenses": 65300000, "operatingExpenses": 98400000, "costAndExpenses": 113400000, "interestIncome": 0, "interestExpense": 0, "depreciationAndAmortization": 65300000, "ebitda": 77000000, "ebitdaratio": 0.5992217899, "operatingIncome": 15100000, "operatingIncomeRatio": 0.1175097276, "totalOtherIncomeExpensesNet": 3400000, "incomeBeforeTax": 13500000, "incomeBeforeTaxRatio": 0.1050583658, "incomeTaxExpense": 4100000, "netIncome": 7900000, "netIncomeRatio": 0.0614785992, "eps": 0.15, "epsdiluted": 0.15, "weightedAverageShsOut": 52858013, "weightedAverageShsOutDil": 52858013, "link": "", "finalLink": "", "calculatedOtherExpenses": 65300000, "calculatedOperatingExpenses": 98400000, "calculatedNetInterest": 0, "calculatedOtherIncome": -1600000, "calculatedIncomeNonControlling": 1500000, "calculatedEbitda": 80400000}]}