{"originalCurrency": "USD", "convertedCurrency": "USD", "report": [{"date": "2023-12-31", "symbol": "APAM", "reportedCurrency": "USD", "cik": "0001517302", "fillingDate": "2024-02-22", "acceptedDate": "2024-02-22 17:11:14", "calendarYear": "2023", "period": "FY", "revenue": 1056996000, "costOfRevenue": 529395000, "grossProfit": 527601000, "grossProfitRatio": 0.4991513686, "researchAndDevelopmentExpenses": 0, "generalAndAdministrativeExpenses": 118523000, "sellingAndMarketingExpenses": 23621000, "sellingGeneralAndAdministrativeExpenses": 142144000, "otherExpenses": -661686000, "operatingExpenses": 661686000, "costAndExpenses": 671034000, "interestIncome": 6301000, "interestExpense": 8571000, "depreciationAndAmortization": 9348000, "ebitda": 395310000, "ebitdaratio": 0.3739938467, "operatingIncome": 385962000, "operatingIncomeRatio": 0.3651499154, "totalOtherIncomeExpensesNet": -2270000, "incomeBeforeTax": 383692000, "incomeBeforeTaxRatio": 0.3630023198, "incomeTaxExpense": 71888000, "netIncome": 222289000, "netIncomeRatio": 0.2103025934, "eps": 3.19, "epsdiluted": 3.19, "weightedAverageShsOut": 63451932, "weightedAverageShsOutDil": 63486479, "link": "https://www.sec.gov/Archives/edgar/data/1517302/000151730224000015/0001517302-24-000015-index.htm", "finalLink": "https://www.sec.gov/Archives/edgar/data/1517302/000151730224000015/apam-20231231.htm", "calculatedOtherExpenses": -505000, "calculatedOperatingExpenses": 141639000, "calculatedNetInterest": -2270000, "calculatedOtherIncome": 0, "calculatedIncomeNonControlling": 89515000, "calculatedEbitda": 395310000}, {"date": "2022-12-31", "symbol": "APAM", "reportedCurrency": "USD", "cik": "0001517302", "fillingDate": "2023-02-27", "acceptedDate": "2023-02-27 16:44:57", "calendarYear": "2022", "period": "FY", "revenue": 993300000, "costOfRevenue": 510400000, "grossProfit": 482900000, "grossProfitRatio": 0.4861572536, "researchAndDevelopmentExpenses": 0, "generalAndAdministrativeExpenses": 114200000, "sellingAndMarketingExpenses": 24600000, "sellingGeneralAndAdministrativeExpenses": 138800000, "otherExpenses": 1000000, "operatingExpenses": 138800000, "costAndExpenses": 649200000, "interestIncome": 7493000, "interestExpense": 9900000, "depreciationAndAmortization": 1000000, "ebitda": 345100000, "ebitdaratio": 0.347427766, "operatingIncome": 344100000, "operatingIncomeRatio": 0.3464210208, "totalOtherIncomeExpensesNet": -32300000, "incomeBeforeTax": 311800000, "incomeBeforeTaxRatio": 0.3139031511, "incomeTaxExpense": 63400000, "netIncome": 206755000, "netIncomeRatio": 0.2081496023, "eps": 2.94, "epsdiluted": 2.94, "weightedAverageShsOut": 62475960, "weightedAverageShsOutDil": 62498509, "link": "https://www.sec.gov/Archives/edgar/data/1517302/000151730223000016/0001517302-23-000016-index.htm", "finalLink": "https://www.sec.gov/Archives/edgar/data/1517302/000151730223000016/apam-20221231.htm", "calculatedOtherExpenses": 0, "calculatedOperatingExpenses": 138800000, "calculatedNetInterest": -2407000, "calculatedOtherIncome": -29893000, "calculatedIncomeNonControlling": 41645000, "calculatedEbitda": 345100000}, {"date": "2021-12-31", "symbol": "APAM", "reportedCurrency": "USD", "cik": "0001517302", "fillingDate": "2022-02-22", "acceptedDate": "2022-02-22 17:19:20", "calendarYear": "2021", "period": "FY", "revenue": 1227200000, "costOfRevenue": 563000000, "grossProfit": 664200000, "grossProfitRatio": 0.541232073, "researchAndDevelopmentExpenses": 0, "generalAndAdministrativeExpenses": 92000000, "sellingAndMarketingExpenses": 31700000, "sellingGeneralAndAdministrativeExpenses": 123700000, "otherExpenses": 400000, "operatingExpenses": 123700000, "costAndExpenses": 686700000, "interestIncome": 11129000000, "interestExpense": 10800000, "depreciationAndAmortization": 400000, "ebitda": 540900000, "ebitdaratio": 0.4407594524, "operatingIncome": 540500000, "operatingIncomeRatio": 0.4404335072, "totalOtherIncomeExpensesNet": 11100000, "incomeBeforeTax": 551600000, "incomeBeforeTaxRatio": 0.4494784876, "incomeTaxExpense": 107100000, "netIncome": 336516000, "netIncomeRatio": 0.274214472, "eps": 5.1, "epsdiluted": 5.09, "weightedAverageShsOut": 59866790, "weightedAverageShsOutDil": 59881039, "link": "https://www.sec.gov/Archives/edgar/data/1517302/000151730222000012/0001517302-22-000012-index.htm", "finalLink": "https://www.sec.gov/Archives/edgar/data/1517302/000151730222000012/apam-20211231.htm", "calculatedOtherExpenses": 0, "calculatedOperatingExpenses": 123700000, "calculatedNetInterest": 11118200000, "calculatedOtherIncome": -11107100000, "calculatedIncomeNonControlling": 107984000, "calculatedEbitda": 540900000}, {"date": "2020-12-31", "symbol": "APAM", "reportedCurrency": "USD", "cik": "0001517302", "fillingDate": "2021-02-23", "acceptedDate": "2021-02-23 16:52:48", "calendarYear": "2020", "period": "FY", "revenue": 899600000, "costOfRevenue": 435800000, "grossProfit": 463800000, "grossProfitRatio": 0.5155624722, "researchAndDevelopmentExpenses": 0, "generalAndAdministrativeExpenses": 81200000, "sellingAndMarketingExpenses": 24300000, "sellingGeneralAndAdministrativeExpenses": 105500000, "otherExpenses": -4700000, "operatingExpenses": 105500000, "costAndExpenses": 541300000, "interestIncome": 14807000000, "interestExpense": 10800000, "depreciationAndAmortization": -4700000, "ebitda": 353600000, "ebitdaratio": 0.3930635838, "operatingIncome": 358300000, "operatingIncomeRatio": 0.3982881281, "totalOtherIncomeExpensesNet": 11000000, "incomeBeforeTax": 369300000, "incomeBeforeTaxRatio": 0.4105157848, "incomeTaxExpense": 60800000, "netIncome": 308500000, "netIncomeRatio": 0.3429301912, "eps": 5.55, "epsdiluted": 5.54, "weightedAverageShsOut": 55633529, "weightedAverageShsOutDil": 55637922, "link": "https://www.sec.gov/Archives/edgar/data/1517302/000151730221000019/0001517302-21-000019-index.htm", "finalLink": "https://www.sec.gov/Archives/edgar/data/1517302/000151730221000019/apam-20201231.htm", "calculatedOtherExpenses": 0, "calculatedOperatingExpenses": 105500000, "calculatedNetInterest": 14796200000, "calculatedOtherIncome": -14785200000, "calculatedIncomeNonControlling": 0, "calculatedEbitda": 353600000}, {"date": "2019-12-31", "symbol": "APAM", "reportedCurrency": "USD", "cik": "0001517302", "fillingDate": "2020-02-18", "acceptedDate": "2020-02-18 16:09:24", "calendarYear": "2019", "period": "FY", "revenue": 799000000, "costOfRevenue": 400500000, "grossProfit": 398500000, "grossProfitRatio": 0.4987484355, "researchAndDevelopmentExpenses": 0, "generalAndAdministrativeExpenses": 91800000, "sellingAndMarketingExpenses": 23200000, "sellingGeneralAndAdministrativeExpenses": 115000000, "otherExpenses": -19600000, "operatingExpenses": 115000000, "costAndExpenses": 515500000, "interestIncome": 4866000000, "interestExpense": 11100000, "depreciationAndAmortization": -19600000, "ebitda": 263900000, "ebitdaratio": 0.3302878598, "operatingIncome": 283500000, "operatingIncomeRatio": 0.3548185232, "totalOtherIncomeExpensesNet": -14200000, "incomeBeforeTax": 269300000, "incomeBeforeTaxRatio": 0.3370463079, "incomeTaxExpense": 27800000, "netIncome": 241500000, "netIncomeRatio": 0.302252816, "eps": 4.72, "epsdiluted": 4.72, "weightedAverageShsOut": 51127929, "weightedAverageShsOutDil": 51127929, "link": "https://www.sec.gov/Archives/edgar/data/1517302/000151730220000025/0001517302-20-000025-index.htm", "finalLink": "https://www.sec.gov/Archives/edgar/data/1517302/000151730220000025/apam-20191231.htm", "calculatedOtherExpenses": 0, "calculatedOperatingExpenses": 115000000, "calculatedNetInterest": 4854900000, "calculatedOtherIncome": -4869100000, "calculatedIncomeNonControlling": 0, "calculatedEbitda": 263900000}, {"date": "2018-12-31", "symbol": "APAM", "reportedCurrency": "USD", "cik": "0001517302", "fillingDate": "2019-02-20", "acceptedDate": "2019-02-20 09:02:30", "calendarYear": "2018", "period": "FY", "revenue": 828600000, "costOfRevenue": 413200000, "grossProfit": 415400000, "grossProfitRatio": 0.5013275404, "researchAndDevelopmentExpenses": 0, "generalAndAdministrativeExpenses": 84000000, "sellingAndMarketingExpenses": 26500000, "sellingGeneralAndAdministrativeExpenses": 110500000, "otherExpenses": 300000, "operatingExpenses": 110500000, "costAndExpenses": 523700000, "interestIncome": 4827000000, "interestExpense": 11200000, "depreciationAndAmortization": 5668000, "ebitda": 305200000, "ebitdaratio": 0.3683321265, "operatingIncome": 304900000, "operatingIncomeRatio": 0.36797007, "totalOtherIncomeExpensesNet": 8100000, "incomeBeforeTax": 301800000, "incomeBeforeTaxRatio": 0.3642288197, "incomeTaxExpense": 47600000, "netIncome": 158300000, "netIncomeRatio": 0.1910451364, "eps": 3.24, "epsdiluted": 3.24, "weightedAverageShsOut": 48862435, "weightedAverageShsOutDil": 48862435, "link": "https://www.sec.gov/Archives/edgar/data/1517302/000151730219000012/0001517302-19-000012-index.htm", "finalLink": "https://www.sec.gov/Archives/edgar/data/1517302/000151730219000012/apam-2018x12x3110xk.htm", "calculatedOtherExpenses": 0, "calculatedOperatingExpenses": 110500000, "calculatedNetInterest": 4815800000, "calculatedOtherIncome": -4818900000, "calculatedIncomeNonControlling": 95900000, "calculatedEbitda": 310568000}, {"date": "2017-12-31", "symbol": "APAM", "reportedCurrency": "USD", "cik": "0001517302", "fillingDate": "2018-02-21", "acceptedDate": "2018-02-21 17:19:41", "calendarYear": "2017", "period": "FY", "revenue": 795600000, "costOfRevenue": 402900000, "grossProfit": 392700000, "grossProfitRatio": 0.4935897436, "researchAndDevelopmentExpenses": 0, "generalAndAdministrativeExpenses": 76700000, "sellingAndMarketingExpenses": 29600000, "sellingGeneralAndAdministrativeExpenses": 106300000, "otherExpenses": 290900000, "operatingExpenses": 106300000, "costAndExpenses": 509200000, "interestIncome": 2100000000, "interestExpense": 11400000, "depreciationAndAmortization": 5297000, "ebitda": 577300000, "ebitdaratio": 0.7256158874, "operatingIncome": 286400000, "operatingIncomeRatio": 0.3599798894, "totalOtherIncomeExpensesNet": 296200000, "incomeBeforeTax": 571200000, "incomeBeforeTaxRatio": 0.7179487179, "incomeTaxExpense": 420500000, "netIncome": 49600000, "netIncomeRatio": 0.0623428859, "eps": 0.75, "epsdiluted": 0.75, "weightedAverageShsOut": 50463126, "weightedAverageShsOutDil": 50463126, "link": "https://www.sec.gov/Archives/edgar/data/1517302/000151730218000018/0001517302-18-000018-index.htm", "finalLink": "https://www.sec.gov/Archives/edgar/data/1517302/000151730218000018/apam-2017x12x3110xk.htm", "calculatedOtherExpenses": 0, "calculatedOperatingExpenses": 106300000, "calculatedNetInterest": 2088600000, "calculatedOtherIncome": -1803800000, "calculatedIncomeNonControlling": 101100000, "calculatedEbitda": 291697000}, {"date": "2016-12-31", "symbol": "APAM", "reportedCurrency": "USD", "cik": "0001517302", "fillingDate": "2017-02-21", "acceptedDate": "2017-02-21 16:42:20", "calendarYear": "2016", "period": "FY", "revenue": 720900000, "costOfRevenue": 383900000, "grossProfit": 337000000, "grossProfitRatio": 0.4674712165, "researchAndDevelopmentExpenses": 0, "generalAndAdministrativeExpenses": 70300000, "sellingAndMarketingExpenses": 32500000, "sellingGeneralAndAdministrativeExpenses": 102800000, "otherExpenses": 700000, "operatingExpenses": 102800000, "costAndExpenses": 486700000, "interestIncome": 0, "interestExpense": 11700000, "depreciationAndAmortization": 5272000, "ebitda": 234900000, "ebitdaratio": 0.3258426966, "operatingIncome": 234200000, "operatingIncomeRatio": 0.3248716882, "totalOtherIncomeExpensesNet": 2000000, "incomeBeforeTax": 224500000, "incomeBeforeTaxRatio": 0.3114162852, "incomeTaxExpense": 51500000, "netIncome": 73000000, "netIncomeRatio": 0.101262311, "eps": 1.57, "epsdiluted": 1.57, "weightedAverageShsOut": 46496815, "weightedAverageShsOutDil": 46496815, "link": "https://www.sec.gov/Archives/edgar/data/1517302/000151730217000013/0001517302-17-000013-index.htm", "finalLink": "https://www.sec.gov/Archives/edgar/data/1517302/000151730217000013/apam-2016x12x3110xk.htm", "calculatedOtherExpenses": 0, "calculatedOperatingExpenses": 102800000, "calculatedNetInterest": -11700000, "calculatedOtherIncome": 2000000, "calculatedIncomeNonControlling": 100000000, "calculatedEbitda": 239472000}, {"date": "2015-12-31", "symbol": "APAM", "reportedCurrency": "USD", "cik": "0001517302", "fillingDate": "2016-02-25", "acceptedDate": "2016-02-25 16:07:19", "calendarYear": "2015", "period": "FY", "revenue": 805500000, "costOfRevenue": 414300000, "grossProfit": 391200000, "grossProfitRatio": 0.4856610801, "researchAndDevelopmentExpenses": 0, "generalAndAdministrativeExpenses": 65200000, "sellingAndMarketingExpenses": 43600000, "sellingGeneralAndAdministrativeExpenses": 108800000, "otherExpenses": -12200000, "operatingExpenses": 108800000, "costAndExpenses": 523100000, "interestIncome": 0, "interestExpense": 11700000, "depreciationAndAmortization": 4519000, "ebitda": 270200000, "ebitdaratio": 0.3354438237, "operatingIncome": 282400000, "operatingIncomeRatio": 0.3505896958, "totalOtherIncomeExpensesNet": -11800000, "incomeBeforeTax": 258900000, "incomeBeforeTaxRatio": 0.32141527, "incomeTaxExpense": 46800000, "netIncome": 81800000, "netIncomeRatio": 0.1015518312, "eps": 1.86, "epsdiluted": 1.86, "weightedAverageShsOut": 43978495, "weightedAverageShsOutDil": 43978495, "link": "https://www.sec.gov/Archives/edgar/data/1517302/000151730216000074/0001517302-16-000074-index.htm", "finalLink": "https://www.sec.gov/Archives/edgar/data/1517302/000151730216000074/apam-2015x12x3110xk.htm", "calculatedOtherExpenses": 0, "calculatedOperatingExpenses": 108800000, "calculatedNetInterest": -11700000, "calculatedOtherIncome": -11800000, "calculatedIncomeNonControlling": 130300000, "calculatedEbitda": 286919000}, {"date": "2014-12-31", "symbol": "APAM", "reportedCurrency": "USD", "cik": "0001517302", "fillingDate": "2015-02-25", "acceptedDate": "2015-02-25 16:03:48", "calendarYear": "2014", "period": "FY", "revenue": 828700000, "costOfRevenue": 415000000, "grossProfit": 413700000, "grossProfitRatio": 0.499215639, "researchAndDevelopmentExpenses": 0, "generalAndAdministrativeExpenses": 57700000, "sellingAndMarketingExpenses": 49100000, "sellingGeneralAndAdministrativeExpenses": 106800000, "otherExpenses": -4500000, "operatingExpenses": 106800000, "costAndExpenses": 521800000, "interestIncome": 0, "interestExpense": 11600000, "depreciationAndAmortization": 3250000, "ebitda": 298400000, "ebitdaratio": 0.3600820562, "operatingIncome": 306900000, "operatingIncomeRatio": 0.3703390853, "totalOtherIncomeExpensesNet": -7800000, "incomeBeforeTax": 287500000, "incomeBeforeTaxRatio": 0.3469289248, "incomeTaxExpense": 48800000, "netIncome": 69600000, "netIncomeRatio": 0.0839869675, "eps": -0.37, "epsdiluted": -0.37, "weightedAverageShsOut": 34238131, "weightedAverageShsOutDil": 34238131, "link": "https://www.sec.gov/Archives/edgar/data/1517302/000151730215000010/0001517302-15-000010-index.htm", "finalLink": "https://www.sec.gov/Archives/edgar/data/1517302/000151730215000010/apam-2014x12x3110xk.htm", "calculatedOtherExpenses": 0, "calculatedOperatingExpenses": 106800000, "calculatedNetInterest": -11600000, "calculatedOtherIncome": -7800000, "calculatedIncomeNonControlling": 169100000, "calculatedEbitda": 310150000}, {"date": "2013-12-31", "symbol": "APAM", "reportedCurrency": "USD", "cik": "0001517302", "fillingDate": "2014-02-26", "acceptedDate": "2014-02-26 15:12:21", "calendarYear": "2013", "period": "FY", "revenue": 685800000, "costOfRevenue": 856400000, "grossProfit": -170600000, "grossProfitRatio": -0.2487605716, "researchAndDevelopmentExpenses": 0, "generalAndAdministrativeExpenses": 52200000, "sellingAndMarketingExpenses": 38400000, "sellingGeneralAndAdministrativeExpenses": 90600000, "otherExpenses": 881300000, "operatingExpenses": 90600000, "costAndExpenses": 947000000, "interestIncome": 0, "interestExpense": 11900000, "depreciationAndAmortization": 3225000, "ebitda": -250500000, "ebitdaratio": -0.3652668416, "operatingIncome": -261200000, "operatingIncomeRatio": -0.380869058, "totalOtherIncomeExpensesNet": 65400000, "incomeBeforeTax": -207700000, "incomeBeforeTaxRatio": -0.3028579761, "incomeTaxExpense": 26400000, "netIncome": 24800000, "netIncomeRatio": 0.0361621464, "eps": -0.63, "epsdiluted": -0.63, "weightedAverageShsOut": 19807436, "weightedAverageShsOutDil": 19807436, "link": "https://www.sec.gov/Archives/edgar/data/1517302/000151730214000009/0001517302-14-000009-index.htm", "finalLink": "https://www.sec.gov/Archives/edgar/data/1517302/000151730214000009/apam-2013x12x31x10k.htm", "calculatedOtherExpenses": 0, "calculatedOperatingExpenses": 90600000, "calculatedNetInterest": -11900000, "calculatedOtherIncome": 65400000, "calculatedIncomeNonControlling": -258900000, "calculatedEbitda": -257975000}, {"date": "2012-12-31", "symbol": "APAM", "reportedCurrency": "USD", "cik": "0001517302", "fillingDate": "2012-12-31", "acceptedDate": "2012-12-30 19:00:00", "calendarYear": "2012", "period": "FY", "revenue": 505578000, "costOfRevenue": 383093000, "grossProfit": 122485000, "grossProfitRatio": 0.2422672664, "researchAndDevelopmentExpenses": 0, "generalAndAdministrativeExpenses": 46408000, "sellingAndMarketingExpenses": 28990000, "sellingGeneralAndAdministrativeExpenses": 75398000, "otherExpenses": 58000, "operatingExpenses": 75398000, "costAndExpenses": 458491000, "interestIncome": 0, "interestExpense": 11442000, "depreciationAndAmortization": 2401000, "ebitda": 49546000, "ebitdaratio": 0.0979987262, "operatingIncome": 47087000, "operatingIncomeRatio": 0.0931349861, "totalOtherIncomeExpensesNet": 7979000, "incomeBeforeTax": 43624000, "incomeBeforeTaxRatio": 0.0862854001, "incomeTaxExpense": 1047000, "netIncome": 33760000, "netIncomeRatio": 0.0667750575, "eps": 0.51, "epsdiluted": 0.51, "weightedAverageShsOut": 11054156, "weightedAverageShsOutDil": 11054156, "link": "", "finalLink": "", "calculatedOtherExpenses": 0, "calculatedOperatingExpenses": 75398000, "calculatedNetInterest": -11442000, "calculatedOtherIncome": 7979000, "calculatedIncomeNonControlling": 8817000, "calculatedEbitda": 49488000}, {"date": "2011-12-31", "symbol": "APAM", "reportedCurrency": "USD", "cik": "0001517302", "fillingDate": "2011-12-31", "acceptedDate": "2011-12-30 19:00:00", "calendarYear": "2011", "period": "FY", "revenue": 455094000, "costOfRevenue": 233233000, "grossProfit": 221861000, "grossProfitRatio": 0.4875058779, "researchAndDevelopmentExpenses": 0, "generalAndAdministrativeExpenses": 41392000, "sellingAndMarketingExpenses": 26174000, "sellingGeneralAndAdministrativeExpenses": 67566000, "otherExpenses": -1933000, "operatingExpenses": 67566000, "costAndExpenses": 300799000, "interestIncome": 0, "interestExpense": 18386000, "depreciationAndAmortization": 2360000, "ebitda": 151620000, "ebitdaratio": 0.3331619402, "operatingIncome": 154295000, "operatingIncomeRatio": 0.3390398467, "totalOtherIncomeExpensesNet": -4775000, "incomeBeforeTax": 131134000, "incomeBeforeTaxRatio": 0.2881470641, "incomeTaxExpense": 1162000, "netIncome": 129972000, "netIncomeRatio": 0.2855937455, "eps": 1.98, "epsdiluted": 1.98, "weightedAverageShsOut": 65767919, "weightedAverageShsOutDil": 65767919, "link": "", "finalLink": "", "calculatedOtherExpenses": 0, "calculatedOperatingExpenses": 67566000, "calculatedNetInterest": -18386000, "calculatedOtherIncome": -4775000, "calculatedIncomeNonControlling": 0, "calculatedEbitda": 156655000}, {"date": "2010-12-31", "symbol": "APAM", "reportedCurrency": "USD", "cik": "0001517302", "fillingDate": "2010-12-31", "acceptedDate": "2010-12-30 19:00:00", "calendarYear": "2010", "period": "FY", "revenue": 382285679, "costOfRevenue": 0, "grossProfit": 382285679, "grossProfitRatio": 1, "researchAndDevelopmentExpenses": 0, "generalAndAdministrativeExpenses": 294065911, "sellingAndMarketingExpenses": 23022071, "sellingGeneralAndAdministrativeExpenses": 317087982, "otherExpenses": 0, "operatingExpenses": 317087982, "costAndExpenses": 317087982, "interestIncome": 32334, "interestExpense": 22961324, "depreciationAndAmortization": 2287131, "ebitda": 67517162, "ebitdaratio": 0.1766144162, "operatingIncome": 65197697, "operatingIncomeRatio": 0.1705470557, "totalOtherIncomeExpensesNet": 1539402, "incomeBeforeTax": 43808109, "incomeBeforeTaxRatio": 0.1145952135, "incomeTaxExpense": 1281244, "netIncome": 42526865, "netIncomeRatio": 0.1112436781, "eps": 0.65, "epsdiluted": 0.65, "weightedAverageShsOut": 65767919, "weightedAverageShsOutDil": 65767919, "link": "", "finalLink": "", "calculatedOtherExpenses": 0, "calculatedOperatingExpenses": 317087982, "calculatedNetInterest": -22928990, "calculatedOtherIncome": 1539402, "calculatedIncomeNonControlling": 0, "calculatedEbitda": 67484828}, {"date": "2009-12-31", "symbol": "APAM", "reportedCurrency": "USD", "cik": "0001517302", "fillingDate": "2009-12-31", "acceptedDate": "2009-12-30 19:00:00", "calendarYear": "2009", "period": "FY", "revenue": 296179174, "costOfRevenue": 0, "grossProfit": 296179174, "grossProfitRatio": 1, "researchAndDevelopmentExpenses": 0, "generalAndAdministrativeExpenses": 205296840, "sellingAndMarketingExpenses": 17783041, "sellingGeneralAndAdministrativeExpenses": 223079881, "otherExpenses": 0, "operatingExpenses": 223079881, "costAndExpenses": 223079881, "interestIncome": 69647, "interestExpense": 24940786, "depreciationAndAmortization": 2388362, "ebitda": 75557302, "ebitdaratio": 0.2551067348, "operatingIncome": 73099293, "operatingIncomeRatio": 0.2468076739, "totalOtherIncomeExpensesNet": -24871139, "incomeBeforeTax": 48228154, "incomeBeforeTaxRatio": 0.1628343862, "incomeTaxExpense": 69647, "netIncome": 48228154, "netIncomeRatio": 0.1628343862, "eps": 0.73, "epsdiluted": 0.73, "weightedAverageShsOut": 65767919, "weightedAverageShsOutDil": 65767919, "link": "", "finalLink": "", "calculatedOtherExpenses": 0, "calculatedOperatingExpenses": 223079881, "calculatedNetInterest": -24871139, "calculatedOtherIncome": 0, "calculatedIncomeNonControlling": -69647, "calculatedEbitda": 75487655}]}