{"originalCurrency": "USD", "convertedCurrency": "USD", "report": [{"date": "2023-12-31", "symbol": "APH", "reportedCurrency": "USD", "cik": "0000820313", "fillingDate": "2024-02-07", "acceptedDate": "2024-02-07 16:41:10", "calendarYear": "2023", "period": "FY", "revenue": 12554700000, "costOfRevenue": 8470600000, "grossProfit": 4084100000, "grossProfitRatio": 0.3253044676, "researchAndDevelopmentExpenses": 342200000, "generalAndAdministrativeExpenses": 0, "sellingAndMarketingExpenses": 0, "sellingGeneralAndAdministrativeExpenses": 1489900000, "otherExpenses": 29300000, "operatingExpenses": 1489900000, "costAndExpenses": 9960500000, "interestIncome": 0, "interestExpense": 139500000, "depreciationAndAmortization": 406400000, "ebitda": 3029900000, "ebitdaratio": 0.241335914, "operatingIncome": 2559600000, "operatingIncomeRatio": 0.2038758393, "totalOtherIncomeExpensesNet": 100000, "incomeBeforeTax": 2454800000, "incomeBeforeTaxRatio": 0.1955283679, "incomeTaxExpense": 509300000, "netIncome": 1928000000, "netIncomeRatio": 0.1535679865, "eps": 3.23, "epsdiluted": 3.11, "weightedAverageShsOut": 596500000, "weightedAverageShsOutDil": 620600000, "link": "https://www.sec.gov/Archives/edgar/data/820313/000155837024000866/0001558370-24-000866-index.htm", "finalLink": "https://www.sec.gov/Archives/edgar/data/820313/000155837024000866/aph-20231231x10k.htm", "calculatedOtherExpenses": -307600000, "calculatedOperatingExpenses": 1524500000, "calculatedNetInterest": -139500000, "calculatedOtherIncome": 34700000, "calculatedIncomeNonControlling": 17500000, "calculatedEbitda": 2966000000}, {"date": "2022-12-31", "symbol": "APH", "reportedCurrency": "USD", "cik": "0000820313", "fillingDate": "2023-02-08", "acceptedDate": "2023-02-08 16:37:48", "calendarYear": "2022", "period": "FY", "revenue": 12623000000, "costOfRevenue": 8594800000, "grossProfit": 4028200000, "grossProfitRatio": 0.3191158995, "researchAndDevelopmentExpenses": 323600000, "generalAndAdministrativeExpenses": 0, "sellingAndMarketingExpenses": 0, "sellingGeneralAndAdministrativeExpenses": 1420900000, "otherExpenses": 10000000, "operatingExpenses": 1420900000, "costAndExpenses": 10015700000, "interestIncome": 128400000, "interestExpense": 128400000, "depreciationAndAmortization": 424400000, "ebitda": 3010200000, "ebitdaratio": 0.2384694605, "operatingIncome": 2585800000, "operatingIncomeRatio": 0.2048482928, "totalOtherIncomeExpensesNet": -118400000, "incomeBeforeTax": 2467400000, "incomeBeforeTaxRatio": 0.1954685891, "incomeTaxExpense": 550600000, "netIncome": 1902300000, "netIncomeRatio": 0.1507011012, "eps": 3.19, "epsdiluted": 3.06, "weightedAverageShsOut": 596200000, "weightedAverageShsOutDil": 621000000, "link": "https://www.sec.gov/Archives/edgar/data/820313/000155837023001036/0001558370-23-001036-index.htm", "finalLink": "https://www.sec.gov/Archives/edgar/data/820313/000155837023001036/aph-20221231x10k.htm", "calculatedOtherExpenses": -302100000, "calculatedOperatingExpenses": 1442400000, "calculatedNetInterest": 0, "calculatedOtherIncome": -118400000, "calculatedIncomeNonControlling": 14500000, "calculatedEbitda": 3010200000}, {"date": "2021-12-31", "symbol": "APH", "reportedCurrency": "USD", "cik": "0000820313", "fillingDate": "2022-02-09", "acceptedDate": "2022-02-09 16:39:10", "calendarYear": "2021", "period": "FY", "revenue": 10876300000, "costOfRevenue": 7474500000, "grossProfit": 3401800000, "grossProfitRatio": 0.3127718066, "researchAndDevelopmentExpenses": 317700000, "generalAndAdministrativeExpenses": 0, "sellingAndMarketingExpenses": 0, "sellingGeneralAndAdministrativeExpenses": 1226300000, "otherExpenses": -400000, "operatingExpenses": 1226300000, "costAndExpenses": 8700800000, "interestIncome": 115500000, "interestExpense": 115500000, "depreciationAndAmortization": 465600000, "ebitda": 2570700000, "ebitdaratio": 0.2363579526, "operatingIncome": 2105100000, "operatingIncomeRatio": 0.1935492769, "totalOtherIncomeExpensesNet": -115900000, "incomeBeforeTax": 1989200000, "incomeBeforeTaxRatio": 0.1828930794, "incomeTaxExpense": 409100000, "netIncome": 1590800000, "netIncomeRatio": 0.1462629755, "eps": 2.66, "epsdiluted": 2.54, "weightedAverageShsOut": 597900000, "weightedAverageShsOutDil": 625500000, "link": "https://www.sec.gov/Archives/edgar/data/820313/000155837022000961/0001558370-22-000961-index.htm", "finalLink": "https://www.sec.gov/Archives/edgar/data/820313/000155837022000961/aph-20211231x10k.htm", "calculatedOtherExpenses": -247300000, "calculatedOperatingExpenses": 1296700000, "calculatedNetInterest": 0, "calculatedOtherIncome": -115900000, "calculatedIncomeNonControlling": -10700000, "calculatedEbitda": 2570700000}, {"date": "2020-12-31", "symbol": "APH", "reportedCurrency": "USD", "cik": "0000820313", "fillingDate": "2021-02-10", "acceptedDate": "2021-02-10 17:11:44", "calendarYear": "2020", "period": "FY", "revenue": 8598900000, "costOfRevenue": 5934800000, "grossProfit": 2664100000, "grossProfitRatio": 0.3098186977, "researchAndDevelopmentExpenses": 260700000, "generalAndAdministrativeExpenses": 0, "sellingAndMarketingExpenses": 0, "sellingGeneralAndAdministrativeExpenses": 1014200000, "otherExpenses": 3600000, "operatingExpenses": 1014200000, "costAndExpenses": 6949000000, "interestIncome": 115400000, "interestExpense": 115400000, "depreciationAndAmortization": 323200000, "ebitda": 1961600000, "ebitdaratio": 0.2281222017, "operatingIncome": 1638400000, "operatingIncomeRatio": 0.1905359988, "totalOtherIncomeExpensesNet": -111800000, "incomeBeforeTax": 1526600000, "incomeBeforeTaxRatio": 0.1775343358, "incomeTaxExpense": 313300000, "netIncome": 1203400000, "netIncomeRatio": 0.1399481329, "eps": 2.02, "epsdiluted": 1.96, "weightedAverageShsOut": 596000000, "weightedAverageShsOutDil": 615000000, "link": "https://www.sec.gov/Archives/edgar/data/820313/000155837021000881/0001558370-21-000881-index.htm", "finalLink": "https://www.sec.gov/Archives/edgar/data/820313/000155837021000881/aph-20201231x10k.htm", "calculatedOtherExpenses": -249200000, "calculatedOperatingExpenses": 1025700000, "calculatedNetInterest": 0, "calculatedOtherIncome": -111800000, "calculatedIncomeNonControlling": 9900000, "calculatedEbitda": 1961600000}, {"date": "2019-12-31", "symbol": "APH", "reportedCurrency": "USD", "cik": "0000820313", "fillingDate": "2020-02-12", "acceptedDate": "2020-02-12 16:51:12", "calendarYear": "2019", "period": "FY", "revenue": 8225400000, "costOfRevenue": 5609400000, "grossProfit": 2616000000, "grossProfitRatio": 0.3180392443, "researchAndDevelopmentExpenses": 234200000, "generalAndAdministrativeExpenses": 0, "sellingAndMarketingExpenses": 0, "sellingGeneralAndAdministrativeExpenses": 971400000, "otherExpenses": 8600000, "operatingExpenses": 971400000, "costAndExpenses": 6580800000, "interestIncome": 117600000, "interestExpense": 117600000, "depreciationAndAmortization": 346100000, "ebitda": 1965300000, "ebitdaratio": 0.2389306295, "operatingIncome": 1619200000, "operatingIncomeRatio": 0.1968536485, "totalOtherIncomeExpensesNet": -123300000, "incomeBeforeTax": 1495900000, "incomeBeforeTaxRatio": 0.181863496, "incomeTaxExpense": 331900000, "netIncome": 1155000000, "netIncomeRatio": 0.140418703, "eps": 1.94, "epsdiluted": 1.88, "weightedAverageShsOut": 595000000, "weightedAverageShsOutDil": 615800000, "link": "https://www.sec.gov/Archives/edgar/data/820313/000155837020000728/0001558370-20-000728-index.htm", "finalLink": "https://www.sec.gov/Archives/edgar/data/820313/000155837020000728/aph-20191231x10k7e830b.htm", "calculatedOtherExpenses": -208800000, "calculatedOperatingExpenses": 996800000, "calculatedNetInterest": 0, "calculatedOtherIncome": -123300000, "calculatedIncomeNonControlling": 9000000, "calculatedEbitda": 1965300000}, {"date": "2018-12-31", "symbol": "APH", "reportedCurrency": "USD", "cik": "0000820313", "fillingDate": "2019-02-13", "acceptedDate": "2019-02-13 16:59:26", "calendarYear": "2018", "period": "FY", "revenue": 8202000000, "costOfRevenue": 5547100000, "grossProfit": 2654900000, "grossProfitRatio": 0.3236893441, "researchAndDevelopmentExpenses": 220900000, "generalAndAdministrativeExpenses": 959500000, "sellingAndMarketingExpenses": 0, "sellingGeneralAndAdministrativeExpenses": 959500000, "otherExpenses": 3200000, "operatingExpenses": 959500000, "costAndExpenses": 6506600000, "interestIncome": 0, "interestExpense": 101700000, "depreciationAndAmortization": 299700000, "ebitda": 1998300000, "ebitdaratio": 0.2436356986, "operatingIncome": 1686900000, "operatingIncomeRatio": 0.2056693489, "totalOtherIncomeExpensesNet": -5300000, "incomeBeforeTax": 1588400000, "incomeBeforeTaxRatio": 0.1936600829, "incomeTaxExpense": 371500000, "netIncome": 1205000000, "netIncomeRatio": 0.1469153865, "eps": 2, "epsdiluted": 1.93, "weightedAverageShsOut": 602400000, "weightedAverageShsOutDil": 625200000, "link": "https://www.sec.gov/Archives/edgar/data/820313/000155837019000636/0001558370-19-000636-index.htm", "finalLink": "https://www.sec.gov/Archives/edgar/data/820313/000155837019000636/aph-20181231x10k.htm", "calculatedOtherExpenses": -212400000, "calculatedOperatingExpenses": 968000000, "calculatedNetInterest": -101700000, "calculatedOtherIncome": 3200000, "calculatedIncomeNonControlling": 11900000, "calculatedEbitda": 1986600000}, {"date": "2017-12-31", "symbol": "APH", "reportedCurrency": "USD", "cik": "0000820313", "fillingDate": "2018-02-21", "acceptedDate": "2018-02-21 17:28:05", "calendarYear": "2017", "period": "FY", "revenue": 7011300000, "costOfRevenue": 4701400000, "grossProfit": 2309900000, "grossProfitRatio": 0.3294538816, "researchAndDevelopmentExpenses": 193700000, "generalAndAdministrativeExpenses": 878300000, "sellingAndMarketingExpenses": 0, "sellingGeneralAndAdministrativeExpenses": 878300000, "otherExpenses": 17100000, "operatingExpenses": 878300000, "costAndExpenses": 5579700000, "interestIncome": 20200000, "interestExpense": 92300000, "depreciationAndAmortization": 226800000, "ebitda": 1675500000, "ebitdaratio": 0.2389713748, "operatingIncome": 1427600000, "operatingIncomeRatio": 0.2036141657, "totalOtherIncomeExpensesNet": 13100000, "incomeBeforeTax": 1352400000, "incomeBeforeTaxRatio": 0.1928886227, "incomeTaxExpense": 691700000, "netIncome": 650500000, "netIncomeRatio": 0.0927787999, "eps": 1.07, "epsdiluted": 1.03, "weightedAverageShsOut": 611400000, "weightedAverageShsOutDil": 633000000, "link": "https://www.sec.gov/Archives/edgar/data/820313/000155837018000871/0001558370-18-000871-index.htm", "finalLink": "https://www.sec.gov/Archives/edgar/data/820313/000155837018000871/aph-20171231x10k.htm", "calculatedOtherExpenses": -189700000, "calculatedOperatingExpenses": 882300000, "calculatedNetInterest": -72100000, "calculatedOtherIncome": -3100000, "calculatedIncomeNonControlling": 10200000, "calculatedEbitda": 1654400000}, {"date": "2016-12-31", "symbol": "APH", "reportedCurrency": "USD", "cik": "0000820313", "fillingDate": "2017-02-17", "acceptedDate": "2017-02-17 14:28:24", "calendarYear": "2016", "period": "FY", "revenue": 6286400000, "costOfRevenue": 4246400000, "grossProfit": 2040000000, "grossProfitRatio": 0.3245100534, "researchAndDevelopmentExpenses": 166100000, "generalAndAdministrativeExpenses": 798200000, "sellingAndMarketingExpenses": 0, "sellingGeneralAndAdministrativeExpenses": 798200000, "otherExpenses": 8500000, "operatingExpenses": 798200000, "costAndExpenses": 5044600000, "interestIncome": 11500000, "interestExpense": 72600000, "depreciationAndAmortization": 217000000, "ebitda": 1467300000, "ebitdaratio": 0.2334086281, "operatingIncome": 1205200000, "operatingIncomeRatio": 0.1917154492, "totalOtherIncomeExpensesNet": -28100000, "incomeBeforeTax": 1141100000, "incomeBeforeTaxRatio": 0.1815188343, "incomeTaxExpense": 308500000, "netIncome": 822900000, "netIncomeRatio": 0.1309016289, "eps": 1.34, "epsdiluted": 1.31, "weightedAverageShsOut": 616600000, "weightedAverageShsOutDil": 630400000, "link": "https://www.sec.gov/Archives/edgar/data/820313/000155837017000659/0001558370-17-000659-index.htm", "finalLink": "https://www.sec.gov/Archives/edgar/data/820313/000155837017000659/aph-20161231x10k.htm", "calculatedOtherExpenses": -129500000, "calculatedOperatingExpenses": 834800000, "calculatedNetInterest": -61100000, "calculatedOtherIncome": -3000000, "calculatedIncomeNonControlling": 9700000, "calculatedEbitda": 1422200000}, {"date": "2015-12-31", "symbol": "APH", "reportedCurrency": "USD", "cik": "0000820313", "fillingDate": "2016-02-19", "acceptedDate": "2016-02-19 16:13:34", "calendarYear": "2015", "period": "FY", "revenue": 5568700000, "costOfRevenue": 3789200000, "grossProfit": 1779500000, "grossProfitRatio": 0.3195539354, "researchAndDevelopmentExpenses": 124700000, "generalAndAdministrativeExpenses": 669100000, "sellingAndMarketingExpenses": 0, "sellingGeneralAndAdministrativeExpenses": 669100000, "otherExpenses": 16400000, "operatingExpenses": 669100000, "costAndExpenses": 4458300000, "interestIncome": 18400000, "interestExpense": 68300000, "depreciationAndAmortization": 171600000, "ebitda": 1298400000, "ebitdaratio": 0.2331603426, "operatingIncome": 1104700000, "operatingIncomeRatio": 0.1983766409, "totalOtherIncomeExpensesNet": 10700000, "incomeBeforeTax": 1052800000, "incomeBeforeTaxRatio": 0.1890566919, "incomeTaxExpense": 280500000, "netIncome": 763500000, "netIncomeRatio": 0.1371056081, "eps": 1.24, "epsdiluted": 1.21, "weightedAverageShsOut": 618158246, "weightedAverageShsOutDil": 633056210, "link": "https://www.sec.gov/Archives/edgar/data/820313/000110465916098503/0001104659-16-098503-index.htm", "finalLink": "https://www.sec.gov/Archives/edgar/data/820313/000110465916098503/a15-23486_110k.htm", "calculatedOtherExpenses": -119000000, "calculatedOperatingExpenses": 674800000, "calculatedNetInterest": -49900000, "calculatedOtherIncome": -2000000, "calculatedIncomeNonControlling": 8800000, "calculatedEbitda": 1276300000}, {"date": "2014-12-31", "symbol": "APH", "reportedCurrency": "USD", "cik": "0000820313", "fillingDate": "2015-02-20", "acceptedDate": "2015-02-20 14:49:55", "calendarYear": "2014", "period": "FY", "revenue": 5345500000, "costOfRevenue": 3651700000, "grossProfit": 1693800000, "grossProfitRatio": 0.3168646525, "researchAndDevelopmentExpenses": 114800000, "generalAndAdministrativeExpenses": 645100000, "sellingAndMarketingExpenses": 0, "sellingGeneralAndAdministrativeExpenses": 645100000, "otherExpenses": 18300000, "operatingExpenses": 645100000, "costAndExpenses": 4296800000, "interestIncome": 20200000, "interestExpense": 80400000, "depreciationAndAmortization": 168100000, "ebitda": 1235100000, "ebitdaratio": 0.2310541577, "operatingIncome": 1034600000, "operatingIncomeRatio": 0.1935459732, "totalOtherIncomeExpensesNet": 4200000, "incomeBeforeTax": 972500000, "incomeBeforeTaxRatio": 0.1819287251, "incomeTaxExpense": 257300000, "netIncome": 709100000, "netIncomeRatio": 0.1326536339, "eps": 1.13, "epsdiluted": 1.11, "weightedAverageShsOut": 626273582, "weightedAverageShsOutDil": 640860280, "link": "https://www.sec.gov/Archives/edgar/data/820313/000110465915012575/0001104659-15-012575-index.htm", "finalLink": "https://www.sec.gov/Archives/edgar/data/820313/000110465915012575/a14-25561_110k.htm", "calculatedOtherExpenses": -100700000, "calculatedOperatingExpenses": 659200000, "calculatedNetInterest": -60200000, "calculatedOtherIncome": -1900000, "calculatedIncomeNonControlling": 6100000, "calculatedEbitda": 1202700000}, {"date": "2013-12-31", "symbol": "APH", "reportedCurrency": "USD", "cik": "0000820313", "fillingDate": "2014-02-21", "acceptedDate": "2014-02-21 14:10:50", "calendarYear": "2013", "period": "FY", "revenue": 4614669000, "costOfRevenue": 3163835000, "grossProfit": 1450834000, "grossProfitRatio": 0.3143961138, "researchAndDevelopmentExpenses": 103400000, "generalAndAdministrativeExpenses": 548038000, "sellingAndMarketingExpenses": 0, "sellingGeneralAndAdministrativeExpenses": 548038000, "otherExpenses": 13385000, "operatingExpenses": 548038000, "costAndExpenses": 3711873000, "interestIncome": 14972000, "interestExpense": 63553000, "depreciationAndAmortization": 136482000, "ebitda": 1052663000, "ebitdaratio": 0.2281123522, "operatingIncome": 896813000, "operatingIncomeRatio": 0.1943396157, "totalOtherIncomeExpensesNet": 7402000, "incomeBeforeTax": 846645000, "incomeBeforeTaxRatio": 0.1834681967, "incomeTaxExpense": 207896000, "netIncome": 635672000, "netIncomeRatio": 0.1377502915, "eps": 1, "epsdiluted": 0.98, "weightedAverageShsOut": 636371148, "weightedAverageShsOutDil": 649097996, "link": "https://www.sec.gov/Archives/edgar/data/820313/000110465914012225/0001104659-14-012225-index.htm", "finalLink": "https://www.sec.gov/Archives/edgar/data/820313/000110465914012225/a13-24862_110k.htm", "calculatedOtherExpenses": -97417000, "calculatedOperatingExpenses": 554021000, "calculatedNetInterest": -48581000, "calculatedOtherIncome": -1587000, "calculatedIncomeNonControlling": 3077000, "calculatedEbitda": 1033295000}, {"date": "2012-12-31", "symbol": "APH", "reportedCurrency": "USD", "cik": "0000820313", "fillingDate": "2013-02-22", "acceptedDate": "2013-02-22 14:14:39", "calendarYear": "2012", "period": "FY", "revenue": 4292065000, "costOfRevenue": 2948853000, "grossProfit": 1343212000, "grossProfitRatio": 0.3129523901, "researchAndDevelopmentExpenses": 92500000, "generalAndAdministrativeExpenses": 512867000, "sellingAndMarketingExpenses": 0, "sellingGeneralAndAdministrativeExpenses": 512867000, "otherExpenses": 10109000, "operatingExpenses": 512867000, "costAndExpenses": 3461720000, "interestIncome": 11512000, "interestExpense": 59613000, "depreciationAndAmortization": 121779000, "ebitda": 962233000, "ebitdaratio": 0.2241888229, "operatingIncome": 828345000, "operatingIncomeRatio": 0.1929945143, "totalOtherIncomeExpensesNet": 8109000, "incomeBeforeTax": 778841000, "incomeBeforeTaxRatio": 0.1814606722, "incomeTaxExpense": 219333000, "netIncome": 555317000, "netIncomeRatio": 0.1293822437, "eps": 0.86, "epsdiluted": 0.85, "weightedAverageShsOut": 646088320, "weightedAverageShsOutDil": 655788444, "link": "https://www.sec.gov/Archives/edgar/data/820313/000110465913013180/0001104659-13-013180-index.htm", "finalLink": "https://www.sec.gov/Archives/edgar/data/820313/000110465913013180/a12-28965_110k.htm", "calculatedOtherExpenses": -90500000, "calculatedOperatingExpenses": 514867000, "calculatedNetInterest": -48101000, "calculatedOtherIncome": -1403000, "calculatedIncomeNonControlling": 4191000, "calculatedEbitda": 950124000}, {"date": "2011-12-31", "symbol": "APH", "reportedCurrency": "USD", "cik": "0000820313", "fillingDate": "2012-02-24", "acceptedDate": "2012-02-24 14:13:06", "calendarYear": "2011", "period": "FY", "revenue": 3939786000, "costOfRevenue": 2696126000, "grossProfit": 1243660000, "grossProfitRatio": 0.3156668916, "researchAndDevelopmentExpenses": 0, "generalAndAdministrativeExpenses": 507795000, "sellingAndMarketingExpenses": 0, "sellingGeneralAndAdministrativeExpenses": 507795000, "otherExpenses": 0, "operatingExpenses": 507795000, "costAndExpenses": 3203921000, "interestIncome": 0, "interestExpense": 43029000, "depreciationAndAmortization": 119439000, "ebitda": 855304000, "ebitdaratio": 0.2170940249, "operatingIncome": 751678000, "operatingIncomeRatio": 0.1907915811, "totalOtherIncomeExpensesNet": 23916000, "incomeBeforeTax": 716752000, "incomeBeforeTaxRatio": 0.1819266326, "incomeTaxExpense": 187910000, "netIncome": 524191000, "netIncomeRatio": 0.1330506276, "eps": 0.77, "epsdiluted": 0.76, "weightedAverageShsOut": 678560460, "weightedAverageShsOutDil": 687302352, "link": "https://www.sec.gov/Archives/edgar/data/820313/000110465912012448/0001104659-12-012448-index.htm", "finalLink": "https://www.sec.gov/Archives/edgar/data/820313/000110465912012448/a12-1044_110k.htm", "calculatedOtherExpenses": -15813000, "calculatedOperatingExpenses": 491982000, "calculatedNetInterest": -43029000, "calculatedOtherIncome": 8103000, "calculatedIncomeNonControlling": 4651000, "calculatedEbitda": 871117000}, {"date": "2010-12-31", "symbol": "APH", "reportedCurrency": "USD", "cik": "0000820313", "fillingDate": "2011-02-28", "acceptedDate": "2011-02-28 15:14:35", "calendarYear": "2010", "period": "FY", "revenue": 3554101000, "costOfRevenue": 2395873000, "grossProfit": 1158228000, "grossProfitRatio": 0.3258849425, "researchAndDevelopmentExpenses": 0, "generalAndAdministrativeExpenses": 457871000, "sellingAndMarketingExpenses": 0, "sellingGeneralAndAdministrativeExpenses": 457871000, "otherExpenses": 0, "operatingExpenses": 457871000, "costAndExpenses": 2853744000, "interestIncome": 5046000, "interestExpense": 40741000, "depreciationAndAmortization": 102846000, "ebitda": 808249000, "ebitdaratio": 0.2274130645, "operatingIncome": 700357000, "operatingIncomeRatio": 0.1970560206, "totalOtherIncomeExpensesNet": -974000, "incomeBeforeTax": 663688000, "incomeBeforeTaxRatio": 0.1867386436, "incomeTaxExpense": 161275000, "netIncome": 496405000, "netIncomeRatio": 0.1396710448, "eps": 0.72, "epsdiluted": 0.71, "weightedAverageShsOut": 695142600, "weightedAverageShsOutDil": 705303972, "link": "https://www.sec.gov/Archives/edgar/data/820313/000110465911010845/0001104659-11-010845-index.htm", "finalLink": "https://www.sec.gov/Archives/edgar/data/820313/000110465911010845/a10-22168_110k.htm", "calculatedOtherExpenses": 0, "calculatedOperatingExpenses": 457871000, "calculatedNetInterest": -35695000, "calculatedOtherIncome": -974000, "calculatedIncomeNonControlling": 6008000, "calculatedEbitda": 803203000}, {"date": "2009-12-31", "symbol": "APH", "reportedCurrency": "USD", "cik": "0000820313", "fillingDate": "2010-02-23", "acceptedDate": "2010-02-23 14:23:08", "calendarYear": "2009", "period": "FY", "revenue": 2820065000, "costOfRevenue": 1933511000, "grossProfit": 886554000, "grossProfitRatio": 0.3143736049, "researchAndDevelopmentExpenses": 0, "generalAndAdministrativeExpenses": 397641000, "sellingAndMarketingExpenses": 0, "sellingGeneralAndAdministrativeExpenses": 397641000, "otherExpenses": 0, "operatingExpenses": 397641000, "costAndExpenses": 2331152000, "interestIncome": 0, "interestExpense": 36586000, "depreciationAndAmortization": 98524000, "ebitda": 587437000, "ebitdaratio": 0.2083061915, "operatingIncome": 488913000, "operatingIncomeRatio": 0.1733694082, "totalOtherIncomeExpensesNet": -5800000, "incomeBeforeTax": 446527000, "incomeBeforeTaxRatio": 0.1583392581, "incomeTaxExpense": 119311000, "netIncome": 317834000, "netIncomeRatio": 0.1127044944, "eps": 0.46, "epsdiluted": 0.46, "weightedAverageShsOut": 686430572, "weightedAverageShsOutDil": 695767008, "link": "https://www.sec.gov/Archives/edgar/data/820313/000110465910008799/0001104659-10-008799-index.htm", "finalLink": "https://www.sec.gov/Archives/edgar/data/820313/000110465910008799/a09-35765_110k.htm", "calculatedOtherExpenses": 0, "calculatedOperatingExpenses": 397641000, "calculatedNetInterest": -36586000, "calculatedOtherIncome": -5800000, "calculatedIncomeNonControlling": 9382000, "calculatedEbitda": 587437000}, {"date": "2008-12-31", "symbol": "APH", "reportedCurrency": "USD", "cik": "0000820313", "fillingDate": "2009-02-23", "acceptedDate": "2009-02-23 16:32:12", "calendarYear": "2008", "period": "FY", "revenue": 3236471000, "costOfRevenue": 2187318000, "grossProfit": 1049153000, "grossProfitRatio": 0.3241657348, "researchAndDevelopmentExpenses": 0, "generalAndAdministrativeExpenses": 416914000, "sellingAndMarketingExpenses": 0, "sellingGeneralAndAdministrativeExpenses": 416914000, "otherExpenses": 0, "operatingExpenses": 416914000, "costAndExpenses": 2604232000, "interestIncome": 4657000, "interestExpense": 39627000, "depreciationAndAmortization": 91302000, "ebitda": 723541000, "ebitdaratio": 0.223558623, "operatingIncome": 632239000, "operatingIncomeRatio": 0.1953482667, "totalOtherIncomeExpensesNet": -10458000, "incomeBeforeTax": 582154000, "incomeBeforeTaxRatio": 0.1798730778, "incomeTaxExpense": 163003000, "netIncome": 419151000, "netIncomeRatio": 0.1295086531, "eps": 0.6, "epsdiluted": 0.59, "weightedAverageShsOut": 702655188, "weightedAverageShsOutDil": 715252052, "link": "https://www.sec.gov/Archives/edgar/data/820313/000110465909011495/0001104659-09-011495-index.htm", "finalLink": "https://www.sec.gov/Archives/edgar/data/820313/000110465909011495/a09-1255_110k.htm", "calculatedOtherExpenses": 0, "calculatedOperatingExpenses": 416914000, "calculatedNetInterest": -34970000, "calculatedOtherIncome": -15115000, "calculatedIncomeNonControlling": 0, "calculatedEbitda": 723541000}, {"date": "2007-12-31", "symbol": "APH", "reportedCurrency": "USD", "cik": "0000820313", "fillingDate": "2008-02-26", "acceptedDate": "2008-02-26 16:05:44", "calendarYear": "2007", "period": "FY", "revenue": 2851041000, "costOfRevenue": 1920900000, "grossProfit": 930141000, "grossProfitRatio": 0.3262460975, "researchAndDevelopmentExpenses": 0, "generalAndAdministrativeExpenses": 377283000, "sellingAndMarketingExpenses": 0, "sellingGeneralAndAdministrativeExpenses": 377283000, "otherExpenses": 0, "operatingExpenses": 377283000, "costAndExpenses": 2298183000, "interestIncome": 0, "interestExpense": -36876000, "depreciationAndAmortization": 82348000, "ebitda": 650204000, "ebitdaratio": 0.228058453, "operatingIncome": 552858000, "operatingIncomeRatio": 0.1939144334, "totalOtherIncomeExpensesNet": -14998000, "incomeBeforeTax": 500984000, "incomeBeforeTaxRatio": 0.1757196757, "incomeTaxExpense": 147790000, "netIncome": 353194000, "netIncomeRatio": 0.1238824696, "eps": 0.5, "epsdiluted": 0.49, "weightedAverageShsOut": 713812996, "weightedAverageShsOutDil": 730015876, "link": "https://www.sec.gov/Archives/edgar/data/820313/000110465908012896/0001104659-08-012896-index.htm", "finalLink": "https://www.sec.gov/Archives/edgar/data/820313/000110465908012896/a08-2409_110k.htm", "calculatedOtherExpenses": 0, "calculatedOperatingExpenses": 377283000, "calculatedNetInterest": 36876000, "calculatedOtherIncome": -88750000, "calculatedIncomeNonControlling": 0, "calculatedEbitda": 635206000}, {"date": "2006-12-31", "symbol": "APH", "reportedCurrency": "USD", "cik": "0000820313", "fillingDate": "2007-02-21", "acceptedDate": "2007-02-21 17:16:18", "calendarYear": "2006", "period": "FY", "revenue": 2471430000, "costOfRevenue": 1683250000, "grossProfit": 788180000, "grossProfitRatio": 0.3189165787, "researchAndDevelopmentExpenses": 0, "generalAndAdministrativeExpenses": 342841000, "sellingAndMarketingExpenses": 0, "sellingGeneralAndAdministrativeExpenses": 342841000, "otherExpenses": 20747000, "operatingExpenses": 363588000, "costAndExpenses": 2046838000, "interestIncome": 0, "interestExpense": -38799000, "depreciationAndAmortization": 73124000, "ebitda": 524983000, "ebitdaratio": 0.2124207443, "operatingIncome": 424592000, "operatingIncomeRatio": 0.1718001319, "totalOtherIncomeExpensesNet": -27267000, "incomeBeforeTax": 373272000, "incomeBeforeTaxRatio": 0.151034826, "incomeTaxExpense": 117581000, "netIncome": 255691000, "netIncomeRatio": 0.1034587263, "eps": 0.36, "epsdiluted": 0.35, "weightedAverageShsOut": 715710576, "weightedAverageShsOutDil": 733389304, "link": "https://www.sec.gov/Archives/edgar/data/820313/000110465907012769/0001104659-07-012769-index.htm", "finalLink": "https://www.sec.gov/Archives/edgar/data/820313/000110465907012769/a07-4878_110k.htm", "calculatedOtherExpenses": 20747000, "calculatedOperatingExpenses": 363588000, "calculatedNetInterest": 38799000, "calculatedOtherIncome": -90119000, "calculatedIncomeNonControlling": 0, "calculatedEbitda": 497716000}, {"date": "2005-12-31", "symbol": "APH", "reportedCurrency": "USD", "cik": "0000820313", "fillingDate": "2006-03-16", "acceptedDate": "2006-03-15 18:01:51", "calendarYear": "2005", "period": "FY", "revenue": 1808147000, "costOfRevenue": 1162004000, "grossProfit": 646143000, "grossProfitRatio": 0.3573509233, "researchAndDevelopmentExpenses": 0, "generalAndAdministrativeExpenses": 252150000, "sellingAndMarketingExpenses": 0, "sellingGeneralAndAdministrativeExpenses": 252150000, "otherExpenses": 50666000, "operatingExpenses": 302816000, "costAndExpenses": 1464820000, "interestIncome": 0, "interestExpense": -24090000, "depreciationAndAmortization": 51642000, "ebitda": 406238000, "ebitdaratio": 0.2246708924, "operatingIncome": 343327000, "operatingIncomeRatio": 0.1898778141, "totalOtherIncomeExpensesNet": -11269000, "incomeBeforeTax": 307968000, "incomeBeforeTaxRatio": 0.1703224351, "incomeTaxExpense": 101629000, "netIncome": 206339000, "netIncomeRatio": 0.1141162748, "eps": 0.29, "epsdiluted": 0.28, "weightedAverageShsOut": 708413040, "weightedAverageShsOutDil": 723773896, "link": "https://www.sec.gov/Archives/edgar/data/820313/000110465906016969/0001104659-06-016969-index.htm", "finalLink": "https://www.sec.gov/Archives/edgar/data/820313/000110465906016969/a06-1867_110k.htm", "calculatedOtherExpenses": 50666000, "calculatedOperatingExpenses": 302816000, "calculatedNetInterest": 24090000, "calculatedOtherIncome": -59449000, "calculatedIncomeNonControlling": 0, "calculatedEbitda": 394969000}, {"date": "2004-12-31", "symbol": "APH", "reportedCurrency": "USD", "cik": "0000820313", "fillingDate": "2005-03-15", "acceptedDate": "2005-03-15 16:01:55", "calendarYear": "2004", "period": "FY", "revenue": 1530446000, "costOfRevenue": 999965000, "grossProfit": 530481000, "grossProfitRatio": 0.3466185674, "researchAndDevelopmentExpenses": 0, "generalAndAdministrativeExpenses": 215008000, "sellingAndMarketingExpenses": 0, "sellingGeneralAndAdministrativeExpenses": 215008000, "otherExpenses": 38829000, "operatingExpenses": 253837000, "costAndExpenses": 1253802000, "interestIncome": 0, "interestExpense": -22540000, "depreciationAndAmortization": 40257000, "ebitda": 323564000, "ebitdaratio": 0.2114181095, "operatingIncome": 276644000, "operatingIncomeRatio": 0.1807603797, "totalOtherIncomeExpensesNet": -6663000, "incomeBeforeTax": 247441000, "incomeBeforeTaxRatio": 0.1616790138, "incomeTaxExpense": 84130000, "netIncome": 163311000, "netIncomeRatio": 0.1067081099, "eps": 0.23, "epsdiluted": 0.23, "weightedAverageShsOut": 704184656, "weightedAverageShsOutDil": 717893248, "link": "https://www.sec.gov/Archives/edgar/data/820313/000110465905011114/0001104659-05-011114-index.htm", "finalLink": "https://www.sec.gov/Archives/edgar/data/820313/000110465905011114/a05-3932_110k.htm", "calculatedOtherExpenses": 38829000, "calculatedOperatingExpenses": 253837000, "calculatedNetInterest": 22540000, "calculatedOtherIncome": -51743000, "calculatedIncomeNonControlling": 0, "calculatedEbitda": 316901000}, {"date": "2003-12-31", "symbol": "APH", "reportedCurrency": "USD", "cik": "0000820313", "fillingDate": "2004-02-09", "acceptedDate": "2004-02-09 17:24:00", "calendarYear": "2003", "period": "FY", "revenue": 1239504000, "costOfRevenue": 820724000, "grossProfit": 418780000, "grossProfitRatio": 0.3378609508, "researchAndDevelopmentExpenses": 0, "generalAndAdministrativeExpenses": 177353000, "sellingAndMarketingExpenses": 0, "sellingGeneralAndAdministrativeExpenses": 177353000, "otherExpenses": 37007000, "operatingExpenses": 214360000, "costAndExpenses": 1035084000, "interestIncome": 0, "interestExpense": -29505000, "depreciationAndAmortization": 38480000, "ebitda": 260254000, "ebitdaratio": 0.2099662446, "operatingIncome": 204420000, "operatingIncomeRatio": 0.164920807, "totalOtherIncomeExpensesNet": -17354000, "incomeBeforeTax": 157561000, "incomeBeforeTaxRatio": 0.127116169, "incomeTaxExpense": 53571000, "netIncome": 103990000, "netIncomeRatio": 0.0838964618, "eps": 0.15, "epsdiluted": 0.15, "weightedAverageShsOut": 688805504, "weightedAverageShsOutDil": 705053760, "link": "https://www.sec.gov/Archives/edgar/data/820313/000104746904003700/0001047469-04-003700-index.htm", "finalLink": "https://www.sec.gov/Archives/edgar/data/820313/000104746904003700/a2128068z10-k.htm", "calculatedOtherExpenses": 37007000, "calculatedOperatingExpenses": 214360000, "calculatedNetInterest": 29505000, "calculatedOtherIncome": -76364000, "calculatedIncomeNonControlling": 0, "calculatedEbitda": 242900000}, {"date": "2002-12-31", "symbol": "APH", "reportedCurrency": "USD", "cik": "0000820313", "fillingDate": "2003-03-28", "acceptedDate": "2003-03-28 17:17:05", "calendarYear": "2002", "period": "FY", "revenue": 1062002000, "costOfRevenue": 700302000, "grossProfit": 361700000, "grossProfitRatio": 0.3405831627, "researchAndDevelopmentExpenses": 0, "generalAndAdministrativeExpenses": 152928000, "sellingAndMarketingExpenses": 0, "sellingGeneralAndAdministrativeExpenses": 152928000, "otherExpenses": 34825000, "operatingExpenses": 187753000, "costAndExpenses": 888055000, "interestIncome": 0, "interestExpense": -45930000, "depreciationAndAmortization": 36238000, "ebitda": 215540000, "ebitdaratio": 0.2029563033, "operatingIncome": 173947000, "operatingIncomeRatio": 0.1637915936, "totalOtherIncomeExpensesNet": -5355000, "incomeBeforeTax": 122662000, "incomeBeforeTaxRatio": 0.1155007241, "incomeTaxExpense": 42318000, "netIncome": 80344000, "netIncomeRatio": 0.0756533415, "eps": 0.12, "epsdiluted": 0.12, "weightedAverageShsOut": 679133584, "weightedAverageShsOutDil": 695129600, "link": "https://www.sec.gov/Archives/edgar/data/820313/000110465903005299/0001104659-03-005299-index.htm", "finalLink": "https://www.sec.gov/Archives/edgar/data/820313/000110465903005299/j8892_10k.htm", "calculatedOtherExpenses": 34825000, "calculatedOperatingExpenses": 187753000, "calculatedNetInterest": 45930000, "calculatedOtherIncome": -97215000, "calculatedIncomeNonControlling": 0, "calculatedEbitda": 210185000}, {"date": "2001-12-31", "symbol": "APH", "reportedCurrency": "USD", "cik": "0000820313", "fillingDate": "2002-03-28", "acceptedDate": "2002-03-28 00:00:00", "calendarYear": "2001", "period": "FY", "revenue": 1103771000, "costOfRevenue": 704278000, "grossProfit": 399493000, "grossProfitRatio": 0.3619346767, "researchAndDevelopmentExpenses": 0, "generalAndAdministrativeExpenses": 155810000, "sellingAndMarketingExpenses": 0, "sellingGeneralAndAdministrativeExpenses": 155810000, "otherExpenses": 46656000, "operatingExpenses": 202466000, "costAndExpenses": 906744000, "interestIncome": 0, "interestExpense": 0, "depreciationAndAmortization": 48891000, "ebitda": 251491000, "ebitdaratio": 0.2278470806, "operatingIncome": 197027000, "operatingIncomeRatio": 0.1785035121, "totalOtherIncomeExpensesNet": -5573000, "incomeBeforeTax": 135355000, "incomeBeforeTaxRatio": 0.1226296034, "incomeTaxExpense": 51645000, "netIncome": 83710000, "netIncomeRatio": 0.0758400067, "eps": 0.13, "epsdiluted": 0.12, "weightedAverageShsOut": 670729856, "weightedAverageShsOutDil": 687953936, "link": "https://www.sec.gov/Archives/edgar/data/820313/000091205702012175/0000912057-02-012175-index.htm", "finalLink": "https://www.sec.gov/Archives/edgar/data/820313/000091205702012175/a2073881z10-k.txt", "calculatedOtherExpenses": 46656000, "calculatedOperatingExpenses": 202466000, "calculatedNetInterest": 0, "calculatedOtherIncome": -61672000, "calculatedIncomeNonControlling": 0, "calculatedEbitda": 245918000}, {"date": "2000-12-31", "symbol": "APH", "reportedCurrency": "USD", "cik": "0000820313", "fillingDate": "2001-03-30", "acceptedDate": "2001-03-30 00:00:00", "calendarYear": "2000", "period": "FY", "revenue": 1359702000, "costOfRevenue": 884148000, "grossProfit": 475554000, "grossProfitRatio": 0.3497486949, "researchAndDevelopmentExpenses": 0, "generalAndAdministrativeExpenses": 186052000, "sellingAndMarketingExpenses": 0, "sellingGeneralAndAdministrativeExpenses": 186052000, "otherExpenses": 45079000, "operatingExpenses": 231131000, "costAndExpenses": 1115279000, "interestIncome": 0, "interestExpense": 0, "depreciationAndAmortization": 45079000, "ebitda": 298997000, "ebitdaratio": 0.219898919, "operatingIncome": 244423000, "operatingIncomeRatio": 0.1797621832, "totalOtherIncomeExpensesNet": -9495000, "incomeBeforeTax": 173218000, "incomeBeforeTaxRatio": 0.1273940908, "incomeTaxExpense": 65314000, "netIncome": 107904000, "netIncomeRatio": 0.0793585653, "eps": 0.16, "epsdiluted": 0.16, "weightedAverageShsOut": 665345104, "weightedAverageShsOutDil": 686062752, "link": "https://www.sec.gov/Archives/edgar/data/820313/000091205701505632/0000912057-01-505632-index.htm", "finalLink": "https://www.sec.gov/Archives/edgar/data/820313/000091205701505632/a2042863z10-k.txt", "calculatedOtherExpenses": 45079000, "calculatedOperatingExpenses": 231131000, "calculatedNetInterest": 0, "calculatedOtherIncome": -71205000, "calculatedIncomeNonControlling": 0, "calculatedEbitda": 289502000}, {"date": "1999-12-31", "symbol": "APH", "reportedCurrency": "USD", "cik": "0000820313", "fillingDate": "2000-03-29", "acceptedDate": "2000-03-29 00:00:00", "calendarYear": "1999", "period": "FY", "revenue": 1010600000, "costOfRevenue": 661300000, "grossProfit": 349300000, "grossProfitRatio": 0.3456362557, "researchAndDevelopmentExpenses": 0, "generalAndAdministrativeExpenses": 145900000, "sellingAndMarketingExpenses": 0, "sellingGeneralAndAdministrativeExpenses": 145900000, "otherExpenses": 42800000, "operatingExpenses": 188700000, "costAndExpenses": 850000000, "interestIncome": 0, "interestExpense": 0, "depreciationAndAmortization": 42800000, "ebitda": 203400000, "ebitdaratio": 0.2012665743, "operatingIncome": 160600000, "operatingIncomeRatio": 0.1589154957, "totalOtherIncomeExpensesNet": -84400000, "incomeBeforeTax": 76200000, "incomeBeforeTaxRatio": 0.075400752, "incomeTaxExpense": 31900000, "netIncome": 35600000, "netIncomeRatio": 0.0352265981, "eps": 0.0619, "epsdiluted": 0.0606, "weightedAverageShsOut": 576952896, "weightedAverageShsOutDil": 586624256, "link": "https://www.sec.gov/Archives/edgar/data/820313/000100547700002600/0001005477-00-002600-index.html", "finalLink": "https://www.sec.gov/Archives/edgar/data/820313/000100547700002600/", "calculatedOtherExpenses": 42800000, "calculatedOperatingExpenses": 188700000, "calculatedNetInterest": 0, "calculatedOtherIncome": -84400000, "calculatedIncomeNonControlling": 8700000, "calculatedEbitda": 203400000}, {"date": "1998-12-31", "symbol": "APH", "reportedCurrency": "USD", "cik": "0000820313", "fillingDate": "1999-03-30", "acceptedDate": "1999-03-30 00:00:00", "calendarYear": "1998", "period": "FY", "revenue": 918900000, "costOfRevenue": 599200000, "grossProfit": 319700000, "grossProfitRatio": 0.3479159865, "researchAndDevelopmentExpenses": 0, "generalAndAdministrativeExpenses": 132000000, "sellingAndMarketingExpenses": 0, "sellingGeneralAndAdministrativeExpenses": 132000000, "otherExpenses": 38000000, "operatingExpenses": 170000000, "costAndExpenses": 769200000, "interestIncome": 0, "interestExpense": 0, "depreciationAndAmortization": 38000000, "ebitda": 192200000, "ebitdaratio": 0.2091631298, "operatingIncome": 149700000, "operatingIncomeRatio": 0.1629121776, "totalOtherIncomeExpensesNet": -4500000, "incomeBeforeTax": 64000000, "incomeBeforeTaxRatio": 0.0696484928, "incomeTaxExpense": 27500000, "netIncome": 36500000, "netIncomeRatio": 0.039721406, "eps": 0.0647, "epsdiluted": 0.0634, "weightedAverageShsOut": 565222784, "weightedAverageShsOutDil": 574156704, "link": "https://www.sec.gov/Archives/edgar/data/820313/000100547799001481/0001005477-99-001481-index.html", "finalLink": "https://www.sec.gov/Archives/edgar/data/820313/", "calculatedOtherExpenses": 38000000, "calculatedOperatingExpenses": 170000000, "calculatedNetInterest": 0, "calculatedOtherIncome": -85700000, "calculatedIncomeNonControlling": 0, "calculatedEbitda": 187700000}, {"date": "1997-12-31", "symbol": "APH", "reportedCurrency": "USD", "cik": "0000820313", "fillingDate": "1998-03-30", "acceptedDate": "1998-03-30 00:00:00", "calendarYear": "1997", "period": "FY", "revenue": 884300000, "costOfRevenue": 569500000, "grossProfit": 314800000, "grossProfitRatio": 0.355987787, "researchAndDevelopmentExpenses": 0, "generalAndAdministrativeExpenses": 125100000, "sellingAndMarketingExpenses": 0, "sellingGeneralAndAdministrativeExpenses": 125100000, "otherExpenses": 34300000, "operatingExpenses": 159400000, "costAndExpenses": 728900000, "interestIncome": 0, "interestExpense": 0, "depreciationAndAmortization": 34300000, "ebitda": 193300000, "ebitdaratio": 0.2185909759, "operatingIncome": 155400000, "operatingIncomeRatio": 0.1757322176, "totalOtherIncomeExpensesNet": -3600000, "incomeBeforeTax": 87100000, "incomeBeforeTaxRatio": 0.0984959855, "incomeTaxExpense": 35900000, "netIncome": 26700000, "netIncomeRatio": 0.0301933733, "eps": 0.03, "epsdiluted": 0.0297, "weightedAverageShsOut": 889800320, "weightedAverageShsOutDil": 896095264, "link": "https://www.sec.gov/Archives/edgar/data/820313/000100547798000987/0001005477-98-000987-index.html", "finalLink": "https://www.sec.gov/Archives/edgar/data/820313/", "calculatedOtherExpenses": 34300000, "calculatedOperatingExpenses": 159400000, "calculatedNetInterest": 0, "calculatedOtherIncome": -68300000, "calculatedIncomeNonControlling": 24500000, "calculatedEbitda": 189700000}, {"date": "1996-12-31", "symbol": "APH", "reportedCurrency": "USD", "cik": "0000820313", "fillingDate": "1997-02-19", "acceptedDate": "1997-02-19 00:00:00", "calendarYear": "1996", "period": "FY", "revenue": 776200000, "costOfRevenue": 494000000, "grossProfit": 282200000, "grossProfitRatio": 0.3635660912, "researchAndDevelopmentExpenses": 0, "generalAndAdministrativeExpenses": 114700000, "sellingAndMarketingExpenses": 0, "sellingGeneralAndAdministrativeExpenses": 114700000, "otherExpenses": 29500000, "operatingExpenses": 144200000, "costAndExpenses": 638200000, "interestIncome": 0, "interestExpense": 0, "depreciationAndAmortization": 29500000, "ebitda": 171200000, "ebitdaratio": 0.2205617109, "operatingIncome": 138000000, "operatingIncomeRatio": 0.1777892296, "totalOtherIncomeExpensesNet": -3700000, "incomeBeforeTax": 109700000, "incomeBeforeTaxRatio": 0.1413295542, "incomeTaxExpense": 42100000, "netIncome": 67600000, "netIncomeRatio": 0.0870909559, "eps": 0.0453, "epsdiluted": 0.0453, "weightedAverageShsOut": 1492785312, "weightedAverageShsOutDil": 1897674419, "link": "https://www.sec.gov/Archives/edgar/data/820313/000091205797006052/0000912057-97-006052-index.html", "finalLink": "https://www.sec.gov/Archives/edgar/data/820313/", "calculatedOtherExpenses": 29500000, "calculatedOperatingExpenses": 144200000, "calculatedNetInterest": 0, "calculatedOtherIncome": -28300000, "calculatedIncomeNonControlling": 0, "calculatedEbitda": 167500000}, {"date": "1995-12-31", "symbol": "APH", "reportedCurrency": "USD", "cik": "0000820313", "fillingDate": "1995-12-31", "acceptedDate": "1995-12-30 19:00:00", "calendarYear": "1995", "period": "FY", "revenue": 783200000, "costOfRevenue": 506100000, "grossProfit": 277100000, "grossProfitRatio": 0.353804903, "researchAndDevelopmentExpenses": 0, "generalAndAdministrativeExpenses": 114000000, "sellingAndMarketingExpenses": 0, "sellingGeneralAndAdministrativeExpenses": 114000000, "otherExpenses": 28400000, "operatingExpenses": 142400000, "costAndExpenses": 648500000, "interestIncome": 0, "interestExpense": 0, "depreciationAndAmortization": 28400000, "ebitda": 167600000, "ebitdaratio": 0.2139938713, "operatingIncome": 134700000, "operatingIncomeRatio": 0.1719867211, "totalOtherIncomeExpensesNet": -4500000, "incomeBeforeTax": 104700000, "incomeBeforeTaxRatio": 0.1336823289, "incomeTaxExpense": 41800000, "netIncome": 62900000, "netIncomeRatio": 0.0803115424, "eps": 0.0419, "epsdiluted": 0.0419, "weightedAverageShsOut": 1502089552, "weightedAverageShsOutDil": 1502089552, "link": "", "finalLink": "", "calculatedOtherExpenses": 28400000, "calculatedOperatingExpenses": 142400000, "calculatedNetInterest": 0, "calculatedOtherIncome": -30000000, "calculatedIncomeNonControlling": 0, "calculatedEbitda": 163100000}, {"date": "1994-12-31", "symbol": "APH", "reportedCurrency": "USD", "cik": "0000820313", "fillingDate": "1994-12-31", "acceptedDate": "1994-12-30 19:00:00", "calendarYear": "1994", "period": "FY", "revenue": 692700000, "costOfRevenue": 457600000, "grossProfit": 235100000, "grossProfitRatio": 0.3393965642, "researchAndDevelopmentExpenses": 0, "generalAndAdministrativeExpenses": 102200000, "sellingAndMarketingExpenses": 0, "sellingGeneralAndAdministrativeExpenses": 102200000, "otherExpenses": 28800000, "operatingExpenses": 131000000, "costAndExpenses": 588600000, "interestIncome": 0, "interestExpense": 0, "depreciationAndAmortization": 28800000, "ebitda": 137100000, "ebitdaratio": 0.197921178, "operatingIncome": 104100000, "operatingIncomeRatio": 0.1502815071, "totalOtherIncomeExpensesNet": -4200000, "incomeBeforeTax": 69500000, "incomeBeforeTaxRatio": 0.1003320341, "incomeTaxExpense": 27100000, "netIncome": 38300000, "netIncomeRatio": 0.0552908907, "eps": 0.0256, "epsdiluted": 0.0256, "weightedAverageShsOut": 1494634146, "weightedAverageShsOutDil": 1494634146, "link": "", "finalLink": "", "calculatedOtherExpenses": 28800000, "calculatedOperatingExpenses": 131000000, "calculatedNetInterest": 0, "calculatedOtherIncome": -34600000, "calculatedIncomeNonControlling": 4100000, "calculatedEbitda": 132900000}, {"date": "1993-12-31", "symbol": "APH", "reportedCurrency": "USD", "cik": "0000820313", "fillingDate": "1993-12-31", "acceptedDate": "1993-12-30 19:00:00", "calendarYear": "1993", "period": "FY", "revenue": 604000000, "costOfRevenue": 404700000, "grossProfit": 199300000, "grossProfitRatio": 0.3299668874, "researchAndDevelopmentExpenses": 0, "generalAndAdministrativeExpenses": 89400000, "sellingAndMarketingExpenses": 0, "sellingGeneralAndAdministrativeExpenses": 89400000, "otherExpenses": 28600000, "operatingExpenses": 118000000, "costAndExpenses": 522700000, "interestIncome": 0, "interestExpense": 0, "depreciationAndAmortization": 28600000, "ebitda": 111900000, "ebitdaratio": 0.1852649007, "operatingIncome": 81300000, "operatingIncomeRatio": 0.134602649, "totalOtherIncomeExpensesNet": -2000000, "incomeBeforeTax": 38000000, "incomeBeforeTaxRatio": 0.0629139073, "incomeTaxExpense": 13300000, "netIncome": 24700000, "netIncomeRatio": 0.0408940397, "eps": 0.0181, "epsdiluted": 0.0181, "weightedAverageShsOut": 1362758621, "weightedAverageShsOutDil": 1362758621, "link": "", "finalLink": "", "calculatedOtherExpenses": 28600000, "calculatedOperatingExpenses": 118000000, "calculatedNetInterest": 0, "calculatedOtherIncome": -43300000, "calculatedIncomeNonControlling": 0, "calculatedEbitda": 109900000}, {"date": "1992-12-31", "symbol": "APH", "reportedCurrency": "USD", "cik": "0000820313", "fillingDate": "1992-12-31", "acceptedDate": "1992-12-30 19:00:00", "calendarYear": "1992", "period": "FY", "revenue": 457700000, "costOfRevenue": 313300000, "grossProfit": 144400000, "grossProfitRatio": 0.315490496, "researchAndDevelopmentExpenses": 0, "generalAndAdministrativeExpenses": 75100000, "sellingAndMarketingExpenses": 0, "sellingGeneralAndAdministrativeExpenses": 75100000, "otherExpenses": 26000000, "operatingExpenses": 101100000, "costAndExpenses": 414400000, "interestIncome": 0, "interestExpense": 0, "depreciationAndAmortization": 26000000, "ebitda": 71800000, "ebitdaratio": 0.1568713131, "operatingIncome": 43300000, "operatingIncomeRatio": 0.094603452, "totalOtherIncomeExpensesNet": -2500000, "incomeBeforeTax": 11300000, "incomeBeforeTaxRatio": 0.0246886607, "incomeTaxExpense": 2700000, "netIncome": 8600000, "netIncomeRatio": 0.0187896002, "eps": 0.0081, "epsdiluted": 0.0081, "weightedAverageShsOut": 1058461538, "weightedAverageShsOutDil": 1058461538, "link": "", "finalLink": "", "calculatedOtherExpenses": 26000000, "calculatedOperatingExpenses": 101100000, "calculatedNetInterest": 0, "calculatedOtherIncome": -32000000, "calculatedIncomeNonControlling": 0, "calculatedEbitda": 69300000}, {"date": "1991-12-31", "symbol": "APH", "reportedCurrency": "USD", "cik": "0000820313", "fillingDate": "1991-12-31", "acceptedDate": "1991-12-30 19:00:00", "calendarYear": "1991", "period": "FY", "revenue": 489100000, "costOfRevenue": 326900000, "grossProfit": 162200000, "grossProfitRatio": 0.3316295236, "researchAndDevelopmentExpenses": 0, "generalAndAdministrativeExpenses": 79500000, "sellingAndMarketingExpenses": 0, "sellingGeneralAndAdministrativeExpenses": 79500000, "otherExpenses": 29900000, "operatingExpenses": 109400000, "costAndExpenses": 436300000, "interestIncome": 0, "interestExpense": 0, "depreciationAndAmortization": 29900000, "ebitda": 79500000, "ebitdaratio": 0.1625434471, "operatingIncome": 52800000, "operatingIncomeRatio": 0.1079533838, "totalOtherIncomeExpensesNet": 3200000, "incomeBeforeTax": -3500000, "incomeBeforeTaxRatio": -0.0071560008, "incomeTaxExpense": 3000000, "netIncome": -6500000, "netIncomeRatio": -0.0132897158, "eps": -0.0122, "epsdiluted": -0.0122, "weightedAverageShsOut": 533333333, "weightedAverageShsOutDil": 533333333, "link": "", "finalLink": "", "calculatedOtherExpenses": 29900000, "calculatedOperatingExpenses": 109400000, "calculatedNetInterest": 0, "calculatedOtherIncome": -56300000, "calculatedIncomeNonControlling": 0, "calculatedEbitda": 82700000}, {"date": "1990-12-31", "symbol": "APH", "reportedCurrency": "USD", "cik": "0000820313", "fillingDate": "1990-12-31", "acceptedDate": "1990-12-30 19:00:00", "calendarYear": "1990", "period": "FY", "revenue": 420900000, "costOfRevenue": 286900000, "grossProfit": 134000000, "grossProfitRatio": 0.3183654075, "researchAndDevelopmentExpenses": 0, "generalAndAdministrativeExpenses": 67400000, "sellingAndMarketingExpenses": 0, "sellingGeneralAndAdministrativeExpenses": 67400000, "otherExpenses": 26700000, "operatingExpenses": 94100000, "costAndExpenses": 381000000, "interestIncome": 0, "interestExpense": 0, "depreciationAndAmortization": 26700000, "ebitda": 62800000, "ebitdaratio": 0.1492040865, "operatingIncome": 39900000, "operatingIncomeRatio": 0.0947968639, "totalOtherIncomeExpensesNet": 3800000, "incomeBeforeTax": -13400000, "incomeBeforeTaxRatio": -0.0318365407, "incomeTaxExpense": -1300000, "netIncome": -12100000, "netIncomeRatio": -0.0287479211, "eps": -0.0369, "epsdiluted": -0.0369, "weightedAverageShsOut": 328135593, "weightedAverageShsOutDil": 328135593, "link": "", "finalLink": "", "calculatedOtherExpenses": 26700000, "calculatedOperatingExpenses": 94100000, "calculatedNetInterest": 0, "calculatedOtherIncome": -53300000, "calculatedIncomeNonControlling": 0, "calculatedEbitda": 66600000}]}