{"originalCurrency": "USD", "convertedCurrency": "USD", "report": [{"date": "2023-12-31", "symbol": "APLE", "reportedCurrency": "USD", "cik": "0001418121", "fillingDate": "2024-02-22", "acceptedDate": "2024-02-22 16:16:23", "calendarYear": "2023", "period": "FY", "revenue": 1343800000, "costOfRevenue": 1043273999, "grossProfit": 300526001, "grossProfitRatio": 0.2236389351, "researchAndDevelopmentExpenses": 0, "generalAndAdministrativeExpenses": 47401000, "sellingAndMarketingExpenses": 117538000, "sellingGeneralAndAdministrativeExpenses": 47401000, "otherExpenses": -47401000, "operatingExpenses": 47401000, "costAndExpenses": 1090675000, "interestIncome": 0, "interestExpense": 92704000, "depreciationAndAmortization": 183242000, "ebitda": 436367000, "ebitdaratio": 0.3247261497, "operatingIncome": 253125000, "operatingIncomeRatio": 0.1883650841, "totalOtherIncomeExpensesNet": -74501000, "incomeBeforeTax": 178624000, "incomeBeforeTaxRatio": 0.1329245423, "incomeTaxExpense": 1135000, "netIncome": 177489000, "netIncomeRatio": 0.1320799226, "eps": 0.77, "epsdiluted": 0.77, "weightedAverageShsOut": 229329000, "weightedAverageShsOutDil": 229329000, "link": "https://www.sec.gov/Archives/edgar/data/1418121/000095017024018793/0000950170-24-018793-index.htm", "finalLink": "https://www.sec.gov/Archives/edgar/data/1418121/000095017024018793/aple-20231231.htm", "calculatedOtherExpenses": 1, "calculatedOperatingExpenses": 47401001, "calculatedNetInterest": -92704000, "calculatedOtherIncome": 18203000, "calculatedIncomeNonControlling": 0, "calculatedEbitda": 436367000}, {"date": "2022-12-31", "symbol": "APLE", "reportedCurrency": "USD", "cik": "0001418121", "fillingDate": "2023-02-21", "acceptedDate": "2023-02-21 16:19:10", "calendarYear": "2022", "period": "FY", "revenue": 1238417000, "costOfRevenue": 783388000, "grossProfit": 455029000, "grossProfitRatio": 0.3674279342, "researchAndDevelopmentExpenses": 0, "generalAndAdministrativeExpenses": 42464000, "sellingAndMarketingExpenses": 104756000, "sellingGeneralAndAdministrativeExpenses": 42464000, "otherExpenses": 181697000, "operatingExpenses": 224161000, "costAndExpenses": 1007549000, "interestIncome": 59733000, "interestExpense": 59733000, "depreciationAndAmortization": 206087000, "ebitda": 412565000, "ebitdaratio": 0.3331389992, "operatingIncome": 206478000, "operatingIncomeRatio": 0.1667273624, "totalOtherIncomeExpensesNet": -59733000, "incomeBeforeTax": 146745000, "incomeBeforeTaxRatio": 0.1184940129, "incomeTaxExpense": 1940000, "netIncome": 144805000, "netIncomeRatio": 0.116927497, "eps": 0.63, "epsdiluted": 0.63, "weightedAverageShsOut": 228946000, "weightedAverageShsOutDil": 228946000, "link": "https://www.sec.gov/Archives/edgar/data/1418121/000095017023003449/0000950170-23-003449-index.htm", "finalLink": "https://www.sec.gov/Archives/edgar/data/1418121/000095017023003449/aple-20221231.htm", "calculatedOtherExpenses": 206087000, "calculatedOperatingExpenses": 248551000, "calculatedNetInterest": 0, "calculatedOtherIncome": -59733000, "calculatedIncomeNonControlling": 0, "calculatedEbitda": 412565000}, {"date": "2021-12-31", "symbol": "APLE", "reportedCurrency": "USD", "cik": "0001418121", "fillingDate": "2022-02-22", "acceptedDate": "2022-02-22 16:29:37", "calendarYear": "2021", "period": "FY", "revenue": 933869000, "costOfRevenue": 614158000, "grossProfit": 319711000, "grossProfitRatio": 0.342351015, "researchAndDevelopmentExpenses": 0, "generalAndAdministrativeExpenses": 41038000, "sellingAndMarketingExpenses": 79834000, "sellingGeneralAndAdministrativeExpenses": 41038000, "otherExpenses": 184471000, "operatingExpenses": 225509000, "costAndExpenses": 839667000, "interestIncome": 67748000, "interestExpense": 67748000, "depreciationAndAmortization": 191629000, "ebitda": 278673000, "ebitdaratio": 0.29840695, "operatingIncome": 87044000, "operatingIncomeRatio": 0.0932079339, "totalOtherIncomeExpensesNet": -67748000, "incomeBeforeTax": 19296000, "incomeBeforeTaxRatio": 0.020662427, "incomeTaxExpense": 468000, "netIncome": 18828000, "netIncomeRatio": 0.020161286, "eps": 0.0832, "epsdiluted": 0.0832, "weightedAverageShsOut": 226361000, "weightedAverageShsOutDil": 226361000, "link": "https://www.sec.gov/Archives/edgar/data/1418121/000156459022005942/0001564590-22-005942-index.htm", "finalLink": "https://www.sec.gov/Archives/edgar/data/1418121/000156459022005942/aple-10k_20211231.htm", "calculatedOtherExpenses": 191629000, "calculatedOperatingExpenses": 232667000, "calculatedNetInterest": 0, "calculatedOtherIncome": -67748000, "calculatedIncomeNonControlling": 0, "calculatedEbitda": 278673000}, {"date": "2020-12-31", "symbol": "APLE", "reportedCurrency": "USD", "cik": "0001418121", "fillingDate": "2021-02-23", "acceptedDate": "2021-02-23 16:19:13", "calendarYear": "2020", "period": "FY", "revenue": 601879000, "costOfRevenue": 480516000, "grossProfit": 121363000, "grossProfitRatio": 0.2016401968, "researchAndDevelopmentExpenses": 0, "generalAndAdministrativeExpenses": 29374000, "sellingAndMarketingExpenses": 61003000, "sellingGeneralAndAdministrativeExpenses": 29374000, "otherExpenses": 199786000, "operatingExpenses": 229160000, "costAndExpenses": 709676000, "interestIncome": 70835000, "interestExpense": 70835000, "depreciationAndAmortization": 199786000, "ebitda": 91989000, "ebitdaratio": 0.1528363674, "operatingIncome": -107797000, "operatingIncomeRatio": -0.1791007827, "totalOtherIncomeExpensesNet": -65078000, "incomeBeforeTax": -172875000, "incomeBeforeTaxRatio": -0.2872255055, "incomeTaxExpense": 332000, "netIncome": -173207000, "netIncomeRatio": -0.2877771113, "eps": -0.77, "epsdiluted": -0.77, "weightedAverageShsOut": 223544000, "weightedAverageShsOutDil": 223544000, "link": "https://www.sec.gov/Archives/edgar/data/1418121/000156459021007573/0001564590-21-007573-index.htm", "finalLink": "https://www.sec.gov/Archives/edgar/data/1418121/000156459021007573/aple-10k_20201231.htm", "calculatedOtherExpenses": 199786000, "calculatedOperatingExpenses": 229160000, "calculatedNetInterest": 0, "calculatedOtherIncome": -65078000, "calculatedIncomeNonControlling": 0, "calculatedEbitda": 91989000}, {"date": "2019-12-31", "symbol": "APLE", "reportedCurrency": "USD", "cik": "0001418121", "fillingDate": "2020-02-24", "acceptedDate": "2020-02-24 16:29:31", "calendarYear": "2019", "period": "FY", "revenue": 1266597000, "costOfRevenue": 801914000, "grossProfit": 464683000, "grossProfitRatio": 0.3668751781, "researchAndDevelopmentExpenses": 0, "generalAndAdministrativeExpenses": 36210000, "sellingAndMarketingExpenses": 116089000, "sellingGeneralAndAdministrativeExpenses": 36210000, "otherExpenses": 193240000, "operatingExpenses": 229450000, "costAndExpenses": 1031364000, "interestIncome": 61191000, "interestExpense": 61191000, "depreciationAndAmortization": 194686000, "ebitda": 428473000, "ebitdaratio": 0.3382867637, "operatingIncome": 233787000, "operatingIncomeRatio": 0.184578836, "totalOtherIncomeExpensesNet": -61191000, "incomeBeforeTax": 172596000, "incomeBeforeTaxRatio": 0.1362674947, "incomeTaxExpense": 679000, "netIncome": 171917000, "netIncomeRatio": 0.1357314126, "eps": 0.77, "epsdiluted": 0.77, "weightedAverageShsOut": 223910000, "weightedAverageShsOutDil": 223910000, "link": "https://www.sec.gov/Archives/edgar/data/1418121/000118518520000213/0001185185-20-000213-index.htm", "finalLink": "https://www.sec.gov/Archives/edgar/data/1418121/000118518520000213/aple20191231_10k.htm", "calculatedOtherExpenses": 194686000, "calculatedOperatingExpenses": 230896000, "calculatedNetInterest": 0, "calculatedOtherIncome": -61191000, "calculatedIncomeNonControlling": 0, "calculatedEbitda": 428473000}, {"date": "2018-12-31", "symbol": "APLE", "reportedCurrency": "USD", "cik": "0001418121", "fillingDate": "2019-02-25", "acceptedDate": "2019-02-25 16:32:37", "calendarYear": "2018", "period": "FY", "revenue": 1270555000, "costOfRevenue": 801938000, "grossProfit": 468617000, "grossProfitRatio": 0.3688285828, "researchAndDevelopmentExpenses": 0, "generalAndAdministrativeExpenses": 24294000, "sellingAndMarketingExpenses": 105834000, "sellingGeneralAndAdministrativeExpenses": 24294000, "otherExpenses": 183482000, "operatingExpenses": 207776000, "costAndExpenses": 1009714000, "interestIncome": 0, "interestExpense": 51185000, "depreciationAndAmortization": 183482000, "ebitda": 444323000, "ebitdaratio": 0.3497078049, "operatingIncome": 257858000, "operatingIncomeRatio": 0.2029491049, "totalOtherIncomeExpensesNet": -2983000, "incomeBeforeTax": 206673000, "incomeBeforeTaxRatio": 0.1626635604, "incomeTaxExpense": 587000, "netIncome": 206086000, "netIncomeRatio": 0.1622015576, "eps": 0.9, "epsdiluted": 0.9, "weightedAverageShsOut": 229659000, "weightedAverageShsOutDil": 229659000, "link": "https://www.sec.gov/Archives/edgar/data/1418121/000118518519000277/0001185185-19-000277-index.htm", "finalLink": "https://www.sec.gov/Archives/edgar/data/1418121/000118518519000277/aple20181231_10k.htm", "calculatedOtherExpenses": 186465000, "calculatedOperatingExpenses": 210759000, "calculatedNetInterest": -51185000, "calculatedOtherIncome": 0, "calculatedIncomeNonControlling": 0, "calculatedEbitda": 441340000}, {"date": "2017-12-31", "symbol": "APLE", "reportedCurrency": "USD", "cik": "0001418121", "fillingDate": "2018-02-22", "acceptedDate": "2018-02-22 16:28:52", "calendarYear": "2017", "period": "FY", "revenue": 1238622000, "costOfRevenue": 778106000, "grossProfit": 460516000, "grossProfitRatio": 0.3717970454, "researchAndDevelopmentExpenses": 0, "generalAndAdministrativeExpenses": 26341000, "sellingAndMarketingExpenses": 100877000, "sellingGeneralAndAdministrativeExpenses": 26341000, "otherExpenses": 176499000, "operatingExpenses": 202840000, "costAndExpenses": 980946000, "interestIncome": 0, "interestExpense": 47343000, "depreciationAndAmortization": 176499000, "ebitda": 434175000, "ebitdaratio": 0.3505306704, "operatingIncome": 214387000, "operatingIncomeRatio": 0.1730850897, "totalOtherIncomeExpensesNet": -26994000, "incomeBeforeTax": 183339000, "incomeBeforeTaxRatio": 0.1480185238, "incomeTaxExpense": 847000, "netIncome": 182492000, "netIncomeRatio": 0.1473346994, "eps": 0.82, "epsdiluted": 0.82, "weightedAverageShsOut": 223526000, "weightedAverageShsOutDil": 223526000, "link": "https://www.sec.gov/Archives/edgar/data/1418121/000118518518000290/0001185185-18-000290-index.htm", "finalLink": "https://www.sec.gov/Archives/edgar/data/1418121/000118518518000290/applehospitality10k123117.htm", "calculatedOtherExpenses": 219788000, "calculatedOperatingExpenses": 246129000, "calculatedNetInterest": -47343000, "calculatedOtherIncome": 16295000, "calculatedIncomeNonControlling": 0, "calculatedEbitda": 390886000}, {"date": "2016-12-31", "symbol": "APLE", "reportedCurrency": "USD", "cik": "0001418121", "fillingDate": "2017-02-27", "acceptedDate": "2017-02-27 16:33:02", "calendarYear": "2016", "period": "FY", "revenue": 1041025000, "costOfRevenue": 650108000, "grossProfit": 390917000, "grossProfitRatio": 0.3755116352, "researchAndDevelopmentExpenses": 0, "generalAndAdministrativeExpenses": 17032000, "sellingAndMarketingExpenses": 82663000, "sellingGeneralAndAdministrativeExpenses": 17032000, "otherExpenses": 148163000, "operatingExpenses": 165195000, "costAndExpenses": 815303000, "interestIncome": 0, "interestExpense": 40026000, "depreciationAndAmortization": 148163000, "ebitda": 373885000, "ebitdaratio": 0.3591508369, "operatingIncome": 185262000, "operatingIncomeRatio": 0.1779611441, "totalOtherIncomeExpensesNet": -40613000, "incomeBeforeTax": 145083000, "incomeBeforeTaxRatio": 0.1393655292, "incomeTaxExpense": 431000, "netIncome": 144652000, "netIncomeRatio": 0.1389515141, "eps": 0.76, "epsdiluted": 0.76, "weightedAverageShsOut": 190856000, "weightedAverageShsOutDil": 190856000, "link": "https://www.sec.gov/Archives/edgar/data/1418121/000118518517000461/0001185185-17-000461-index.htm", "finalLink": "https://www.sec.gov/Archives/edgar/data/1418121/000118518517000461/applehospitality10k123116.htm", "calculatedOtherExpenses": 188623000, "calculatedOperatingExpenses": 205655000, "calculatedNetInterest": -40026000, "calculatedOtherIncome": -153000, "calculatedIncomeNonControlling": 0, "calculatedEbitda": 333425000}, {"date": "2015-12-31", "symbol": "APLE", "reportedCurrency": "USD", "cik": "0001418121", "fillingDate": "2016-02-25", "acceptedDate": "2016-02-25 16:27:43", "calendarYear": "2015", "period": "FY", "revenue": 898314000, "costOfRevenue": 563100000, "grossProfit": 335214000, "grossProfitRatio": 0.3731590513, "researchAndDevelopmentExpenses": 0, "generalAndAdministrativeExpenses": 19552000, "sellingAndMarketingExpenses": 71009000, "sellingGeneralAndAdministrativeExpenses": 19552000, "otherExpenses": 127449000, "operatingExpenses": 147001000, "costAndExpenses": 710101000, "interestIncome": 0, "interestExpense": 33132000, "depreciationAndAmortization": 127449000, "ebitda": 315662000, "ebitdaratio": 0.3513938333, "operatingIncome": 136032000, "operatingIncomeRatio": 0.1514303462, "totalOtherIncomeExpensesNet": -36895000, "incomeBeforeTax": 118186000, "incomeBeforeTaxRatio": 0.1315642415, "incomeTaxExpense": 898000, "netIncome": 117288000, "netIncomeRatio": 0.130564591, "eps": 0.65, "epsdiluted": 0.65, "weightedAverageShsOut": 180261000, "weightedAverageShsOutDil": 180261000, "link": "https://www.sec.gov/Archives/edgar/data/1418121/000118518516003772/0001185185-16-003772-index.htm", "finalLink": "https://www.sec.gov/Archives/edgar/data/1418121/000118518516003772/ahr10k123115.htm", "calculatedOtherExpenses": 179630000, "calculatedOperatingExpenses": 199182000, "calculatedNetInterest": -33132000, "calculatedOtherIncome": 15286000, "calculatedIncomeNonControlling": 0, "calculatedEbitda": 263481000}, {"date": "2014-12-31", "symbol": "APLE", "reportedCurrency": "USD", "cik": "0001418121", "fillingDate": "2015-03-06", "acceptedDate": "2015-03-06 16:41:54", "calendarYear": "2014", "period": "FY", "revenue": 803896000, "costOfRevenue": 504282000, "grossProfit": 299614000, "grossProfitRatio": 0.3727024391, "researchAndDevelopmentExpenses": 0, "generalAndAdministrativeExpenses": 20914000, "sellingAndMarketingExpenses": 64555000, "sellingGeneralAndAdministrativeExpenses": 20914000, "otherExpenses": -117133000, "operatingExpenses": 134026000, "costAndExpenses": 638308000, "interestIncome": 0, "interestExpense": 23523000, "depreciationAndAmortization": 113112000, "ebitda": 161567000, "ebitdaratio": 0.2009799775, "operatingIncome": 32325000, "operatingIncomeRatio": 0.0402104252, "totalOtherIncomeExpensesNet": -133263000, "incomeBeforeTax": 8802000, "incomeBeforeTaxRatio": 0.0109491775, "incomeTaxExpense": 1969000, "netIncome": 6833000, "netIncomeRatio": 0.0084998557, "eps": 0.0366, "epsdiluted": 0.0366, "weightedAverageShsOut": 186910407, "weightedAverageShsOutDil": 186910407, "link": "https://www.sec.gov/Archives/edgar/data/1418121/000118518515000457/0001185185-15-000457-index.htm", "finalLink": "https://www.sec.gov/Archives/edgar/data/1418121/000118518515000457/applehospitalityreit10k12314.htm", "calculatedOtherExpenses": 246375000, "calculatedOperatingExpenses": 267289000, "calculatedNetInterest": -23523000, "calculatedOtherIncome": 0, "calculatedIncomeNonControlling": 0, "calculatedEbitda": 145437000}, {"date": "2013-12-31", "symbol": "APLE", "reportedCurrency": "USD", "cik": "0001418121", "fillingDate": "2014-03-11", "acceptedDate": "2014-03-11 15:16:34", "calendarYear": "2013", "period": "FY", "revenue": 387991000, "costOfRevenue": 241072000, "grossProfit": 146919000, "grossProfitRatio": 0.378666, "researchAndDevelopmentExpenses": 0, "generalAndAdministrativeExpenses": 6169000, "sellingAndMarketingExpenses": 32855000, "sellingGeneralAndAdministrativeExpenses": 6169000, "otherExpenses": 54827000, "operatingExpenses": 60996000, "costAndExpenses": 302068000, "interestIncome": 0, "interestExpense": -8446000, "depreciationAndAmortization": 54827000, "ebitda": 134889000, "ebitdaratio": 0.3476601261, "operatingIncome": 82744000, "operatingIncomeRatio": 0.2132626788, "totalOtherIncomeExpensesNet": 5861000, "incomeBeforeTax": 83338000, "incomeBeforeTaxRatio": 0.2147936421, "incomeTaxExpense": 1422000, "netIncome": 115222000, "netIncomeRatio": 0.296970806, "eps": 1.26, "epsdiluted": 1.26, "weightedAverageShsOut": 91308035, "weightedAverageShsOutDil": 91392065, "link": "https://www.sec.gov/Archives/edgar/data/1418121/000118518514000516/0001185185-14-000516-index.htm", "finalLink": "https://www.sec.gov/Archives/edgar/data/1418121/000118518514000516/applehospitality10k123113.htm", "calculatedOtherExpenses": 58006000, "calculatedOperatingExpenses": 64175000, "calculatedNetInterest": 8446000, "calculatedOtherIncome": -7852000, "calculatedIncomeNonControlling": -33306000, "calculatedEbitda": 137571000}, {"date": "2012-12-31", "symbol": "APLE", "reportedCurrency": "USD", "cik": "0001418121", "fillingDate": "2013-03-07", "acceptedDate": "2013-03-07 15:23:52", "calendarYear": "2012", "period": "FY", "revenue": 365586000, "costOfRevenue": 227718000, "grossProfit": 137868000, "grossProfitRatio": 0.3771150974, "researchAndDevelopmentExpenses": 0, "generalAndAdministrativeExpenses": 9227000, "sellingAndMarketingExpenses": 31263000, "sellingGeneralAndAdministrativeExpenses": 9227000, "otherExpenses": 52748000, "operatingExpenses": 61975000, "costAndExpenses": 289693000, "interestIncome": 0, "interestExpense": -6745000, "depreciationAndAmortization": 52748000, "ebitda": 129105000, "ebitdaratio": 0.3531453611, "operatingIncome": 75429000, "operatingIncomeRatio": 0.2063235463, "totalOtherIncomeExpensesNet": -464000, "incomeBeforeTax": 68684000, "incomeBeforeTaxRatio": 0.1878737151, "incomeTaxExpense": 417000, "netIncome": 75476000, "netIncomeRatio": 0.206452107, "eps": 0.83, "epsdiluted": 0.83, "weightedAverageShsOut": 91111084, "weightedAverageShsOutDil": 91309700, "link": "https://www.sec.gov/Archives/edgar/data/1418121/000118518513000452/0001185185-13-000452-index.htm", "finalLink": "https://www.sec.gov/Archives/edgar/data/1418121/000118518513000452/applereitnine10k123112.htm", "calculatedOtherExpenses": 53212000, "calculatedOperatingExpenses": 62439000, "calculatedNetInterest": 6745000, "calculatedOtherIncome": -13490000, "calculatedIncomeNonControlling": -7209000, "calculatedEbitda": 128177000}, {"date": "2011-12-31", "symbol": "APLE", "reportedCurrency": "USD", "cik": "0001418121", "fillingDate": "2012-03-12", "acceptedDate": "2012-03-12 17:15:51", "calendarYear": "2011", "period": "FY", "revenue": 320500000, "costOfRevenue": 176886000, "grossProfit": 143614000, "grossProfitRatio": 0.4480936037, "researchAndDevelopmentExpenses": 0, "generalAndAdministrativeExpenses": 8189000, "sellingAndMarketingExpenses": 27210000, "sellingGeneralAndAdministrativeExpenses": 35399000, "otherExpenses": 48415000, "operatingExpenses": 83814000, "costAndExpenses": 260700000, "interestIncome": 0, "interestExpense": -4371000, "depreciationAndAmortization": 49815000, "ebitda": 114890000, "ebitdaratio": 0.3584711388, "operatingIncome": 59800000, "operatingIncomeRatio": 0.1865834633, "totalOtherIncomeExpensesNet": -5275000, "incomeBeforeTax": 50154000, "incomeBeforeTaxRatio": 0.1564867395, "incomeTaxExpense": -10188000, "netIncome": 69988000, "netIncomeRatio": 0.2183712949, "eps": 0.77, "epsdiluted": 0.77, "weightedAverageShsOut": 91441808, "weightedAverageShsOutDil": 91441808, "link": "https://www.sec.gov/Archives/edgar/data/1418121/000093041312001500/0000930413-12-001500-index.htm", "finalLink": "https://www.sec.gov/Archives/edgar/data/1418121/000093041312001500/c68778_10k.htm", "calculatedOtherExpenses": 48415000, "calculatedOperatingExpenses": 83814000, "calculatedNetInterest": 4371000, "calculatedOtherIncome": -14017000, "calculatedIncomeNonControlling": -9646000, "calculatedEbitda": 109615000}, {"date": "2010-12-31", "symbol": "APLE", "reportedCurrency": "USD", "cik": "0001418121", "fillingDate": "2011-03-11", "acceptedDate": "2011-03-11 17:27:00", "calendarYear": "2010", "period": "FY", "revenue": 160135000, "costOfRevenue": 107565000, "grossProfit": 52570000, "grossProfitRatio": 0.3282855091, "researchAndDevelopmentExpenses": 0, "generalAndAdministrativeExpenses": 6472000, "sellingAndMarketingExpenses": 13938000, "sellingGeneralAndAdministrativeExpenses": 6472000, "otherExpenses": 28391000, "operatingExpenses": 34863000, "costAndExpenses": 142428000, "interestIncome": 0, "interestExpense": -931000, "depreciationAndAmortization": 30749000, "ebitda": 67835000, "ebitdaratio": 0.4236113279, "operatingIncome": -1672000, "operatingIncomeRatio": -0.0104411902, "totalOtherIncomeExpensesNet": -19379000, "incomeBeforeTax": -2603000, "incomeBeforeTaxRatio": -0.0162550348, "incomeTaxExpense": 1450000, "netIncome": 16257000, "netIncomeRatio": 0.101520592, "eps": 0.0978, "epsdiluted": 0.0978, "weightedAverageShsOut": 166292000, "weightedAverageShsOutDil": 166292000, "link": "https://www.sec.gov/Archives/edgar/data/1418121/000093041311001840/0000930413-11-001840-index.htm", "finalLink": "https://www.sec.gov/Archives/edgar/data/1418121/000093041311001840/c64651_10k.htm", "calculatedOtherExpenses": 47770000, "calculatedOperatingExpenses": 54242000, "calculatedNetInterest": 931000, "calculatedOtherIncome": -1862000, "calculatedIncomeNonControlling": -20310000, "calculatedEbitda": 29077000}, {"date": "2009-12-31", "symbol": "APLE", "reportedCurrency": "USD", "cik": "0001418121", "fillingDate": "2010-03-05", "acceptedDate": "2010-03-05 10:49:35", "calendarYear": "2009", "period": "FY", "revenue": 85206000, "costOfRevenue": 50576000, "grossProfit": 34630000, "grossProfitRatio": 0.4064267775, "researchAndDevelopmentExpenses": 0, "generalAndAdministrativeExpenses": 4079000, "sellingAndMarketingExpenses": 7674000, "sellingGeneralAndAdministrativeExpenses": 11753000, "otherExpenses": 14095000, "operatingExpenses": 25848000, "costAndExpenses": 76424000, "interestIncome": 0, "interestExpense": -1018000, "depreciationAndAmortization": 15936000, "ebitda": 29669000, "ebitdaratio": 0.3482031782, "operatingIncome": 8782000, "operatingIncomeRatio": 0.1030678591, "totalOtherIncomeExpensesNet": -4951000, "incomeBeforeTax": 2813000, "incomeBeforeTaxRatio": 0.033014107, "incomeTaxExpense": -8072000, "netIncome": 16854000, "netIncomeRatio": 0.1978029716, "eps": 0.52, "epsdiluted": 0.52, "weightedAverageShsOut": 33020500, "weightedAverageShsOutDil": 33020500, "link": "https://www.sec.gov/Archives/edgar/data/1418121/000104746910001818/0001047469-10-001818-index.htm", "finalLink": "https://www.sec.gov/Archives/edgar/data/1418121/000104746910001818/a2196983z10-k.htm", "calculatedOtherExpenses": 14095000, "calculatedOperatingExpenses": 25848000, "calculatedNetInterest": 1018000, "calculatedOtherIncome": -6987000, "calculatedIncomeNonControlling": -5969000, "calculatedEbitda": 24718000}, {"date": "2008-12-31", "symbol": "APLE", "reportedCurrency": "USD", "cik": "0001418121", "fillingDate": "2009-03-04", "acceptedDate": "2009-03-04 08:17:08", "calendarYear": "2008", "period": "FY", "revenue": 11500000, "costOfRevenue": 5300000, "grossProfit": 6200000, "grossProfitRatio": 0.5391304348, "researchAndDevelopmentExpenses": 0, "generalAndAdministrativeExpenses": 3134000, "sellingAndMarketingExpenses": 1066000, "sellingGeneralAndAdministrativeExpenses": 4200000, "otherExpenses": 2199999, "operatingExpenses": 6399999, "costAndExpenses": 11700000, "interestIncome": 2721000, "interestExpense": 375000, "depreciationAndAmortization": 2300000, "ebitda": 4875000, "ebitdaratio": 0.4239130435, "operatingIncome": -200000, "operatingIncomeRatio": -0.0173913043, "totalOtherIncomeExpensesNet": 2400000, "incomeBeforeTax": 2200000, "incomeBeforeTaxRatio": 0.1913043478, "incomeTaxExpense": 2775000, "netIncome": 2200000, "netIncomeRatio": 0.1913043478, "eps": 0.0096, "epsdiluted": 0.0096, "weightedAverageShsOut": 228255992, "weightedAverageShsOutDil": 228255992, "link": "https://www.sec.gov/Archives/edgar/data/1418121/000145714309000005/0001457143-09-000005-index.htm", "finalLink": "https://www.sec.gov/Archives/edgar/data/1418121/000145714309000005/apple9-900999.htm", "calculatedOtherExpenses": 2200000, "calculatedOperatingExpenses": 6400000, "calculatedNetInterest": 2346000, "calculatedOtherIncome": 54000, "calculatedIncomeNonControlling": -2775000, "calculatedEbitda": 2100000}]}