{"originalCurrency": "USD", "convertedCurrency": "USD", "report": [{"date": "2023-12-31", "symbol": "APO", "reportedCurrency": "USD", "cik": "0001858681", "fillingDate": "2024-02-27", "acceptedDate": "2024-02-27 16:08:55", "calendarYear": "2023", "period": "FY", "revenue": 33213000000, "costOfRevenue": 916000000, "grossProfit": 32297000000, "grossProfitRatio": 0.9724204378, "researchAndDevelopmentExpenses": 0, "generalAndAdministrativeExpenses": 2567000000, "sellingAndMarketingExpenses": 0, "sellingGeneralAndAdministrativeExpenses": 2567000000, "otherExpenses": -23980000000, "operatingExpenses": 23980000000, "costAndExpenses": 24896000000, "interestIncome": 27000000, "interestExpense": 145000000, "depreciationAndAmortization": 803000000, "ebitda": 9120000000, "ebitdaratio": 0.2745912745, "operatingIncome": 8317000000, "operatingIncomeRatio": 0.2504139945, "totalOtherIncomeExpensesNet": -2731000000, "incomeBeforeTax": 5586000000, "incomeBeforeTaxRatio": 0.1681871556, "incomeTaxExpense": -923000000, "netIncome": 5047000000, "netIncomeRatio": 0.1519585704, "eps": 8.32, "epsdiluted": 8.21, "weightedAverageShsOut": 581380268, "weightedAverageShsOutDil": 588846447, "link": "https://www.sec.gov/Archives/edgar/data/1858681/000185868124000031/0001858681-24-000031-index.htm", "finalLink": "https://www.sec.gov/Archives/edgar/data/1858681/000185868124000031/apo-20231231.htm", "calculatedOtherExpenses": 21413000000, "calculatedOperatingExpenses": 23980000000, "calculatedNetInterest": -118000000, "calculatedOtherIncome": -2613000000, "calculatedIncomeNonControlling": 1462000000, "calculatedEbitda": 9120000000}, {"date": "2022-12-31", "symbol": "APO", "reportedCurrency": "USD", "cik": "0001858681", "fillingDate": "2023-03-01", "acceptedDate": "2023-02-28 21:48:07", "calendarYear": "2022", "period": "FY", "revenue": 3551356000, "costOfRevenue": 1943189000, "grossProfit": 1608167000, "grossProfitRatio": 0.4528318197, "researchAndDevelopmentExpenses": 0, "generalAndAdministrativeExpenses": 648059000, "sellingAndMarketingExpenses": 0, "sellingGeneralAndAdministrativeExpenses": 648059000, "otherExpenses": -14966000, "operatingExpenses": 648059000, "costAndExpenses": 2591248000, "interestIncome": 49754000, "interestExpense": 130509000, "depreciationAndAmortization": 879000000, "ebitda": 994896000, "ebitdaratio": 0.2801453867, "operatingIncome": 115896000, "operatingIncomeRatio": 0.0326342952, "totalOtherIncomeExpensesNet": 2088344000, "incomeBeforeTax": 2204240000, "incomeBeforeTaxRatio": 0.6206755955, "incomeTaxExpense": 209920000, "netIncome": 1994320000, "netIncomeRatio": 0.5615657794, "eps": 3.41, "epsdiluted": 3.41, "weightedAverageShsOut": 584691775, "weightedAverageShsOutDil": 584691775, "link": "https://www.sec.gov/Archives/edgar/data/1858681/000185868123000007/0001858681-23-000007-index.htm", "finalLink": "https://www.sec.gov/Archives/edgar/data/1858681/000185868123000007/apo-20221231.htm", "calculatedOtherExpenses": 844212000, "calculatedOperatingExpenses": 1492271000, "calculatedNetInterest": -80755000, "calculatedOtherIncome": 2169099000, "calculatedIncomeNonControlling": 0, "calculatedEbitda": 994896000}, {"date": "2021-12-31", "symbol": "APO", "reportedCurrency": "USD", "cik": "0001858681", "fillingDate": "2021-12-31", "acceptedDate": "2021-12-31 00:00:00", "calendarYear": "2021", "period": "FY", "revenue": 5951598000, "costOfRevenue": 3493380000, "grossProfit": 2458218000, "grossProfitRatio": 0.413034953, "researchAndDevelopmentExpenses": 0, "generalAndAdministrativeExpenses": 476998000, "sellingAndMarketingExpenses": 0, "sellingGeneralAndAdministrativeExpenses": 476998000, "otherExpenses": -152303000, "operatingExpenses": 476998000, "costAndExpenses": 3970378000, "interestIncome": 4255000, "interestExpense": 139090000, "depreciationAndAmortization": 27330000, "ebitda": 1833172000, "ebitdaratio": 0.3080134109, "operatingIncome": 1805842000, "operatingIncomeRatio": 0.3034213668, "totalOtherIncomeExpensesNet": 3056432000, "incomeBeforeTax": 4862274000, "incomeBeforeTaxRatio": 0.8169694929, "incomeTaxExpense": 594379000, "netIncome": 4267895000, "netIncomeRatio": 0.7171006846, "eps": 18.04, "epsdiluted": 18.04, "weightedAverageShsOut": 236567691, "weightedAverageShsOutDil": 236567691, "link": null, "finalLink": null, "calculatedOtherExpenses": 175378000, "calculatedOperatingExpenses": 652376000, "calculatedNetInterest": -134835000, "calculatedOtherIncome": 3191267000, "calculatedIncomeNonControlling": 0, "calculatedEbitda": 1833172000}, {"date": "2020-12-31", "symbol": "APO", "reportedCurrency": "USD", "cik": "0001858681", "fillingDate": "2020-12-31", "acceptedDate": "2020-12-31 00:00:00", "calendarYear": "2020", "period": "FY", "revenue": 2354019000, "costOfRevenue": 1088698000, "grossProfit": 1265321000, "grossProfitRatio": 0.5375152027, "researchAndDevelopmentExpenses": 0, "generalAndAdministrativeExpenses": 354217000, "sellingAndMarketingExpenses": 0, "sellingGeneralAndAdministrativeExpenses": 354217000, "otherExpenses": 19022000, "operatingExpenses": 354217000, "costAndExpenses": 1442915000, "interestIncome": 455424000, "interestExpense": 380962000, "depreciationAndAmortization": 18828000, "ebitda": 1431496000, "ebitdaratio": 0.6081072413, "operatingIncome": 1412668000, "operatingIncomeRatio": 0.6001090051, "totalOtherIncomeExpensesNet": -858900000, "incomeBeforeTax": 553768000, "incomeBeforeTaxRatio": 0.2352436408, "incomeTaxExpense": 86966000, "netIncome": 466802000, "netIncomeRatio": 0.1983000137, "eps": 2.05, "epsdiluted": 2.05, "weightedAverageShsOut": 227530600, "weightedAverageShsOutDil": 227530600, "link": null, "finalLink": null, "calculatedOtherExpenses": -501564000, "calculatedOperatingExpenses": -147347000, "calculatedNetInterest": 74462000, "calculatedOtherIncome": -933362000, "calculatedIncomeNonControlling": 0, "calculatedEbitda": 1431496000}, {"date": "2019-12-31", "symbol": "APO", "reportedCurrency": "USD", "cik": "0001858681", "fillingDate": "2019-12-31", "acceptedDate": "2019-12-31 00:00:00", "calendarYear": "2019", "period": "FY", "revenue": 2931849000, "costOfRevenue": 1261087000, "grossProfit": 1670762000, "grossProfitRatio": 0.5698663199, "researchAndDevelopmentExpenses": 0, "generalAndAdministrativeExpenses": 330342000, "sellingAndMarketingExpenses": 0, "sellingGeneralAndAdministrativeExpenses": 330342000, "otherExpenses": -47789000, "operatingExpenses": 330342000, "costAndExpenses": 1591429000, "interestIncome": 35522000, "interestExpense": 98369000, "depreciationAndAmortization": 15758000, "ebitda": 1328153000, "ebitdaratio": 0.4530086645, "operatingIncome": 1312395000, "operatingIncomeRatio": 0.4476338993, "totalOtherIncomeExpensesNet": 95454000, "incomeBeforeTax": 1407849000, "incomeBeforeTaxRatio": 0.4801915105, "incomeTaxExpense": -128994000, "netIncome": 1536843000, "netIncomeRatio": 0.5241890015, "eps": 7.42, "epsdiluted": 7.36, "weightedAverageShsOut": 207072413, "weightedAverageShsOutDil": 208748524, "link": null, "finalLink": null, "calculatedOtherExpenses": 28025000, "calculatedOperatingExpenses": 358367000, "calculatedNetInterest": -62847000, "calculatedOtherIncome": 158301000, "calculatedIncomeNonControlling": 0, "calculatedEbitda": 1328153000}, {"date": "2018-12-31", "symbol": "APO", "reportedCurrency": "USD", "cik": "0001858681", "fillingDate": "2019-03-01", "acceptedDate": "2019-03-01 16:08:23", "calendarYear": "2018", "period": "FY", "revenue": 1093065000, "costOfRevenue": 574999000, "grossProfit": 518066000, "grossProfitRatio": 0.4739571755, "researchAndDevelopmentExpenses": 0, "generalAndAdministrativeExpenses": 266444000, "sellingAndMarketingExpenses": 0, "sellingGeneralAndAdministrativeExpenses": 266444000, "otherExpenses": 33707000, "operatingExpenses": 266444000, "costAndExpenses": 841443000, "interestIncome": 20654000, "interestExpense": 59374000, "depreciationAndAmortization": 15233000, "ebitda": 305983000, "ebitdaratio": 0.2799312026, "operatingIncome": 251622000, "operatingIncomeRatio": 0.2301985701, "totalOtherIncomeExpensesNet": -107630000, "incomeBeforeTax": 105272000, "incomeBeforeTaxRatio": 0.0963090027, "incomeTaxExpense": 86021000, "netIncome": -10376000, "netIncomeRatio": -0.0094925736, "eps": -0.0519, "epsdiluted": -0.0519, "weightedAverageShsOut": 199946632, "weightedAverageShsOutDil": 199946632, "link": "https://www.sec.gov/Archives/edgar/data/1411494/000141149419000016/0001411494-19-000016-index.html", "finalLink": "https://www.sec.gov/Archives/edgar/data/1411494/000141149419000016/apo-1231201810k.htm", "calculatedOtherExpenses": 0, "calculatedOperatingExpenses": 266444000, "calculatedNetInterest": -38720000, "calculatedOtherIncome": -107630000, "calculatedIncomeNonControlling": 29627000, "calculatedEbitda": 266855000}, {"date": "2017-12-31", "symbol": "APO", "reportedCurrency": "USD", "cik": "0001858681", "fillingDate": "2018-02-12", "acceptedDate": "2018-02-12 16:55:08", "calendarYear": "2017", "period": "FY", "revenue": 2610173000, "costOfRevenue": 1035405000, "grossProfit": 1574768000, "grossProfitRatio": 0.6033193968, "researchAndDevelopmentExpenses": 0, "generalAndAdministrativeExpenses": 257858000, "sellingAndMarketingExpenses": 0, "sellingGeneralAndAdministrativeExpenses": 257858000, "otherExpenses": 231727000, "operatingExpenses": 257858000, "costAndExpenses": 1293263000, "interestIncome": 6421000, "interestExpense": 52873000, "depreciationAndAmortization": 18379000, "ebitda": 1735067000, "ebitdaratio": 0.6647325675, "operatingIncome": 1316910000, "operatingIncomeRatio": 0.5045297764, "totalOtherIncomeExpensesNet": 499126000, "incomeBeforeTax": 1769584000, "incomeBeforeTaxRatio": 0.6779565952, "incomeTaxExpense": 325945000, "netIncome": 629104000, "netIncomeRatio": 0.2410200397, "eps": 3.12, "epsdiluted": 3.1, "weightedAverageShsOut": 190931743, "weightedAverageShsOutDil": 192581693, "link": "https://www.sec.gov/Archives/edgar/data/1411494/000141149418000010/0001411494-18-000010-index.html", "finalLink": "https://www.sec.gov/Archives/edgar/data/1411494/000141149418000010/apo-1231201710k.htm", "calculatedOtherExpenses": 0, "calculatedOperatingExpenses": 257858000, "calculatedNetInterest": -46452000, "calculatedOtherIncome": 499126000, "calculatedIncomeNonControlling": 814535000, "calculatedEbitda": 1335289000}, {"date": "2016-12-31", "symbol": "APO", "reportedCurrency": "USD", "cik": "0001858681", "fillingDate": "2017-02-13", "acceptedDate": "2017-02-13 17:13:20", "calendarYear": "2016", "period": "FY", "revenue": 1970384000, "costOfRevenue": 849187000, "grossProfit": 1121197000, "grossProfitRatio": 0.5690246165, "researchAndDevelopmentExpenses": 0, "generalAndAdministrativeExpenses": 247000000, "sellingAndMarketingExpenses": 0, "sellingGeneralAndAdministrativeExpenses": 247000000, "otherExpenses": -21687000, "operatingExpenses": 247000000, "costAndExpenses": 1096187000, "interestIncome": 4072000, "interestExpense": 43482000, "depreciationAndAmortization": 18735000, "ebitda": 978495000, "ebitdaratio": 0.4966011701, "operatingIncome": 874197000, "operatingIncomeRatio": 0.4436683408, "totalOtherIncomeExpensesNet": 226227000, "incomeBeforeTax": 1061014000, "incomeBeforeTaxRatio": 0.538480824, "incomeTaxExpense": 90707000, "netIncome": 402850000, "netIncomeRatio": 0.2044525331, "eps": 2.11, "epsdiluted": 2.11, "weightedAverageShsOut": 183998080, "weightedAverageShsOutDil": 183998080, "link": "https://www.sec.gov/Archives/edgar/data/1411494/000141149417000009/0001411494-17-000009-index.html", "finalLink": "https://www.sec.gov/Archives/edgar/data/1411494/000141149417000009/apo-1231201610k.htm", "calculatedOtherExpenses": 0, "calculatedOperatingExpenses": 247000000, "calculatedNetInterest": -39410000, "calculatedOtherIncome": 226227000, "calculatedIncomeNonControlling": 567457000, "calculatedEbitda": 892932000}, {"date": "2015-12-31", "symbol": "APO", "reportedCurrency": "USD", "cik": "0001858681", "fillingDate": "2016-02-29", "acceptedDate": "2016-02-29 16:42:07", "calendarYear": "2015", "period": "FY", "revenue": 1041670000, "costOfRevenue": 537429000, "grossProfit": 504241000, "grossProfitRatio": 0.484069811, "researchAndDevelopmentExpenses": 0, "generalAndAdministrativeExpenses": 210587000, "sellingAndMarketingExpenses": 0, "sellingGeneralAndAdministrativeExpenses": 210587000, "otherExpenses": -741000, "operatingExpenses": 255061000, "costAndExpenses": 792490000, "interestIncome": 3232000, "interestExpense": 30071000, "depreciationAndAmortization": 44474000, "ebitda": 311000000, "ebitdaratio": 0.2985590446, "operatingIncome": 249180000, "operatingIncomeRatio": 0.2392120345, "totalOtherIncomeExpensesNet": 154887000, "incomeBeforeTax": 377228000, "incomeBeforeTaxRatio": 0.3621377212, "incomeTaxExpense": 26733000, "netIncome": 134497000, "netIncomeRatio": 0.1291167068, "eps": 0.61, "epsdiluted": 0.61, "weightedAverageShsOut": 173271666, "weightedAverageShsOutDil": 173271666, "link": "https://www.sec.gov/Archives/edgar/data/1411494/000141149416000030/0001411494-16-000030-index.html", "finalLink": "https://www.sec.gov/Archives/edgar/data/1411494/000141149416000030/apo-1231201510k.htm", "calculatedOtherExpenses": 44474000, "calculatedOperatingExpenses": 255061000, "calculatedNetInterest": -26839000, "calculatedOtherIncome": 154887000, "calculatedIncomeNonControlling": 215998000, "calculatedEbitda": 293654000}, {"date": "2014-12-31", "symbol": "APO", "reportedCurrency": "USD", "cik": "0001858681", "fillingDate": "2015-02-27", "acceptedDate": "2015-02-27 16:03:21", "calendarYear": "2014", "period": "FY", "revenue": 1560083000, "costOfRevenue": 740559000, "grossProfit": 819524000, "grossProfitRatio": 0.5253079484, "researchAndDevelopmentExpenses": 0, "generalAndAdministrativeExpenses": 220120000, "sellingAndMarketingExpenses": 0, "sellingGeneralAndAdministrativeExpenses": 220120000, "otherExpenses": 45170000, "operatingExpenses": 265189000, "costAndExpenses": 1005748000, "interestIncome": 10392000, "interestExpense": 22393000, "depreciationAndAmortization": 45069000, "ebitda": 708822000, "ebitdaratio": 0.4543489032, "operatingIncome": 554335000, "operatingIncomeRatio": 0.3553240437, "totalOtherIncomeExpensesNet": 334833000, "incomeBeforeTax": 877167000, "incomeBeforeTaxRatio": 0.5622566235, "incomeTaxExpense": 147245000, "netIncome": 168229000, "netIncomeRatio": 0.1078333653, "eps": 0.62, "epsdiluted": 0.62, "weightedAverageShsOut": 155349017, "weightedAverageShsOutDil": 155349017, "link": "https://www.sec.gov/Archives/edgar/data/1411494/000141149415000008/apo-1231201410k.htm", "finalLink": "https://www.sec.gov/Archives/edgar/data/1411494/000141149415000008/apo-1231201410k.htm", "calculatedOtherExpenses": 45069000, "calculatedOperatingExpenses": 265189000, "calculatedNetInterest": -12001000, "calculatedOtherIncome": 334833000, "calculatedIncomeNonControlling": 561693000, "calculatedEbitda": 599404000}, {"date": "2013-12-31", "symbol": "APO", "reportedCurrency": "USD", "cik": "0001858681", "fillingDate": "2013-12-31", "acceptedDate": "2013-12-30 19:00:00", "calendarYear": "2013", "period": "FY", "revenue": 3733571000, "costOfRevenue": 1594235000, "grossProfit": 2139336000, "grossProfitRatio": 0.572999951, "researchAndDevelopmentExpenses": 0, "generalAndAdministrativeExpenses": 221555000, "sellingAndMarketingExpenses": 0, "sellingGeneralAndAdministrativeExpenses": 221555000, "otherExpenses": -2310000, "operatingExpenses": 275796000, "costAndExpenses": 1870031000, "interestIncome": 12266000, "interestExpense": 29260000, "depreciationAndAmortization": 54241000, "ebitda": 2035087000, "ebitdaratio": 0.5450778892, "operatingIncome": 1863540000, "operatingIncomeRatio": 0.499130725, "totalOtherIncomeExpensesNet": 635017000, "incomeBeforeTax": 2481563000, "incomeBeforeTaxRatio": 0.6646620621, "incomeTaxExpense": 107569000, "netIncome": 659391000, "netIncomeRatio": 0.1766113461, "eps": 4.06, "epsdiluted": 4.03, "weightedAverageShsOut": 139173386, "weightedAverageShsOutDil": 142214350, "link": "", "finalLink": "", "calculatedOtherExpenses": 54241000, "calculatedOperatingExpenses": 275796000, "calculatedNetInterest": -16994000, "calculatedOtherIncome": 635017000, "calculatedIncomeNonControlling": 1714603000, "calculatedEbitda": 1917781000}, {"date": "2012-12-31", "symbol": "APO", "reportedCurrency": "USD", "cik": "0001858681", "fillingDate": "2012-12-31", "acceptedDate": "2012-12-30 19:00:00", "calendarYear": "2012", "period": "FY", "revenue": 2859965000, "costOfRevenue": 1745361000, "grossProfit": 1114604000, "grossProfitRatio": 0.3897264477, "researchAndDevelopmentExpenses": 0, "generalAndAdministrativeExpenses": 189861000, "sellingAndMarketingExpenses": 0, "sellingGeneralAndAdministrativeExpenses": 189861000, "otherExpenses": 1942408000, "operatingExpenses": 243097000, "costAndExpenses": 1988458000, "interestIncome": 9693000, "interestExpense": 37116000, "depreciationAndAmortization": 53236000, "ebitda": 2987017000, "ebitdaratio": 1.0444243199, "operatingIncome": 812120000, "operatingIncomeRatio": 0.283961517, "totalOtherIncomeExpensesNet": 2269121000, "incomeBeforeTax": 3113205000, "incomeBeforeTaxRatio": 1.0885465382, "incomeTaxExpense": 65410000, "netIncome": 310957000, "netIncomeRatio": 0.1087275544, "eps": 2.06, "epsdiluted": 2.06, "weightedAverageShsOut": 127693489, "weightedAverageShsOutDil": 129540377, "link": "", "finalLink": "", "calculatedOtherExpenses": 112623000, "calculatedOperatingExpenses": 302484000, "calculatedNetInterest": -27423000, "calculatedOtherIncome": 2328508000, "calculatedIncomeNonControlling": 2736838000, "calculatedEbitda": 865356000}, {"date": "2011-12-31", "symbol": "APO", "reportedCurrency": "USD", "cik": "0001858681", "fillingDate": "2012-03-09", "acceptedDate": "2012-03-09 16:38:14", "calendarYear": "2011", "period": "FY", "revenue": 171632000, "costOfRevenue": 1340778000, "grossProfit": -1169146000, "grossProfitRatio": -6.8119348373, "researchAndDevelopmentExpenses": 0, "generalAndAdministrativeExpenses": 0, "sellingAndMarketingExpenses": 0, "sellingGeneralAndAdministrativeExpenses": 174562000, "otherExpenses": 26260000, "operatingExpenses": 200822000, "costAndExpenses": 1541600000, "interestIncome": 4731000, "interestExpense": 40850000, "depreciationAndAmortization": 26260000, "ebitda": -1325054000, "ebitdaratio": -7.72032022, "operatingIncome": -1369968000, "operatingIncomeRatio": -7.9820080172, "totalOtherIncomeExpensesNet": 113817000, "incomeBeforeTax": -1292270000, "incomeBeforeTaxRatio": -7.5293068892, "incomeTaxExpense": 11929000, "netIncome": -468826000, "netIncomeRatio": -2.7315768621, "eps": -4.03, "epsdiluted": -4.03, "weightedAverageShsOut": 116364110, "weightedAverageShsOutDil": 116364110, "link": "https://www.sec.gov/Archives/edgar/data/1411494/000119312512107084/0001193125-12-107084-index.html", "finalLink": "https://www.sec.gov/Archives/edgar/data/1411494/000119312512107084/d281180d10k.htm", "calculatedOtherExpenses": 26260000, "calculatedOperatingExpenses": 200822000, "calculatedNetInterest": -36119000, "calculatedOtherIncome": 113817000, "calculatedIncomeNonControlling": -835373000, "calculatedEbitda": -1343708000}, {"date": "2010-12-31", "symbol": "APO", "reportedCurrency": "USD", "cik": "0001858681", "fillingDate": "2010-12-31", "acceptedDate": "2010-12-30 19:00:00", "calendarYear": "2010", "period": "FY", "revenue": 2109898000, "costOfRevenue": 1943350000, "grossProfit": 166548000, "grossProfitRatio": 0.0789365173, "researchAndDevelopmentExpenses": 0, "generalAndAdministrativeExpenses": 0, "sellingAndMarketingExpenses": 0, "sellingGeneralAndAdministrativeExpenses": 127026000, "otherExpenses": 51574000, "operatingExpenses": 178600000, "costAndExpenses": 2121950000, "interestIncome": 1528000, "interestExpense": 35436000, "depreciationAndAmortization": 24249000, "ebitda": 83537000, "ebitdaratio": 0.0395929092, "operatingIncome": -12052000, "operatingIncomeRatio": -0.0057121245, "totalOtherIncomeExpensesNet": 680921000, "incomeBeforeTax": 634961000, "incomeBeforeTaxRatio": 0.3009439319, "incomeTaxExpense": 91737000, "netIncome": 94617000, "netIncomeRatio": 0.0448443479, "eps": 0.83, "epsdiluted": 0.83, "weightedAverageShsOut": 96964769, "weightedAverageShsOutDil": 96964769, "link": "", "finalLink": "", "calculatedOtherExpenses": 51574000, "calculatedOperatingExpenses": 178600000, "calculatedNetInterest": -33908000, "calculatedOtherIncome": 680921000, "calculatedIncomeNonControlling": 448607000, "calculatedEbitda": 12197000}, {"date": "2009-12-31", "symbol": "APO", "reportedCurrency": "USD", "cik": "0001858681", "fillingDate": "2009-12-31", "acceptedDate": "2009-12-30 19:00:00", "calendarYear": "2009", "period": "FY", "revenue": 966728000, "costOfRevenue": 1495010000, "grossProfit": -528282000, "grossProfitRatio": -0.5464639485, "researchAndDevelopmentExpenses": 0, "generalAndAdministrativeExpenses": 0, "sellingAndMarketingExpenses": 0, "sellingGeneralAndAdministrativeExpenses": 94955000, "otherExpenses": 66288000, "operatingExpenses": 161243000, "costAndExpenses": 1656253000, "interestIncome": 1450000, "interestExpense": 50252000, "depreciationAndAmortization": 24299000, "ebitda": -580663000, "ebitdaratio": -0.600647752, "operatingIncome": -689525000, "operatingIncomeRatio": -0.7132564692, "totalOtherIncomeExpensesNet": 671651000, "incomeBeforeTax": -66676000, "incomeBeforeTaxRatio": -0.0689707963, "incomeTaxExpense": 28714000, "netIncome": -155176000, "netIncomeRatio": -0.160516712, "eps": -1.62, "epsdiluted": -1.62, "weightedAverageShsOut": 95815500, "weightedAverageShsOutDil": 95815500, "link": "", "finalLink": "", "calculatedOtherExpenses": 66288000, "calculatedOperatingExpenses": 161243000, "calculatedNetInterest": -48802000, "calculatedOtherIncome": 671651000, "calculatedIncomeNonControlling": 59786000, "calculatedEbitda": -665226000}, {"date": "2008-12-31", "symbol": "APO", "reportedCurrency": "USD", "cik": "0001858681", "fillingDate": "2008-12-31", "acceptedDate": "2008-12-30 19:00:00", "calendarYear": "2008", "period": "FY", "revenue": -266705000, "costOfRevenue": 843600000, "grossProfit": -1110305000, "grossProfitRatio": 4.1630453122, "researchAndDevelopmentExpenses": 0, "generalAndAdministrativeExpenses": 0, "sellingAndMarketingExpenses": 0, "sellingGeneralAndAdministrativeExpenses": 420448000, "otherExpenses": 22099000, "operatingExpenses": 442547000, "costAndExpenses": 1286147000, "interestIncome": 19368000, "interestExpense": 62622000, "depreciationAndAmortization": 22099000, "ebitda": -1568738000, "ebitdaratio": 5.8819219737, "operatingIncome": -1552852000, "operatingIncomeRatio": 5.822358036, "totalOtherIncomeExpensesNet": -1331062000, "incomeBeforeTax": -2927168000, "incomeBeforeTaxRatio": 10.9753023003, "incomeTaxExpense": -36995000, "netIncome": -912258000, "netIncomeRatio": 3.4204758066, "eps": -9.41, "epsdiluted": -9.41, "weightedAverageShsOut": 96964769, "weightedAverageShsOutDil": 96964769, "link": "", "finalLink": "", "calculatedOtherExpenses": 22099000, "calculatedOperatingExpenses": 442547000, "calculatedNetInterest": -43254000, "calculatedOtherIncome": -1331062000, "calculatedIncomeNonControlling": -1977915000, "calculatedEbitda": -1530753000}, {"date": "2007-12-31", "symbol": "APO", "reportedCurrency": "USD", "cik": "0001858681", "fillingDate": "2007-12-31", "acceptedDate": "2007-12-30 19:00:00", "calendarYear": "2007", "period": "FY", "revenue": 637850000, "costOfRevenue": 1450330000, "grossProfit": -812480000, "grossProfitRatio": -1.2737791017, "researchAndDevelopmentExpenses": 0, "generalAndAdministrativeExpenses": 0, "sellingAndMarketingExpenses": 0, "sellingGeneralAndAdministrativeExpenses": 118442000, "otherExpenses": 47987000, "operatingExpenses": 166429000, "costAndExpenses": 1616759000, "interestIncome": 52500000, "interestExpense": 345968000, "depreciationAndAmortization": 7869000, "ebitda": -918540000, "ebitdaratio": -1.4400564396, "operatingIncome": -978909000, "operatingIncomeRatio": -1.5347009485, "totalOtherIncomeExpensesNet": 2519558000, "incomeBeforeTax": 1247181000, "incomeBeforeTaxRatio": 1.955288861, "incomeTaxExpense": 6726000, "netIncome": -569651000, "netIncomeRatio": -0.8930798777, "eps": -5.87, "epsdiluted": -5.87, "weightedAverageShsOut": 96964769, "weightedAverageShsOutDil": 96964769, "link": "", "finalLink": "", "calculatedOtherExpenses": 47987000, "calculatedOperatingExpenses": 166429000, "calculatedNetInterest": -293468000, "calculatedOtherIncome": 2519558000, "calculatedIncomeNonControlling": 1810106000, "calculatedEbitda": -971040000}, {"date": "2006-12-31", "symbol": "APO", "reportedCurrency": "USD", "cik": "0001858681", "fillingDate": "2006-12-31", "acceptedDate": "2006-12-30 19:00:00", "calendarYear": "2006", "period": "FY", "revenue": 346480000, "costOfRevenue": 266772000, "grossProfit": 79708000, "grossProfitRatio": 0.2300507966, "researchAndDevelopmentExpenses": 0, "generalAndAdministrativeExpenses": 0, "sellingAndMarketingExpenses": 0, "sellingGeneralAndAdministrativeExpenses": 78166000, "otherExpenses": 3288000, "operatingExpenses": 81454000, "costAndExpenses": 348226000, "interestIncome": 38423000, "interestExpense": 8839000, "depreciationAndAmortization": 3288000, "ebitda": 41327000, "ebitdaratio": 0.1192767259, "operatingIncome": -1746000, "operatingIncomeRatio": -0.0050392519, "totalOtherIncomeExpensesNet": 1765639000, "incomeBeforeTax": 1793477000, "incomeBeforeTaxRatio": 5.1762785731, "incomeTaxExpense": 6476000, "netIncome": 372979000, "netIncomeRatio": 1.0764806049, "eps": 3.85, "epsdiluted": 3.85, "weightedAverageShsOut": 96964769, "weightedAverageShsOutDil": 96964769, "link": "", "finalLink": "", "calculatedOtherExpenses": 3288000, "calculatedOperatingExpenses": 81454000, "calculatedNetInterest": 29584000, "calculatedOtherIncome": 1765639000, "calculatedIncomeNonControlling": 1414022000, "calculatedEbitda": 1542000}]}