{"originalCurrency": "USD", "convertedCurrency": "USD", "report": [{"date": "2023-12-31", "symbol": "APPF", "reportedCurrency": "USD", "cik": "0001433195", "fillingDate": "2024-02-01", "acceptedDate": "2024-02-01 16:18:12", "calendarYear": "2023", "period": "FY", "revenue": 620445000, "costOfRevenue": 238076000, "grossProfit": 382369000, "grossProfitRatio": 0.6162818622, "researchAndDevelopmentExpenses": 151364000, "generalAndAdministrativeExpenses": 84107000, "sellingAndMarketingExpenses": 107602000, "sellingGeneralAndAdministrativeExpenses": 191709000, "otherExpenses": 28988000, "operatingExpenses": 381403000, "costAndExpenses": 619479000, "interestIncome": 7031000, "interestExpense": 0, "depreciationAndAmortization": 26500000, "ebitda": 36808000, "ebitdaratio": 0.0593251618, "operatingIncome": 10308000, "operatingIncomeRatio": 0.016613882, "totalOtherIncomeExpensesNet": -2311000, "incomeBeforeTax": 7997000, "incomeBeforeTaxRatio": 0.012889136, "incomeTaxExpense": 5295000, "netIncome": 2702000, "netIncomeRatio": 0.0043549388, "eps": 0.0758, "epsdiluted": 0.0742, "weightedAverageShsOut": 35629000, "weightedAverageShsOutDil": 36417000, "link": "https://www.sec.gov/Archives/edgar/data/1433195/000143319524000023/0001433195-24-000023-index.htm", "finalLink": "https://www.sec.gov/Archives/edgar/data/1433195/000143319524000023/appf-20231231.htm", "calculatedOtherExpenses": 28988000, "calculatedOperatingExpenses": 372061000, "calculatedNetInterest": 7031000, "calculatedOtherIncome": -9342000, "calculatedIncomeNonControlling": 0, "calculatedEbitda": 36808000}, {"date": "2022-12-31", "symbol": "APPF", "reportedCurrency": "USD", "cik": "0001433195", "fillingDate": "2023-02-09", "acceptedDate": "2023-02-09 16:09:06", "calendarYear": "2022", "period": "FY", "revenue": 471883000, "costOfRevenue": 191826000, "grossProfit": 280057000, "grossProfitRatio": 0.5934882164, "researchAndDevelopmentExpenses": 111118000, "generalAndAdministrativeExpenses": 100792000, "sellingAndMarketingExpenses": 107398000, "sellingGeneralAndAdministrativeExpenses": 208190000, "otherExpenses": 33119000, "operatingExpenses": 352427000, "costAndExpenses": 544253000, "interestIncome": 1184000, "interestExpense": 1184000, "depreciationAndAmortization": 34007000, "ebitda": -38363000, "ebitdaratio": -0.0812976946, "operatingIncome": -72370000, "operatingIncomeRatio": -0.1533642873, "totalOtherIncomeExpensesNet": 5653000, "incomeBeforeTax": -66717000, "incomeBeforeTaxRatio": -0.1413846229, "incomeTaxExpense": 1402000, "netIncome": -68119000, "netIncomeRatio": -0.1443556983, "eps": -1.95, "epsdiluted": -1.95, "weightedAverageShsOut": 35010000, "weightedAverageShsOutDil": 35010000, "link": "https://www.sec.gov/Archives/edgar/data/1433195/000143319523000021/0001433195-23-000021-index.htm", "finalLink": "https://www.sec.gov/Archives/edgar/data/1433195/000143319523000021/appf-20221231.htm", "calculatedOtherExpenses": 33119000, "calculatedOperatingExpenses": 352427000, "calculatedNetInterest": 0, "calculatedOtherIncome": 5653000, "calculatedIncomeNonControlling": 0, "calculatedEbitda": -38363000}, {"date": "2021-12-31", "symbol": "APPF", "reportedCurrency": "USD", "cik": "0001433195", "fillingDate": "2022-02-28", "acceptedDate": "2022-02-28 16:20:09", "calendarYear": "2021", "period": "FY", "revenue": 359370000, "costOfRevenue": 143944000, "grossProfit": 215426000, "grossProfitRatio": 0.5994546011, "researchAndDevelopmentExpenses": 65980000, "generalAndAdministrativeExpenses": 57279000, "sellingAndMarketingExpenses": 73200000, "sellingGeneralAndAdministrativeExpenses": 130479000, "otherExpenses": 30845000, "operatingExpenses": 227304000, "costAndExpenses": 371248000, "interestIncome": 501000, "interestExpense": 501000, "depreciationAndAmortization": 32231000, "ebitda": 20353000, "ebitdaratio": 0.0566352228, "operatingIncome": -11878000, "operatingIncomeRatio": -0.0330522859, "totalOtherIncomeExpensesNet": 13612000, "incomeBeforeTax": 1734000, "incomeBeforeTaxRatio": 0.0048251106, "incomeTaxExpense": 706000, "netIncome": 1028000, "netIncomeRatio": 0.0028605615, "eps": 0.0297, "epsdiluted": 0.0288, "weightedAverageShsOut": 34578000, "weightedAverageShsOutDil": 35701000, "link": "https://www.sec.gov/Archives/edgar/data/1433195/000143319522000023/0001433195-22-000023-index.htm", "finalLink": "https://www.sec.gov/Archives/edgar/data/1433195/000143319522000023/appf-20211231.htm", "calculatedOtherExpenses": 30845000, "calculatedOperatingExpenses": 227304000, "calculatedNetInterest": 0, "calculatedOtherIncome": 13612000, "calculatedIncomeNonControlling": 0, "calculatedEbitda": 20353000}, {"date": "2020-12-31", "symbol": "APPF", "reportedCurrency": "USD", "cik": "0001433195", "fillingDate": "2021-03-01", "acceptedDate": "2021-03-01 16:08:13", "calendarYear": "2020", "period": "FY", "revenue": 310056000, "costOfRevenue": 119029000, "grossProfit": 191027000, "grossProfitRatio": 0.6161048327, "researchAndDevelopmentExpenses": 48529000, "generalAndAdministrativeExpenses": 47480000, "sellingAndMarketingExpenses": 58445000, "sellingGeneralAndAdministrativeExpenses": 105925000, "otherExpenses": 26790000, "operatingExpenses": 181244000, "costAndExpenses": 300273000, "interestIncome": 1849000, "interestExpense": -1849000, "depreciationAndAmortization": 30491000, "ebitda": 40274000, "ebitdaratio": 0.1298926646, "operatingIncome": 9783000, "operatingIncomeRatio": 0.0315523647, "totalOtherIncomeExpensesNet": 187048000, "incomeBeforeTax": 196831000, "incomeBeforeTaxRatio": 0.6348240318, "incomeTaxExpense": 38428000, "netIncome": 158403000, "netIncomeRatio": 0.5108851304, "eps": 4.62, "epsdiluted": 4.44, "weightedAverageShsOut": 34264000, "weightedAverageShsOutDil": 35713000, "link": "https://www.sec.gov/Archives/edgar/data/1433195/000143319521000024/0001433195-21-000024-index.htm", "finalLink": "https://www.sec.gov/Archives/edgar/data/1433195/000143319521000024/appf-20201231.htm", "calculatedOtherExpenses": 26790000, "calculatedOperatingExpenses": 181244000, "calculatedNetInterest": 3698000, "calculatedOtherIncome": 183350000, "calculatedIncomeNonControlling": 0, "calculatedEbitda": 40274000}, {"date": "2019-12-31", "symbol": "APPF", "reportedCurrency": "USD", "cik": "0001433195", "fillingDate": "2020-03-02", "acceptedDate": "2020-03-02 16:04:30", "calendarYear": "2019", "period": "FY", "revenue": 256012000, "costOfRevenue": 101642000, "grossProfit": 154370000, "grossProfitRatio": 0.6029795478, "researchAndDevelopmentExpenses": 39508000, "generalAndAdministrativeExpenses": 34478000, "sellingAndMarketingExpenses": 51528000, "sellingGeneralAndAdministrativeExpenses": 86006000, "otherExpenses": 22395000, "operatingExpenses": 147909000, "costAndExpenses": 249551000, "interestIncome": 1654000, "interestExpense": -1654000, "depreciationAndAmortization": 26525000, "ebitda": 32986000, "ebitdaratio": 0.1288455229, "operatingIncome": 6461000, "operatingIncomeRatio": 0.0252370983, "totalOtherIncomeExpensesNet": -1638000, "incomeBeforeTax": 4823000, "incomeBeforeTaxRatio": 0.0188389607, "incomeTaxExpense": -31459000, "netIncome": 36282000, "netIncomeRatio": 0.1417199194, "eps": 1.07, "epsdiluted": 1.02, "weightedAverageShsOut": 34016000, "weightedAverageShsOutDil": 35567000, "link": "https://www.sec.gov/Archives/edgar/data/1433195/000143319520000019/0001433195-20-000019-index.htm", "finalLink": "https://www.sec.gov/Archives/edgar/data/1433195/000143319520000019/appf12311910-k.htm", "calculatedOtherExpenses": 22395000, "calculatedOperatingExpenses": 147909000, "calculatedNetInterest": 3308000, "calculatedOtherIncome": -4946000, "calculatedIncomeNonControlling": 0, "calculatedEbitda": 32986000}, {"date": "2018-12-31", "symbol": "APPF", "reportedCurrency": "USD", "cik": "0001433195", "fillingDate": "2019-02-28", "acceptedDate": "2019-02-28 16:09:56", "calendarYear": "2018", "period": "FY", "revenue": 190071000, "costOfRevenue": 73549000, "grossProfit": 116522000, "grossProfitRatio": 0.6130445991, "researchAndDevelopmentExpenses": 24111000, "generalAndAdministrativeExpenses": 24891000, "sellingAndMarketingExpenses": 33288000, "sellingGeneralAndAdministrativeExpenses": 58179000, "otherExpenses": -56000, "operatingExpenses": 96866000, "costAndExpenses": 170415000, "interestIncome": 0, "interestExpense": 0, "depreciationAndAmortization": 14576000, "ebitda": 34232000, "ebitdaratio": 0.1801011201, "operatingIncome": 19656000, "operatingIncomeRatio": 0.1034139874, "totalOtherIncomeExpensesNet": -56000, "incomeBeforeTax": 20387000, "incomeBeforeTaxRatio": 0.1072599187, "incomeTaxExpense": 420000, "netIncome": 19967000, "netIncomeRatio": 0.1050502181, "eps": 0.59, "epsdiluted": 0.56, "weightedAverageShsOut": 34128000, "weightedAverageShsOutDil": 35562000, "link": "https://www.sec.gov/Archives/edgar/data/1433195/000143319519000016/0001433195-19-000016-index.htm", "finalLink": "https://www.sec.gov/Archives/edgar/data/1433195/000143319519000016/appf12311810-k.htm", "calculatedOtherExpenses": 14576000, "calculatedOperatingExpenses": 96866000, "calculatedNetInterest": 0, "calculatedOtherIncome": 731000, "calculatedIncomeNonControlling": 0, "calculatedEbitda": 34232000}, {"date": "2017-12-31", "symbol": "APPF", "reportedCurrency": "USD", "cik": "0001433195", "fillingDate": "2018-02-26", "acceptedDate": "2018-02-26 16:23:13", "calendarYear": "2017", "period": "FY", "revenue": 143803000, "costOfRevenue": 55283000, "grossProfit": 88520000, "grossProfitRatio": 0.6155643484, "researchAndDevelopmentExpenses": 16578000, "generalAndAdministrativeExpenses": 21199000, "sellingAndMarketingExpenses": 28709000, "sellingGeneralAndAdministrativeExpenses": 49908000, "otherExpenses": -96000, "operatingExpenses": 79185000, "costAndExpenses": 134468000, "interestIncome": 0, "interestExpense": 535000, "depreciationAndAmortization": 12699000, "ebitda": 22034000, "ebitdaratio": 0.1532235072, "operatingIncome": 9335000, "operatingIncomeRatio": 0.0649151965, "totalOtherIncomeExpensesNet": -96000, "incomeBeforeTax": 9774000, "incomeBeforeTaxRatio": 0.067967984, "incomeTaxExpense": 58000, "netIncome": 9716000, "netIncomeRatio": 0.0675646544, "eps": 0.29, "epsdiluted": 0.28, "weightedAverageShsOut": 33849000, "weightedAverageShsOutDil": 35151000, "link": "https://www.sec.gov/Archives/edgar/data/1433195/000143319518000011/0001433195-18-000011-index.htm", "finalLink": "https://www.sec.gov/Archives/edgar/data/1433195/000143319518000011/appf201710-k.htm", "calculatedOtherExpenses": 12699000, "calculatedOperatingExpenses": 79185000, "calculatedNetInterest": -535000, "calculatedOtherIncome": 974000, "calculatedIncomeNonControlling": 0, "calculatedEbitda": 22034000}, {"date": "2016-12-31", "symbol": "APPF", "reportedCurrency": "USD", "cik": "0001433195", "fillingDate": "2017-02-27", "acceptedDate": "2017-02-27 16:17:02", "calendarYear": "2016", "period": "FY", "revenue": 105586000, "costOfRevenue": 44630000, "grossProfit": 60956000, "grossProfitRatio": 0.577311386, "researchAndDevelopmentExpenses": 12638000, "generalAndAdministrativeExpenses": 17979000, "sellingAndMarketingExpenses": 28827000, "sellingGeneralAndAdministrativeExpenses": 46806000, "otherExpenses": -37000, "operatingExpenses": 69379000, "costAndExpenses": 114009000, "interestIncome": 0, "interestExpense": 246000, "depreciationAndAmortization": 9935000, "ebitda": 1512000, "ebitdaratio": 0.0143200803, "operatingIncome": -8423000, "operatingIncomeRatio": -0.0797738337, "totalOtherIncomeExpensesNet": -37000, "incomeBeforeTax": -8214000, "incomeBeforeTaxRatio": -0.0777944046, "incomeTaxExpense": 67000, "netIncome": -8281000, "netIncomeRatio": -0.0784289584, "eps": -0.25, "epsdiluted": -0.25, "weightedAverageShsOut": 33124000, "weightedAverageShsOutDil": 33561000, "link": "https://www.sec.gov/Archives/edgar/data/1433195/000143319517000010/0001433195-17-000010-index.htm", "finalLink": "https://www.sec.gov/Archives/edgar/data/1433195/000143319517000010/appf201610-k.htm", "calculatedOtherExpenses": 9935000, "calculatedOperatingExpenses": 69379000, "calculatedNetInterest": -246000, "calculatedOtherIncome": 455000, "calculatedIncomeNonControlling": 0, "calculatedEbitda": 1512000}, {"date": "2015-12-31", "symbol": "APPF", "reportedCurrency": "USD", "cik": "0001433195", "fillingDate": "2016-02-29", "acceptedDate": "2016-02-29 08:32:49", "calendarYear": "2015", "period": "FY", "revenue": 74977000, "costOfRevenue": 33903000, "grossProfit": 41074000, "grossProfitRatio": 0.5478213319, "researchAndDevelopmentExpenses": 9554000, "generalAndAdministrativeExpenses": 14343000, "sellingAndMarketingExpenses": 26076000, "sellingGeneralAndAdministrativeExpenses": 40419000, "otherExpenses": 5000, "operatingExpenses": 56077000, "costAndExpenses": 89980000, "interestIncome": 0, "interestExpense": -595000, "depreciationAndAmortization": 6104000, "ebitda": -8899000, "ebitdaratio": -0.1186897315, "operatingIncome": -15003000, "operatingIncomeRatio": -0.2001013644, "totalOtherIncomeExpensesNet": 5000, "incomeBeforeTax": -15593000, "incomeBeforeTaxRatio": -0.2079704443, "incomeTaxExpense": 75000, "netIncome": -15668000, "netIncomeRatio": -0.208970751, "eps": -0.73, "epsdiluted": -0.73, "weightedAverageShsOut": 21336000, "weightedAverageShsOutDil": 21336000, "link": "https://www.sec.gov/Archives/edgar/data/1433195/000143319516000016/0001433195-16-000016-index.htm", "finalLink": "https://www.sec.gov/Archives/edgar/data/1433195/000143319516000016/appf201510-k.htm", "calculatedOtherExpenses": 6104000, "calculatedOperatingExpenses": 56077000, "calculatedNetInterest": 595000, "calculatedOtherIncome": -1185000, "calculatedIncomeNonControlling": 0, "calculatedEbitda": -8899000}, {"date": "2014-12-31", "symbol": "APPF", "reportedCurrency": "USD", "cik": "0001433195", "fillingDate": "2014-12-31", "acceptedDate": "2014-12-30 19:00:00", "calendarYear": "2014", "period": "FY", "revenue": 47671000, "costOfRevenue": 22555000, "grossProfit": 25116000, "grossProfitRatio": 0.5268611944, "researchAndDevelopmentExpenses": 6505000, "generalAndAdministrativeExpenses": 6489000, "sellingAndMarketingExpenses": 16876000, "sellingGeneralAndAdministrativeExpenses": 23365000, "otherExpenses": -121000, "operatingExpenses": 33675000, "costAndExpenses": 56230000, "interestIncome": 0, "interestExpense": 0, "depreciationAndAmortization": 3805000, "ebitda": -4754000, "ebitdaratio": -0.0997251998, "operatingIncome": -8559000, "operatingIncomeRatio": -0.1795431185, "totalOtherIncomeExpensesNet": -121000, "incomeBeforeTax": -8621000, "incomeBeforeTaxRatio": -0.1808436995, "incomeTaxExpense": -59000, "netIncome": -8621000, "netIncomeRatio": -0.1808436995, "eps": -0.33, "epsdiluted": -0.33, "weightedAverageShsOut": 25764000, "weightedAverageShsOutDil": 25764000, "link": "", "finalLink": "", "calculatedOtherExpenses": 3805000, "calculatedOperatingExpenses": 33675000, "calculatedNetInterest": 0, "calculatedOtherIncome": -62000, "calculatedIncomeNonControlling": 59000, "calculatedEbitda": -4754000}, {"date": "2013-12-31", "symbol": "APPF", "reportedCurrency": "USD", "cik": "0001433195", "fillingDate": "2013-12-31", "acceptedDate": "2013-12-30 19:00:00", "calendarYear": "2013", "period": "FY", "revenue": 26542000, "costOfRevenue": 13616000, "grossProfit": 12926000, "grossProfitRatio": 0.4870017331, "researchAndDevelopmentExpenses": 5057000, "generalAndAdministrativeExpenses": 2286000, "sellingAndMarketingExpenses": 10337000, "sellingGeneralAndAdministrativeExpenses": 12623000, "otherExpenses": 287000, "operatingExpenses": 20530000, "costAndExpenses": 34146000, "interestIncome": 0, "interestExpense": 0, "depreciationAndAmortization": 2850000, "ebitda": -4754000, "ebitdaratio": -0.1791123502, "operatingIncome": -7604000, "operatingIncomeRatio": -0.2864893377, "totalOtherIncomeExpensesNet": 287000, "incomeBeforeTax": -7305000, "incomeBeforeTaxRatio": -0.275224173, "incomeTaxExpense": -12000, "netIncome": -7305000, "netIncomeRatio": -0.275224173, "eps": -0.28, "epsdiluted": -0.28, "weightedAverageShsOut": 25764000, "weightedAverageShsOutDil": 25764000, "link": "", "finalLink": "", "calculatedOtherExpenses": 2850000, "calculatedOperatingExpenses": 20530000, "calculatedNetInterest": 0, "calculatedOtherIncome": 299000, "calculatedIncomeNonControlling": 12000, "calculatedEbitda": -4754000}]}