{"originalCurrency": "USD", "convertedCurrency": "USD", "report": [{"date": "2023-12-31", "symbol": "APPN", "reportedCurrency": "USD", "cik": "0001441683", "fillingDate": "2024-02-15", "acceptedDate": "2024-02-15 15:24:53", "calendarYear": "2023", "period": "FY", "revenue": 545363000, "costOfRevenue": 143322000, "grossProfit": 402041000, "grossProfitRatio": 0.7371988932, "researchAndDevelopmentExpenses": 153098000, "generalAndAdministrativeExpenses": 114535000, "sellingAndMarketingExpenses": 242381000, "sellingGeneralAndAdministrativeExpenses": 356916000, "otherExpenses": 17603000, "operatingExpenses": 510014000, "costAndExpenses": 653336000, "interestIncome": 0, "interestExpense": 17862000, "depreciationAndAmortization": 9473000, "ebitda": -80897000, "ebitdaratio": -0.1483360624, "operatingIncome": -107973000, "operatingIncomeRatio": -0.1979837283, "totalOtherIncomeExpensesNet": 17603000, "incomeBeforeTax": -108232000, "incomeBeforeTaxRatio": -0.1984586413, "incomeTaxExpense": 3209000, "netIncome": -111441000, "netIncomeRatio": -0.2043427955, "eps": -1.52, "epsdiluted": -1.52, "weightedAverageShsOut": 73102470, "weightedAverageShsOutDil": 73102470, "link": "https://www.sec.gov/Archives/edgar/data/1441683/000144168324000016/0001441683-24-000016-index.htm", "finalLink": "https://www.sec.gov/Archives/edgar/data/1441683/000144168324000016/appn-20231231.htm", "calculatedOtherExpenses": 0, "calculatedOperatingExpenses": 510014000, "calculatedNetInterest": -17862000, "calculatedOtherIncome": 17603000, "calculatedIncomeNonControlling": 0, "calculatedEbitda": -98500000}, {"date": "2022-12-31", "symbol": "APPN", "reportedCurrency": "USD", "cik": "0001441683", "fillingDate": "2023-02-16", "acceptedDate": "2023-02-16 16:10:54", "calendarYear": "2022", "period": "FY", "revenue": 467991000, "costOfRevenue": 133306000, "grossProfit": 334685000, "grossProfitRatio": 0.7151526418, "researchAndDevelopmentExpenses": 139210000, "generalAndAdministrativeExpenses": 120111000, "sellingAndMarketingExpenses": 220374000, "sellingGeneralAndAdministrativeExpenses": 340485000, "otherExpenses": -3545000, "operatingExpenses": 479695000, "costAndExpenses": 613001000, "interestIncome": 1673000, "interestExpense": 1673000, "depreciationAndAmortization": 3752000, "ebitda": -141258000, "ebitdaratio": -0.3018391379, "operatingIncome": -145010000, "operatingIncomeRatio": -0.3098563861, "totalOtherIncomeExpensesNet": -5218000, "incomeBeforeTax": -150228000, "incomeBeforeTaxRatio": -0.3210061732, "incomeTaxExpense": 692000, "netIncome": -150920000, "netIncomeRatio": -0.3224848341, "eps": -2.08, "epsdiluted": -2.08, "weightedAverageShsOut": 72455175, "weightedAverageShsOutDil": 72455175, "link": "https://www.sec.gov/Archives/edgar/data/1441683/000144168323000021/0001441683-23-000021-index.htm", "finalLink": "https://www.sec.gov/Archives/edgar/data/1441683/000144168323000021/appn-20221231.htm", "calculatedOtherExpenses": 0, "calculatedOperatingExpenses": 479695000, "calculatedNetInterest": 0, "calculatedOtherIncome": -5218000, "calculatedIncomeNonControlling": 0, "calculatedEbitda": -141258000}, {"date": "2021-12-31", "symbol": "APPN", "reportedCurrency": "USD", "cik": "0001441683", "fillingDate": "2022-02-17", "acceptedDate": "2022-02-17 16:13:57", "calendarYear": "2021", "period": "FY", "revenue": 369259000, "costOfRevenue": 104093000, "grossProfit": 265166000, "grossProfitRatio": 0.7181030117, "researchAndDevelopmentExpenses": 97517000, "generalAndAdministrativeExpenses": 83704000, "sellingAndMarketingExpenses": 167852000, "sellingGeneralAndAdministrativeExpenses": 251556000, "otherExpenses": -3584000, "operatingExpenses": 349073000, "costAndExpenses": 453166000, "interestIncome": 372000, "interestExpense": 372000, "depreciationAndAmortization": 2159000, "ebitda": -81748000, "ebitdaratio": -0.2213839067, "operatingIncome": -83907000, "operatingIncomeRatio": -0.2272307513, "totalOtherIncomeExpensesNet": -3956000, "incomeBeforeTax": -87863000, "incomeBeforeTaxRatio": -0.2379440989, "incomeTaxExpense": 778000, "netIncome": -88641000, "netIncomeRatio": -0.2400510211, "eps": -1.25, "epsdiluted": -1.25, "weightedAverageShsOut": 71036490, "weightedAverageShsOutDil": 71036490, "link": "https://www.sec.gov/Archives/edgar/data/1441683/000144168322000023/0001441683-22-000023-index.htm", "finalLink": "https://www.sec.gov/Archives/edgar/data/1441683/000144168322000023/appn-20211231.htm", "calculatedOtherExpenses": 0, "calculatedOperatingExpenses": 349073000, "calculatedNetInterest": 0, "calculatedOtherIncome": -3956000, "calculatedIncomeNonControlling": 0, "calculatedEbitda": -81748000}, {"date": "2020-12-31", "symbol": "APPN", "reportedCurrency": "USD", "cik": "0001441683", "fillingDate": "2021-02-18", "acceptedDate": "2021-02-18 16:46:34", "calendarYear": "2020", "period": "FY", "revenue": 304573000, "costOfRevenue": 88766000, "grossProfit": 215807000, "grossProfitRatio": 0.7085559127, "researchAndDevelopmentExpenses": 70241000, "generalAndAdministrativeExpenses": 53152000, "sellingAndMarketingExpenses": 130316000, "sellingGeneralAndAdministrativeExpenses": 183468000, "otherExpenses": 5786000, "operatingExpenses": 253709000, "costAndExpenses": 342475000, "interestIncome": 478000, "interestExpense": 478000, "depreciationAndAmortization": 11637000, "ebitda": -26265000, "ebitdaratio": -0.0862354838, "operatingIncome": -37902000, "operatingIncomeRatio": -0.1244430728, "totalOtherIncomeExpensesNet": 5308000, "incomeBeforeTax": -32594000, "incomeBeforeTaxRatio": -0.1070153953, "incomeTaxExpense": 883000, "netIncome": -33477000, "netIncomeRatio": -0.1099145361, "eps": -0.48, "epsdiluted": -0.48, "weightedAverageShsOut": 69050565, "weightedAverageShsOutDil": 69050565, "link": "https://www.sec.gov/Archives/edgar/data/1441683/000144168321000018/0001441683-21-000018-index.htm", "finalLink": "https://www.sec.gov/Archives/edgar/data/1441683/000144168321000018/appn-20201231.htm", "calculatedOtherExpenses": 0, "calculatedOperatingExpenses": 253709000, "calculatedNetInterest": 0, "calculatedOtherIncome": 5308000, "calculatedIncomeNonControlling": 0, "calculatedEbitda": -26265000}, {"date": "2019-12-31", "symbol": "APPN", "reportedCurrency": "USD", "cik": "0001441683", "fillingDate": "2020-02-20", "acceptedDate": "2020-02-20 16:30:04", "calendarYear": "2019", "period": "FY", "revenue": 260352000, "costOfRevenue": 93841000, "grossProfit": 166511000, "grossProfitRatio": 0.6395610558, "researchAndDevelopmentExpenses": 58043000, "generalAndAdministrativeExpenses": 41496000, "sellingAndMarketingExpenses": 117440000, "sellingGeneralAndAdministrativeExpenses": 158936000, "otherExpenses": 941000, "operatingExpenses": 216979000, "costAndExpenses": 310820000, "interestIncome": 367000, "interestExpense": 367000, "depreciationAndAmortization": 5683000, "ebitda": -44785000, "ebitdaratio": -0.1720171153, "operatingIncome": -50468000, "operatingIncomeRatio": -0.1938452557, "totalOtherIncomeExpensesNet": 574000, "incomeBeforeTax": -49894000, "incomeBeforeTaxRatio": -0.1916405482, "incomeTaxExpense": 820000, "netIncome": -50714000, "netIncomeRatio": -0.1947901303, "eps": -0.77, "epsdiluted": -0.77, "weightedAverageShsOut": 65479327, "weightedAverageShsOutDil": 65479327, "link": "https://www.sec.gov/Archives/edgar/data/1441683/000144168320000020/0001441683-20-000020-index.htm", "finalLink": "https://www.sec.gov/Archives/edgar/data/1441683/000144168320000020/appn-20191231.htm", "calculatedOtherExpenses": 0, "calculatedOperatingExpenses": 216979000, "calculatedNetInterest": 0, "calculatedOtherIncome": 574000, "calculatedIncomeNonControlling": 0, "calculatedEbitda": -44785000}, {"date": "2018-12-31", "symbol": "APPN", "reportedCurrency": "USD", "cik": "0001441683", "fillingDate": "2019-02-21", "acceptedDate": "2019-02-21 16:20:51", "calendarYear": "2018", "period": "FY", "revenue": 226743000, "costOfRevenue": 84925000, "grossProfit": 141818000, "grossProfitRatio": 0.6254570152, "researchAndDevelopmentExpenses": 44724000, "generalAndAdministrativeExpenses": 37821000, "sellingAndMarketingExpenses": 105992000, "sellingGeneralAndAdministrativeExpenses": 143813000, "otherExpenses": -2295000, "operatingExpenses": 188537000, "costAndExpenses": 273462000, "interestIncome": 0, "interestExpense": 198000, "depreciationAndAmortization": 2021000, "ebitda": -46993000, "ebitdaratio": -0.2072522636, "operatingIncome": -46719000, "operatingIncomeRatio": -0.206043847, "totalOtherIncomeExpensesNet": -2295000, "incomeBeforeTax": -49212000, "incomeBeforeTaxRatio": -0.2170386737, "incomeTaxExpense": 239000, "netIncome": -49451000, "netIncomeRatio": -0.2180927305, "eps": -0.8, "epsdiluted": -0.8, "weightedAverageShsOut": 62140684, "weightedAverageShsOutDil": 62140684, "link": "https://www.sec.gov/Archives/edgar/data/1441683/000144168319000047/0001441683-19-000047-index.htm", "finalLink": "https://www.sec.gov/Archives/edgar/data/1441683/000144168319000047/appn-20181231.htm", "calculatedOtherExpenses": 0, "calculatedOperatingExpenses": 188537000, "calculatedNetInterest": -198000, "calculatedOtherIncome": -2295000, "calculatedIncomeNonControlling": 0, "calculatedEbitda": -44698000}, {"date": "2017-12-31", "symbol": "APPN", "reportedCurrency": "USD", "cik": "0001441683", "fillingDate": "2018-02-23", "acceptedDate": "2018-02-23 15:23:44", "calendarYear": "2017", "period": "FY", "revenue": 176737000, "costOfRevenue": 64597000, "grossProfit": 112140000, "grossProfitRatio": 0.6345021133, "researchAndDevelopmentExpenses": 34835000, "generalAndAdministrativeExpenses": 27150000, "sellingAndMarketingExpenses": 81966000, "sellingGeneralAndAdministrativeExpenses": 109116000, "otherExpenses": 2038000, "operatingExpenses": 143951000, "costAndExpenses": 208548000, "interestIncome": 0, "interestExpense": 473000, "depreciationAndAmortization": 886000, "ebitda": -28887000, "ebitdaratio": -0.1634462506, "operatingIncome": -31811000, "operatingIncomeRatio": -0.1799906075, "totalOtherIncomeExpensesNet": 2038000, "incomeBeforeTax": -30246000, "incomeBeforeTaxRatio": -0.1711356422, "incomeTaxExpense": 761000, "netIncome": -31007000, "netIncomeRatio": -0.1754414752, "eps": -0.63, "epsdiluted": -0.63, "weightedAverageShsOut": 49529833, "weightedAverageShsOutDil": 49529833, "link": "https://www.sec.gov/Archives/edgar/data/1441683/000144168318000023/0001441683-18-000023-index.htm", "finalLink": "https://www.sec.gov/Archives/edgar/data/1441683/000144168318000023/appn1231201710-k.htm", "calculatedOtherExpenses": 0, "calculatedOperatingExpenses": 143951000, "calculatedNetInterest": -473000, "calculatedOtherIncome": 2038000, "calculatedIncomeNonControlling": 0, "calculatedEbitda": -30925000}, {"date": "2016-12-31", "symbol": "APPN", "reportedCurrency": "USD", "cik": "0001441683", "fillingDate": "2016-12-31", "acceptedDate": "2016-12-30 19:00:00", "calendarYear": "2016", "period": "FY", "revenue": 132923000, "costOfRevenue": 50123000, "grossProfit": 82800000, "grossProfitRatio": 0.6229170272, "researchAndDevelopmentExpenses": 22994000, "generalAndAdministrativeExpenses": 17039000, "sellingAndMarketingExpenses": 54137000, "sellingGeneralAndAdministrativeExpenses": 71176000, "otherExpenses": -1792000, "operatingExpenses": 94170000, "costAndExpenses": 144293000, "interestIncome": 0, "interestExpense": 982000, "depreciationAndAmortization": 764000, "ebitda": -12398000, "ebitdaratio": -0.0932720447, "operatingIncome": -11370000, "operatingIncomeRatio": -0.0855382439, "totalOtherIncomeExpensesNet": -1792000, "incomeBeforeTax": -14144000, "incomeBeforeTaxRatio": -0.106407469, "incomeTaxExpense": -1683000, "netIncome": -12461000, "netIncomeRatio": -0.0937460033, "eps": -0.23, "epsdiluted": -0.23, "weightedAverageShsOut": 54723043, "weightedAverageShsOutDil": 54723043, "link": "", "finalLink": "", "calculatedOtherExpenses": 0, "calculatedOperatingExpenses": 94170000, "calculatedNetInterest": -982000, "calculatedOtherIncome": -1792000, "calculatedIncomeNonControlling": 0, "calculatedEbitda": -10606000}, {"date": "2015-12-31", "symbol": "APPN", "reportedCurrency": "USD", "cik": "0001441683", "fillingDate": "2015-12-31", "acceptedDate": "2015-12-30 19:00:00", "calendarYear": "2015", "period": "FY", "revenue": 111204000, "costOfRevenue": 48481000, "grossProfit": 62723000, "grossProfitRatio": 0.5640354664, "researchAndDevelopmentExpenses": 16750000, "generalAndAdministrativeExpenses": 12515000, "sellingAndMarketingExpenses": 38300000, "sellingGeneralAndAdministrativeExpenses": 50815000, "otherExpenses": -1579000, "operatingExpenses": 67565000, "costAndExpenses": 116046000, "interestIncome": 0, "interestExpense": 188000, "depreciationAndAmortization": 763000, "ebitda": -5658000, "ebitdaratio": -0.0508794648, "operatingIncome": -4842000, "operatingIncomeRatio": -0.0435415992, "totalOtherIncomeExpensesNet": -1579000, "incomeBeforeTax": -6609000, "incomeBeforeTaxRatio": -0.0594313154, "incomeTaxExpense": 378000, "netIncome": -6987000, "netIncomeRatio": -0.0628304737, "eps": -0.13, "epsdiluted": -0.13, "weightedAverageShsOut": 54723043, "weightedAverageShsOutDil": 54723043, "link": "", "finalLink": "", "calculatedOtherExpenses": 0, "calculatedOperatingExpenses": 67565000, "calculatedNetInterest": -188000, "calculatedOtherIncome": -1579000, "calculatedIncomeNonControlling": 0, "calculatedEbitda": -4079000}, {"date": "2014-12-31", "symbol": "APPN", "reportedCurrency": "USD", "cik": "0001441683", "fillingDate": "2014-12-31", "acceptedDate": "2014-12-30 19:00:00", "calendarYear": "2014", "period": "FY", "revenue": 88996000, "costOfRevenue": 36797000, "grossProfit": 52199000, "grossProfitRatio": 0.586531979, "researchAndDevelopmentExpenses": 13488000, "generalAndAdministrativeExpenses": 23373000, "sellingAndMarketingExpenses": 29088000, "sellingGeneralAndAdministrativeExpenses": 52461000, "otherExpenses": -2086000, "operatingExpenses": 65949000, "costAndExpenses": 102746000, "interestIncome": 0, "interestExpense": 19000, "depreciationAndAmortization": 610000, "ebitda": -15226000, "ebitdaratio": -0.171086341, "operatingIncome": -13750000, "operatingIncomeRatio": -0.1545013259, "totalOtherIncomeExpensesNet": -2086000, "incomeBeforeTax": -15855000, "incomeBeforeTaxRatio": -0.1781540743, "incomeTaxExpense": 1204000, "netIncome": -17059000, "netIncomeRatio": -0.1916827723, "eps": -0.31, "epsdiluted": -0.31, "weightedAverageShsOut": 54723043, "weightedAverageShsOutDil": 54723043, "link": "", "finalLink": "", "calculatedOtherExpenses": 0, "calculatedOperatingExpenses": 65949000, "calculatedNetInterest": -19000, "calculatedOtherIncome": -2086000, "calculatedIncomeNonControlling": 0, "calculatedEbitda": -13140000}]}