{"originalCurrency": "USD", "convertedCurrency": "USD", "report": [{"date": "2023-12-31", "symbol": "AQN", "reportedCurrency": "USD", "cik": "0001174169", "fillingDate": "2023-12-31", "acceptedDate": "2023-12-29 19:00:00", "calendarYear": "2023", "period": "FY", "revenue": 2737343615, "costOfRevenue": 2148619542, "grossProfit": 588724073, "grossProfitRatio": 0.2150713085, "researchAndDevelopmentExpenses": 0, "generalAndAdministrativeExpenses": 110298000, "sellingAndMarketingExpenses": -18281924, "sellingGeneralAndAdministrativeExpenses": 92016076, "otherExpenses": 27598000, "operatingExpenses": 92016076, "costAndExpenses": 2240635619, "interestIncome": 49443404, "interestExpense": 375089827, "depreciationAndAmortization": 475560153, "ebitda": 972268143, "ebitdaratio": 0.3551867357, "operatingIncome": 496707993, "operatingIncomeRatio": 0.1814562082, "totalOtherIncomeExpensesNet": -618506407, "incomeBeforeTax": -121798413, "incomeBeforeTaxRatio": -0.0444951128, "incomeTaxExpense": -87882639, "netIncome": 28674000, "netIncomeRatio": 0.010475119, "eps": 0.03, "epsdiluted": 0.03, "weightedAverageShsOut": 688738717, "weightedAverageShsOutDil": 690763226, "link": null, "finalLink": null, "calculatedOtherExpenses": 4, "calculatedOperatingExpenses": 92016080, "calculatedNetInterest": -325646423, "calculatedOtherIncome": -292859983, "calculatedIncomeNonControlling": -62589774, "calculatedEbitda": 972268146}, {"date": "2022-12-31", "symbol": "AQN", "reportedCurrency": "USD", "cik": "0001174169", "fillingDate": "2022-12-31", "acceptedDate": "2022-12-30 19:00:00", "calendarYear": "2022", "period": "FY", "revenue": 2765155000, "costOfRevenue": 866496000, "grossProfit": 1898659000, "grossProfitRatio": 0.6866374579, "researchAndDevelopmentExpenses": 0, "generalAndAdministrativeExpenses": 91182000, "sellingAndMarketingExpenses": 0, "sellingGeneralAndAdministrativeExpenses": 91182000, "otherExpenses": 1307009000, "operatingExpenses": 1398191000, "costAndExpenses": 2264687000, "interestIncome": 147792000, "interestExpense": 293748000, "depreciationAndAmortization": 455520000, "ebitda": 1077042000, "ebitdaratio": 0.3895051091, "operatingIncome": 621522000, "operatingIncomeRatio": 0.2247693167, "totalOtherIncomeExpensesNet": -991190000, "incomeBeforeTax": -369668000, "incomeBeforeTaxRatio": -0.1336879849, "incomeTaxExpense": -61513000, "netIncome": -308155000, "netIncomeRatio": -0.1114422157, "eps": -0.45, "epsdiluted": -0.45, "weightedAverageShsOut": 677862207, "weightedAverageShsOutDil": 677862207, "link": "", "finalLink": "", "calculatedOtherExpenses": 1185955000, "calculatedOperatingExpenses": 1277137000, "calculatedNetInterest": -145956000, "calculatedOtherIncome": -845234000, "calculatedIncomeNonControlling": 0, "calculatedEbitda": 1077042000}, {"date": "2021-12-31", "symbol": "AQN", "reportedCurrency": "USD", "cik": "0001174169", "fillingDate": "2021-12-31", "acceptedDate": "2021-12-31 00:00:00", "calendarYear": "2021", "period": "FY", "revenue": 2285479000, "costOfRevenue": 719100000, "grossProfit": 1566379000, "grossProfitRatio": 0.6853613619, "researchAndDevelopmentExpenses": 0, "generalAndAdministrativeExpenses": 83039000, "sellingAndMarketingExpenses": 0, "sellingGeneralAndAdministrativeExpenses": 83039000, "otherExpenses": 1105091000, "operatingExpenses": 1188130000, "costAndExpenses": 1907230000, "interestIncome": 122299000, "interestExpense": 209554000, "depreciationAndAmortization": 449478000, "ebitda": 868732000, "ebitdaratio": 0.3801093775, "operatingIncome": 419254000, "operatingIncomeRatio": 0.1834425081, "totalOtherIncomeExpensesNet": -277022000, "incomeBeforeTax": 142232000, "incomeBeforeTaxRatio": 0.0622329061, "incomeTaxExpense": -43425000, "netIncome": 185657000, "netIncomeRatio": 0.0812332995, "eps": 0.3, "epsdiluted": 0.3, "weightedAverageShsOut": 622347677, "weightedAverageShsOutDil": 628947862, "link": null, "finalLink": null, "calculatedOtherExpenses": 1064086000, "calculatedOperatingExpenses": 1147125000, "calculatedNetInterest": -87255000, "calculatedOtherIncome": -189767000, "calculatedIncomeNonControlling": 0, "calculatedEbitda": 868732000}, {"date": "2020-12-31", "symbol": "AQN", "reportedCurrency": "USD", "cik": "0001174169", "fillingDate": "2020-12-31", "acceptedDate": "2020-12-31 00:00:00", "calendarYear": "2020", "period": "FY", "revenue": 1677058000, "costOfRevenue": 401008000, "grossProfit": 1276050000, "grossProfitRatio": 0.7608860278, "researchAndDevelopmentExpenses": 0, "generalAndAdministrativeExpenses": 86201000, "sellingAndMarketingExpenses": 0, "sellingGeneralAndAdministrativeExpenses": 86201000, "otherExpenses": 846303000, "operatingExpenses": 932504000, "costAndExpenses": 1333512000, "interestIncome": 104761000, "interestExpense": 181934000, "depreciationAndAmortization": 355706000, "ebitda": 739799000, "ebitdaratio": 0.4411290486, "operatingIncome": 384093000, "operatingIncomeRatio": 0.2290278571, "totalOtherIncomeExpensesNet": 408318000, "incomeBeforeTax": 792411000, "incomeBeforeTaxRatio": 0.4725006529, "incomeTaxExpense": 64583000, "netIncome": 782463000, "netIncomeRatio": 0.4665688366, "eps": 1.46, "epsdiluted": 1.44, "weightedAverageShsOut": 559633275, "weightedAverageShsOutDil": 564373836, "link": null, "finalLink": null, "calculatedOtherExpenses": 805756000, "calculatedOperatingExpenses": 891957000, "calculatedNetInterest": -77173000, "calculatedOtherIncome": 485491000, "calculatedIncomeNonControlling": -54635000, "calculatedEbitda": 739799000}, {"date": "2019-12-31", "symbol": "AQN", "reportedCurrency": "USD", "cik": "0001174169", "fillingDate": "2019-12-31", "acceptedDate": "2019-12-31 00:00:00", "calendarYear": "2019", "period": "FY", "revenue": 1624921000, "costOfRevenue": 443304000, "grossProfit": 1181617000, "grossProfitRatio": 0.7271842754, "researchAndDevelopmentExpenses": 0, "generalAndAdministrativeExpenses": 74134000, "sellingAndMarketingExpenses": 0, "sellingGeneralAndAdministrativeExpenses": 74134000, "otherExpenses": 756293000, "operatingExpenses": 830427000, "costAndExpenses": 1273731000, "interestIncome": 130116000, "interestExpense": 181488000, "depreciationAndAmortization": 376041000, "ebitda": 741417000, "ebitdaratio": 0.4562787976, "operatingIncome": 365376000, "operatingIncomeRatio": 0.2248577008, "totalOtherIncomeExpensesNet": 189691000, "incomeBeforeTax": 555067000, "incomeBeforeTaxRatio": 0.3415962991, "incomeTaxExpense": 70117000, "netIncome": 530884000, "netIncomeRatio": 0.3267137295, "eps": 1.07, "epsdiluted": 1.06, "weightedAverageShsOut": 499910876, "weightedAverageShsOutDil": 504739554, "link": null, "finalLink": null, "calculatedOtherExpenses": 742107000, "calculatedOperatingExpenses": 816241000, "calculatedNetInterest": -51372000, "calculatedOtherIncome": 241063000, "calculatedIncomeNonControlling": -45934000, "calculatedEbitda": 741417000}, {"date": "2018-12-31", "symbol": "AQN", "reportedCurrency": "USD", "cik": "0001174169", "fillingDate": "2019-02-28", "acceptedDate": "2019-02-28 17:31:33", "calendarYear": "2018", "period": "FY", "revenue": 1647387000, "costOfRevenue": 484138000, "grossProfit": 1163249000, "grossProfitRatio": 0.7061176275, "researchAndDevelopmentExpenses": 0, "generalAndAdministrativeExpenses": 56624000, "sellingAndMarketingExpenses": 0, "sellingGeneralAndAdministrativeExpenses": 56624000, "otherExpenses": -2725000, "operatingExpenses": 789862000, "costAndExpenses": 1274000000, "interestIncome": 53139000, "interestExpense": 152118000, "depreciationAndAmortization": 281163000, "ebitda": 704964000, "ebitdaratio": 0.4279285924, "operatingIncome": 377359000, "operatingIncomeRatio": 0.2290651802, "totalOtherIncomeExpensesNet": -141947000, "incomeBeforeTax": 132461000, "incomeBeforeTaxRatio": 0.080406729, "incomeTaxExpense": 53372000, "netIncome": 184988000, "netIncomeRatio": 0.1122917687, "eps": 0.4, "epsdiluted": 0.4, "weightedAverageShsOut": 461818023, "weightedAverageShsOutDil": 466045618, "link": "https://www.sec.gov/Archives/edgar/data/1174169/000114036119004116/0001140361-19-004116-index.html", "finalLink": "https://www.sec.gov/Archives/edgar/data/1174169/000114036119004116/form40f.htm", "calculatedOtherExpenses": 729266000, "calculatedOperatingExpenses": 785890000, "calculatedNetInterest": -98979000, "calculatedOtherIncome": -145919000, "calculatedIncomeNonControlling": -105899000, "calculatedEbitda": 658522000}, {"date": "2017-12-31", "symbol": "AQN", "reportedCurrency": "USD", "cik": "0001174169", "fillingDate": "2018-03-08", "acceptedDate": "2018-03-07 21:00:55", "calendarYear": "2017", "period": "FY", "revenue": 1572810337, "costOfRevenue": 405884691, "grossProfit": 1166925646, "grossProfitRatio": 0.7419366582, "researchAndDevelopmentExpenses": 0, "generalAndAdministrativeExpenses": 51265208, "sellingAndMarketingExpenses": 0, "sellingGeneralAndAdministrativeExpenses": 51265208, "otherExpenses": -502584.493042, "operatingExpenses": 786935188, "costAndExpenses": 1192819880, "interestIncome": 9533996, "interestExpense": 161137972, "depreciationAndAmortization": 261847316, "ebitda": 650869184, "ebitdaratio": 0.413825602, "operatingIncome": 379693836, "operatingIncomeRatio": 0.2414110766, "totalOtherIncomeExpensesNet": -48633001.988072, "incomeBeforeTax": 179753479, "incomeBeforeTaxRatio": 0.1142880834, "incomeTaxExpense": 75700994, "netIncome": 153553876, "netIncomeRatio": 0.0976302565, "eps": 0.38, "epsdiluted": 0.37, "weightedAverageShsOut": 382323434, "weightedAverageShsOutDil": 385986148, "link": "https://www.sec.gov/Archives/edgar/data/1174169/000162828018002905/0001628280-18-002905-index.html", "finalLink": "https://www.sec.gov/Archives/edgar/data/1174169/000162828018002905/a2017q4-40fcoverpage.htm", "calculatedOtherExpenses": 735966602, "calculatedOperatingExpenses": 787231810, "calculatedNetInterest": -151603976, "calculatedOtherIncome": -48336381, "calculatedIncomeNonControlling": -49501391, "calculatedEbitda": 641541152}, {"date": "2016-12-31", "symbol": "AQN", "reportedCurrency": "USD", "cik": "0001174169", "fillingDate": "2017-03-10", "acceptedDate": "2017-03-10 15:43:05", "calendarYear": "2016", "period": "FY", "revenue": 815428911, "costOfRevenue": 219712074, "grossProfit": 595716836, "grossProfitRatio": 0.7305564325, "researchAndDevelopmentExpenses": 0, "generalAndAdministrativeExpenses": 34483297, "sellingAndMarketingExpenses": 0, "sellingGeneralAndAdministrativeExpenses": 34483297, "otherExpenses": 6364853, "operatingExpenses": 421284874, "costAndExpenses": 640996949, "interestIncome": 7866230, "interestExpense": 97903429, "depreciationAndAmortization": 145637229, "ebitda": 334300275, "ebitdaratio": 0.4099686319, "operatingIncome": 174756342, "operatingIncomeRatio": 0.2143121737, "totalOtherIncomeExpensesNet": 11959675, "incomeBeforeTax": 96354437, "incomeBeforeTaxRatio": 0.1181641177, "incomeTaxExpense": 27628896, "netIncome": 97406442, "netIncomeRatio": 0.1194542425, "eps": 0.33, "epsdiluted": 0.33, "weightedAverageShsOut": 271832430, "weightedAverageShsOutDil": 274077032, "link": "https://www.sec.gov/Archives/edgar/data/1174169/000162828017002474/0001628280-17-002474-index.html", "finalLink": "https://www.sec.gov/Archives/edgar/data/1174169/000162828017002474/a2016q4-40fcoverpage.htm", "calculatedOtherExpenses": 386477197, "calculatedOperatingExpenses": 420960494, "calculatedNetInterest": -90037199, "calculatedOtherIncome": 11635294, "calculatedIncomeNonControlling": -28680901, "calculatedEbitda": 320393571}, {"date": "2015-12-31", "symbol": "AQN", "reportedCurrency": "USD", "cik": "0001174169", "fillingDate": "2016-03-15", "acceptedDate": "2016-03-14 20:25:16", "calendarYear": "2015", "period": "FY", "revenue": 740694967, "costOfRevenue": 271582990, "grossProfit": 469111977, "grossProfitRatio": 0.6333403058, "researchAndDevelopmentExpenses": 0, "generalAndAdministrativeExpenses": 29311301, "sellingAndMarketingExpenses": 0, "sellingGeneralAndAdministrativeExpenses": 29311301, "otherExpenses": 3682378, "operatingExpenses": 338002003, "costAndExpenses": 609584993, "interestIncome": 6554057, "interestExpense": 47556010, "depreciationAndAmortization": 109265758, "ebitda": 250612168, "ebitdaratio": 0.338347335, "operatingIncome": 133005930, "operatingIncomeRatio": 0.1795691026, "totalOtherIncomeExpensesNet": 3752278, "incomeBeforeTax": 93860300, "incomeBeforeTaxRatio": 0.1267192357, "incomeTaxExpense": 31500551, "netIncome": 84658677, "netIncomeRatio": 0.1142962772, "eps": 0.3, "epsdiluted": 0.3, "weightedAverageShsOut": 253172088, "weightedAverageShsOutDil": 256516720, "link": "https://www.sec.gov/Archives/edgar/data/1174169/000162828016012691/0001628280-16-012691-index.html", "finalLink": "https://www.sec.gov/Archives/edgar/data/1174169/000162828016012691/a2015q4-40fcoverpage.htm", "calculatedOtherExpenses": 306794746, "calculatedOperatingExpenses": 336106047, "calculatedNetInterest": -41001953, "calculatedOtherIncome": 1856323, "calculatedIncomeNonControlling": -22298928, "calculatedEbitda": 242271688}, {"date": "2014-12-31", "symbol": "AQN", "reportedCurrency": "USD", "cik": "0001174169", "fillingDate": "2015-03-31", "acceptedDate": "2015-03-30 20:00:00", "calendarYear": "2014", "period": "FY", "revenue": 812811191, "costOfRevenue": 362563961, "grossProfit": 450247230, "grossProfitRatio": 0.5539382763, "researchAndDevelopmentExpenses": 0, "generalAndAdministrativeExpenses": 29884740, "sellingAndMarketingExpenses": 0, "sellingGeneralAndAdministrativeExpenses": 29884740, "otherExpenses": 301527315, "operatingExpenses": 331412056, "costAndExpenses": 693976017, "interestIncome": 6682976, "interestExpense": 53768757, "depreciationAndAmortization": 99408197, "ebitda": 224926347, "ebitdaratio": 0.2767264403, "operatingIncome": 119793084, "operatingIncomeRatio": 0.1473811946, "totalOtherIncomeExpensesNet": -9339627.51753, "incomeBeforeTax": 62409765, "incomeBeforeTaxRatio": 0.0767826105, "incomeTaxExpense": 14478059, "netIncome": 65211136, "netIncomeRatio": 0.0802291322, "eps": 0.27, "epsdiluted": 0.27, "weightedAverageShsOut": 213953870, "weightedAverageShsOutDil": 216341592, "link": "", "finalLink": "", "calculatedOtherExpenses": 300569406, "calculatedOperatingExpenses": 330454146, "calculatedNetInterest": -47085781, "calculatedOtherIncome": -10297538, "calculatedIncomeNonControlling": -17279430, "calculatedEbitda": 219201281}, {"date": "2013-12-31", "symbol": "AQN", "reportedCurrency": "USD", "cik": "0001174169", "fillingDate": "2014-03-28", "acceptedDate": "2014-03-27 20:00:00", "calendarYear": "2013", "period": "FY", "revenue": 634213022, "costOfRevenue": 247293781, "grossProfit": 386919240, "grossProfitRatio": 0.6100777295, "researchAndDevelopmentExpenses": 0, "generalAndAdministrativeExpenses": 22087399, "sellingAndMarketingExpenses": 0, "sellingGeneralAndAdministrativeExpenses": 22087399, "otherExpenses": 267785531, "operatingExpenses": 289872930, "costAndExpenses": 537166712, "interestIncome": 7311438, "interestExpense": 50100021, "depreciationAndAmortization": 93042628, "ebitda": 197400377, "ebitdaratio": 0.3112524823, "operatingIncome": 97578819, "operatingIncomeRatio": 0.1538581145, "totalOtherIncomeExpensesNet": 2701991, "incomeBeforeTax": 56959719, "incomeBeforeTaxRatio": 0.0898116516, "incomeTaxExpense": 8598100, "netIncome": 19061393, "netIncomeRatio": 0.030055191, "eps": 0.0657, "epsdiluted": 0.0657, "weightedAverageShsOut": 204350689, "weightedAverageShsOutDil": 205833204, "link": "", "finalLink": "", "calculatedOtherExpenses": 267253022, "calculatedOperatingExpenses": 289340421, "calculatedNetInterest": -42788583, "calculatedOtherIncome": 2169483, "calculatedIncomeNonControlling": 29300226, "calculatedEbitda": 190621447}, {"date": "2012-12-31", "symbol": "AQN", "reportedCurrency": "USD", "cik": "0001174169", "fillingDate": "2013-03-29", "acceptedDate": "2013-03-28 21:34:01", "calendarYear": "2012", "period": "FY", "revenue": 371809253, "costOfRevenue": 120883970, "grossProfit": 250925283, "grossProfitRatio": 0.6748763812, "researchAndDevelopmentExpenses": 0, "generalAndAdministrativeExpenses": 19709900, "sellingAndMarketingExpenses": 0, "sellingGeneralAndAdministrativeExpenses": 19709900, "otherExpenses": 185826724, "operatingExpenses": 205536624, "costAndExpenses": 326420594, "interestIncome": 7276620, "interestExpense": 36127780, "depreciationAndAmortization": 57002703, "ebitda": 109667983, "ebitdaratio": 0.2949576492, "operatingIncome": 45952574, "operatingIncomeRatio": 0.1235917997, "totalOtherIncomeExpensesNet": -6950936.340882, "incomeBeforeTax": 9586562, "incomeBeforeTaxRatio": 0.0257835501, "incomeTaxExpense": -13636500.708664, "netIncome": 14607520, "netIncomeRatio": 0.0392876743, "eps": 0.0905, "epsdiluted": 0.0905, "weightedAverageShsOut": 158304340, "weightedAverageShsOutDil": 158909621, "link": "https://www.sec.gov/Archives/edgar/data/1174169/000119312513133176/0001193125-13-133176-index.html", "finalLink": "https://www.sec.gov/Archives/edgar/data/1174169/000119312513133176/d481417d40f.htm", "calculatedOtherExpenses": 185262809, "calculatedOperatingExpenses": 204972709, "calculatedNetInterest": -28851160, "calculatedOtherIncome": -7514852, "calculatedIncomeNonControlling": 8615542.708664, "calculatedEbitda": 102955277}, {"date": "2011-12-31", "symbol": "AQN", "reportedCurrency": "USD", "cik": "0001174169", "fillingDate": "2012-03-30", "acceptedDate": "2012-03-30 15:06:39", "calendarYear": "2011", "period": "FY", "revenue": 270948090, "costOfRevenue": 156274240, "grossProfit": 114673849, "grossProfitRatio": 0.4232318047, "researchAndDevelopmentExpenses": 0, "generalAndAdministrativeExpenses": 0, "sellingAndMarketingExpenses": 0, "sellingGeneralAndAdministrativeExpenses": 17173359, "otherExpenses": -8627815.866797, "operatingExpenses": 77598432, "costAndExpenses": 233872673, "interestIncome": 5542605, "interestExpense": 29814887, "depreciationAndAmortization": 47030362, "ebitda": 81020568, "ebitdaratio": 0.2990261642, "operatingIncome": 37075416, "operatingIncomeRatio": 0.1368358649, "totalOtherIncomeExpensesNet": -8627815.866797, "incomeBeforeTax": 4175318, "incomeBeforeTaxRatio": 0.0154100304, "incomeTaxExpense": -22565132.22331, "netIncome": 22900097, "netIncomeRatio": 0.0845183959, "eps": 0.2, "epsdiluted": 0.2, "weightedAverageShsOut": 116712934, "weightedAverageShsOutDil": 116962788, "link": "https://www.sec.gov/Archives/edgar/data/1174169/000119312512143273/0001193125-12-143273-index.html", "finalLink": "https://www.sec.gov/Archives/edgar/data/1174169/000119312512143273/d298140d40f.htm", "calculatedOtherExpenses": 60425074, "calculatedOperatingExpenses": 77598433, "calculatedNetInterest": -24272282, "calculatedOtherIncome": -8627816, "calculatedIncomeNonControlling": 3840353.223310001, "calculatedEbitda": 84105778}, {"date": "2010-12-31", "symbol": "AQN", "reportedCurrency": "USD", "cik": "0001174169", "fillingDate": "2011-04-01", "acceptedDate": "2011-03-31 21:49:39", "calendarYear": "2010", "period": "FY", "revenue": 182852743, "costOfRevenue": 97835346, "grossProfit": 85017397, "grossProfitRatio": 0.4649500771, "researchAndDevelopmentExpenses": 0, "generalAndAdministrativeExpenses": 0, "sellingAndMarketingExpenses": 0, "sellingGeneralAndAdministrativeExpenses": 14883618, "otherExpenses": 2289633, "operatingExpenses": 60921252, "costAndExpenses": 158756598, "interestIncome": 1137817, "interestExpense": 25607902, "depreciationAndAmortization": 49476083, "ebitda": 77430611, "ebitdaratio": 0.4234588423, "operatingIncome": 24096144, "operatingIncomeRatio": 0.1317789613, "totalOtherIncomeExpensesNet": 228963, "incomeBeforeTax": -144976.803711, "incomeBeforeTaxRatio": -0.000792861, "incomeTaxExpense": -20224764.037754, "netIncome": 19635858, "netIncomeRatio": 0.1073861834, "eps": 0.19, "epsdiluted": 0.19, "weightedAverageShsOut": 94338193, "weightedAverageShsOutDil": 94338193, "link": "https://www.sec.gov/Archives/edgar/data/1174169/000119312511085487/0001193125-11-085487-index.html", "finalLink": "https://www.sec.gov/Archives/edgar/data/1174169/000119312511085487/d40f.htm", "calculatedOtherExpenses": 46037635, "calculatedOperatingExpenses": 60921253, "calculatedNetInterest": -24470085, "calculatedOtherIncome": 228964.19628899917, "calculatedIncomeNonControlling": 443929.2340429984, "calculatedEbitda": 73572227}, {"date": "2009-12-31", "symbol": "AQN", "reportedCurrency": "USD", "cik": "0001174169", "fillingDate": "2010-04-01", "acceptedDate": "2010-03-31 21:58:32", "calendarYear": "2009", "period": "FY", "revenue": 178841562, "costOfRevenue": 98114793, "grossProfit": 80726769, "grossProfitRatio": 0.4513870718, "researchAndDevelopmentExpenses": 0, "generalAndAdministrativeExpenses": 0, "sellingAndMarketingExpenses": 0, "sellingGeneralAndAdministrativeExpenses": 9941743, "otherExpenses": 16539012, "operatingExpenses": 52548944, "costAndExpenses": 150663737, "interestIncome": 6108299, "interestExpense": 20083086, "depreciationAndAmortization": 45091204, "ebitda": 95916340, "ebitdaratio": 0.536320188, "operatingIncome": 28177824, "operatingIncomeRatio": 0.157557472, "totalOtherIncomeExpensesNet": 10372457, "incomeBeforeTax": 24575494, "incomeBeforeTaxRatio": 0.1374148933, "incomeTaxExpense": -37684079.839557, "netIncome": 59645688, "netIncomeRatio": 0.3335113342, "eps": 0.37, "epsdiluted": 0.37, "weightedAverageShsOut": 79830906, "weightedAverageShsOutDil": 81330128, "link": "https://www.sec.gov/Archives/edgar/data/1174169/000119312510074025/0001193125-10-074025-index.html", "finalLink": "https://www.sec.gov/Archives/edgar/data/1174169/000119312510074025/d40f.htm", "calculatedOtherExpenses": 42607202, "calculatedOperatingExpenses": 52548945, "calculatedNetInterest": -13974787, "calculatedOtherIncome": 10372457, "calculatedIncomeNonControlling": 2613885.8395569995, "calculatedEbitda": 73269028}, {"date": "2008-12-31", "symbol": "AQN", "reportedCurrency": "USD", "cik": "0001174169", "fillingDate": "2008-12-31", "acceptedDate": "2008-12-30 19:00:00", "calendarYear": "2008", "period": "FY", "revenue": 175674609, "costOfRevenue": 98996713, "grossProfit": 76677896, "grossProfitRatio": 0.4364768284, "researchAndDevelopmentExpenses": 0, "generalAndAdministrativeExpenses": 0, "sellingAndMarketingExpenses": 0, "sellingGeneralAndAdministrativeExpenses": 8473294, "otherExpenses": -31017255.546426, "operatingExpenses": 47802793, "costAndExpenses": 146799506, "interestIncome": 5770747, "interestExpense": 21600657, "depreciationAndAmortization": 36956450, "ebitda": 40585045, "ebitdaratio": 0.2310239668, "operatingIncome": 28875102, "operatingIncomeRatio": 0.1643669666, "totalOtherIncomeExpensesNet": -31017255.546426, "incomeBeforeTax": -17972062.448644, "incomeBeforeTaxRatio": -0.1023031301, "incomeTaxExpense": 253081, "netIncome": -15643385.37387, "netIncomeRatio": -0.0890475032, "eps": -0.21, "epsdiluted": -0.2, "weightedAverageShsOut": 75265940, "weightedAverageShsOutDil": 77308043, "link": "", "finalLink": "", "calculatedOtherExpenses": 39329500, "calculatedOperatingExpenses": 47802794, "calculatedNetInterest": -15829910, "calculatedOtherIncome": -31017254.448643997, "calculatedIncomeNonControlling": -2581758.074774001, "calculatedEbitda": 65831552}, {"date": "2007-12-31", "symbol": "AQN", "reportedCurrency": "USD", "cik": "0001174169", "fillingDate": "2007-12-31", "acceptedDate": "2007-12-30 19:00:00", "calendarYear": "2007", "period": "FY", "revenue": 187998586, "costOfRevenue": 100286781, "grossProfit": 87711804, "grossProfitRatio": 0.46655566, "researchAndDevelopmentExpenses": 0, "generalAndAdministrativeExpenses": 0, "sellingAndMarketingExpenses": 0, "sellingGeneralAndAdministrativeExpenses": 8545895, "otherExpenses": 22983944, "operatingExpenses": 144694537, "costAndExpenses": 244981318, "interestIncome": 0, "interestExpense": 0, "depreciationAndAmortization": 44031101, "ebitda": -12951630.818944, "ebitdaratio": -0.0688921713, "operatingIncome": 43304049, "operatingIncomeRatio": 0.2303424198, "totalOtherIncomeExpensesNet": 23377764, "incomeBeforeTax": 39856609, "incomeBeforeTaxRatio": 0.2120048342, "incomeTaxExpense": 15255983, "netIncome": 23902857, "netIncomeRatio": 0.1271438163, "eps": 0.32, "epsdiluted": 0.31, "weightedAverageShsOut": 73423639, "weightedAverageShsOutDil": 76127232, "link": "", "finalLink": "", "calculatedOtherExpenses": 35861860, "calculatedOperatingExpenses": 44407755, "calculatedNetInterest": 0, "calculatedOtherIncome": -3447440, "calculatedIncomeNonControlling": 697769, "calculatedEbitda": 87335150}, {"date": "2006-12-31", "symbol": "AQN", "reportedCurrency": "USD", "cik": "0001174169", "fillingDate": "2006-12-31", "acceptedDate": "2006-12-30 19:00:00", "calendarYear": "2006", "period": "FY", "revenue": 172799416, "costOfRevenue": 96383836, "grossProfit": 76415579, "grossProfitRatio": 0.4422212844, "researchAndDevelopmentExpenses": 0, "generalAndAdministrativeExpenses": 0, "sellingAndMarketingExpenses": 0, "sellingGeneralAndAdministrativeExpenses": 6875428, "otherExpenses": 130032601, "operatingExpenses": 136908030, "costAndExpenses": 233291866, "interestIncome": 10861000, "interestExpense": 22289000, "depreciationAndAmortization": 34059711, "ebitda": -26432738.503775, "ebitdaratio": -0.1529677531, "operatingIncome": 35891386, "operatingIncomeRatio": 0.2077054837, "totalOtherIncomeExpensesNet": -3225806.451613, "incomeBeforeTax": 22861187, "incomeBeforeTaxRatio": 0.1322989847, "incomeTaxExpense": -2373026.76733, "netIncome": 23983356, "netIncomeRatio": 0.1387930392, "eps": 0.33, "epsdiluted": 0.33, "weightedAverageShsOut": 71682051, "weightedAverageShsOutDil": 71682051, "link": "", "finalLink": "", "calculatedOtherExpenses": 33648765, "calculatedOperatingExpenses": 40524193, "calculatedNetInterest": -11428000, "calculatedOtherIncome": -1602199, "calculatedIncomeNonControlling": 1250857.7673299983, "calculatedEbitda": 69951097}, {"date": "2005-12-31", "symbol": "AQN", "reportedCurrency": "USD", "cik": "0001174169", "fillingDate": "2005-12-31", "acceptedDate": "2005-12-30 19:00:00", "calendarYear": "2005", "period": "FY", "revenue": 154403306, "costOfRevenue": 91864129, "grossProfit": 62539176, "grossProfitRatio": 0.4050378087, "researchAndDevelopmentExpenses": 0, "generalAndAdministrativeExpenses": 0, "sellingAndMarketingExpenses": 0, "sellingGeneralAndAdministrativeExpenses": 4891510, "otherExpenses": -3328741.174445, "operatingExpenses": 126070260, "costAndExpenses": 217934389, "interestIncome": 11398000, "interestExpense": 16379000, "depreciationAndAmortization": 30245393, "ebitda": -33285689.684863, "ebitdaratio": -0.2155762753, "operatingIncome": 28333046, "operatingIncomeRatio": 0.1835002565, "totalOtherIncomeExpensesNet": -3042018.253832, "incomeBeforeTax": 21002238, "incomeBeforeTaxRatio": 0.1360219491, "incomeTaxExpense": 2242121, "netIncome": 18760117, "netIncomeRatio": 0.1215007473, "eps": 0.27, "epsdiluted": 0.27, "weightedAverageShsOut": 69691592, "weightedAverageShsOutDil": 69691592, "link": "", "finalLink": "", "calculatedOtherExpenses": 29314620, "calculatedOperatingExpenses": 34206130, "calculatedNetInterest": -4981000, "calculatedOtherIncome": -2349808, "calculatedIncomeNonControlling": 0, "calculatedEbitda": 58578439}, {"date": "2004-12-31", "symbol": "AQN", "reportedCurrency": "USD", "cik": "0001174169", "fillingDate": "2004-12-31", "acceptedDate": "2004-12-30 19:00:00", "calendarYear": "2004", "period": "FY", "revenue": 133531036, "costOfRevenue": 78203869, "grossProfit": 55327166, "grossProfitRatio": 0.4143393782, "researchAndDevelopmentExpenses": 0, "generalAndAdministrativeExpenses": 0, "sellingAndMarketingExpenses": 0, "sellingGeneralAndAdministrativeExpenses": 4655031, "otherExpenses": 105560084, "operatingExpenses": 110215116, "costAndExpenses": 188418986, "interestIncome": 0, "interestExpense": 0, "depreciationAndAmortization": 30410767, "ebitda": -24477182.358128, "ebitdaratio": -0.183307065, "operatingIncome": 23315919, "operatingIncomeRatio": 0.174610492, "totalOtherIncomeExpensesNet": 3022942, "incomeBeforeTax": 21548238, "incomeBeforeTaxRatio": 0.1613725136, "incomeTaxExpense": 1900776, "netIncome": 18967840, "netIncomeRatio": 0.14204818, "eps": 0.27, "epsdiluted": 0.27, "weightedAverageShsOut": 69096970, "weightedAverageShsOutDil": 69096970, "link": "", "finalLink": "", "calculatedOtherExpenses": 27356216, "calculatedOperatingExpenses": 32011247, "calculatedNetInterest": 0, "calculatedOtherIncome": -1767681, "calculatedIncomeNonControlling": 679622, "calculatedEbitda": 53726686}, {"date": "2003-12-31", "symbol": "AQN", "reportedCurrency": "USD", "cik": "0001174169", "fillingDate": "2003-12-31", "acceptedDate": "2003-12-30 19:00:00", "calendarYear": "2003", "period": "FY", "revenue": 118927026, "costOfRevenue": 62216121, "grossProfit": 56710904, "grossProfitRatio": 0.4768546437, "researchAndDevelopmentExpenses": 0, "generalAndAdministrativeExpenses": 0, "sellingAndMarketingExpenses": 0, "sellingGeneralAndAdministrativeExpenses": 4300685, "otherExpenses": 73642203, "operatingExpenses": 77942888, "costAndExpenses": 140159010, "interestIncome": 6608000, "interestExpense": 11631000, "depreciationAndAmortization": 25685356, "ebitda": 4453372, "ebitdaratio": 0.0374462622, "operatingIncome": 40984137, "operatingIncomeRatio": 0.3446158435, "totalOtherIncomeExpensesNet": -8969208.109378997, "incomeBeforeTax": 32014929, "incomeBeforeTaxRatio": 0.2691980988, "incomeTaxExpense": -3399214.972586, "netIncome": 34321429, "netIncomeRatio": 0.2885923448, "eps": 0.51, "epsdiluted": 0.51, "weightedAverageShsOut": 67434848, "weightedAverageShsOutDil": 67887612, "link": "", "finalLink": "", "calculatedOtherExpenses": 11426082, "calculatedOperatingExpenses": 15726767, "calculatedNetInterest": -5023000, "calculatedOtherIncome": -3946208, "calculatedIncomeNonControlling": 1092714.9725859985, "calculatedEbitda": 66669493}, {"date": "2002-12-31", "symbol": "AQN", "reportedCurrency": "USD", "cik": "0001174169", "fillingDate": "2002-12-31", "acceptedDate": "2002-12-30 19:00:00", "calendarYear": "2002", "period": "FY", "revenue": 60193354, "costOfRevenue": 25336814, "grossProfit": 34856540, "grossProfitRatio": 0.5790762217, "researchAndDevelopmentExpenses": 0, "generalAndAdministrativeExpenses": 0, "sellingAndMarketingExpenses": 0, "sellingGeneralAndAdministrativeExpenses": 3119461, "otherExpenses": 40097566, "operatingExpenses": 43217028, "costAndExpenses": 68553842, "interestIncome": 0, "interestExpense": 0, "depreciationAndAmortization": 13992161, "ebitda": 5631673, "ebitdaratio": 0.0935597227, "operatingIncome": 16976326, "operatingIncomeRatio": 0.2820299062, "totalOtherIncomeExpensesNet": -5324237.284906, "incomeBeforeTax": 11652088, "incomeBeforeTaxRatio": 0.1935776622, "incomeTaxExpense": 814960, "netIncome": 10258462, "netIncomeRatio": 0.1704251659, "eps": 0.18, "epsdiluted": 0.18, "weightedAverageShsOut": 57678571, "weightedAverageShsOutDil": 57678571, "link": "", "finalLink": "", "calculatedOtherExpenses": 14760753, "calculatedOperatingExpenses": 17880214, "calculatedNetInterest": 0, "calculatedOtherIncome": -5324238, "calculatedIncomeNonControlling": 578666, "calculatedEbitda": 30968487}, {"date": "2001-12-31", "symbol": "AQN", "reportedCurrency": "USD", "cik": "0001174169", "fillingDate": "2001-12-31", "acceptedDate": "2001-12-30 19:00:00", "calendarYear": "2001", "period": "FY", "revenue": 28247214, "costOfRevenue": 9314815, "grossProfit": 18932398, "grossProfitRatio": 0.6702394983, "researchAndDevelopmentExpenses": 0, "generalAndAdministrativeExpenses": 0, "sellingAndMarketingExpenses": 0, "sellingGeneralAndAdministrativeExpenses": 497493, "otherExpenses": 16027211, "operatingExpenses": 16524705, "costAndExpenses": 25839520, "interestIncome": 0, "interestExpense": 0, "depreciationAndAmortization": 6828603, "ebitda": 9236296, "ebitdaratio": 0.326980809, "operatingIncome": 11722509, "operatingIncomeRatio": 0.4149969979, "totalOtherIncomeExpensesNet": -3053430.319476, "incomeBeforeTax": 4460483, "incomeBeforeTaxRatio": 0.1579087816, "incomeTaxExpense": 148871, "netIncome": 4311611, "netIncomeRatio": 0.1526384843, "eps": 0.11, "epsdiluted": 0.11, "weightedAverageShsOut": 40376471, "weightedAverageShsOutDil": 42085472, "link": "", "finalLink": "", "calculatedOtherExpenses": 6712396, "calculatedOperatingExpenses": 7209889, "calculatedNetInterest": 0, "calculatedOtherIncome": -7262026, "calculatedIncomeNonControlling": 1, "calculatedEbitda": 18551112}, {"date": "2000-12-31", "symbol": "AQN", "reportedCurrency": "USD", "cik": "0001174169", "fillingDate": "2000-12-31", "acceptedDate": "2000-12-30 19:00:00", "calendarYear": "2000", "period": "FY", "revenue": 31005668, "costOfRevenue": 8188729, "grossProfit": 22816938, "grossProfitRatio": 0.7358957262, "researchAndDevelopmentExpenses": 0, "generalAndAdministrativeExpenses": 0, "sellingAndMarketingExpenses": 0, "sellingGeneralAndAdministrativeExpenses": 866288, "otherExpenses": 14176058, "operatingExpenses": 15042347, "costAndExpenses": 23231077, "interestIncome": 2497000, "interestExpense": 8947000, "depreciationAndAmortization": 6206068, "ebitda": 13980660, "ebitdaratio": 0.4509065881, "operatingIncome": 15963321, "operatingIncomeRatio": 0.5148516981, "totalOtherIncomeExpensesNet": -5966655.551851001, "incomeBeforeTax": 9996665, "incomeBeforeTaxRatio": 0.3224141269, "incomeTaxExpense": 1084361, "netIncome": 8912304, "netIncomeRatio": 0.2874411202, "eps": 0.36, "epsdiluted": 0.36, "weightedAverageShsOut": 24748148, "weightedAverageShsOutDil": 27020472, "link": "", "finalLink": "", "calculatedOtherExpenses": 5987329, "calculatedOperatingExpenses": 6853617, "calculatedNetInterest": -6450000, "calculatedOtherIncome": 483344, "calculatedIncomeNonControlling": 0, "calculatedEbitda": 22169389}, {"date": "1999-12-31", "symbol": "AQN", "reportedCurrency": "USD", "cik": "0001174169", "fillingDate": "1999-12-31", "acceptedDate": "1999-12-30 19:00:00", "calendarYear": "1999", "period": "FY", "revenue": 13367809, "costOfRevenue": 3158120, "grossProfit": 10209689, "grossProfitRatio": 0.7637518723, "researchAndDevelopmentExpenses": 0, "generalAndAdministrativeExpenses": 0, "sellingAndMarketingExpenses": 0, "sellingGeneralAndAdministrativeExpenses": 874110, "otherExpenses": 6464686, "operatingExpenses": 7338797, "costAndExpenses": 10496917, "interestIncome": 0, "interestExpense": 0, "depreciationAndAmortization": 2483550, "ebitda": 5500818, "ebitdaratio": 0.41149734, "operatingIncome": 6029012, "operatingIncomeRatio": 0.4510097619, "totalOtherIncomeExpensesNet": -1042580.0749829998, "incomeBeforeTax": 4986432, "incomeBeforeTaxRatio": 0.3730179226, "incomeTaxExpense": 8975.85495, "netIncome": 4977456, "netIncomeRatio": 0.3723464697, "eps": 0.26, "epsdiluted": 0.26, "weightedAverageShsOut": 19483784, "weightedAverageShsOutDil": 19483784, "link": "", "finalLink": "", "calculatedOtherExpenses": 3306567, "calculatedOperatingExpenses": 4180677, "calculatedNetInterest": 0, "calculatedOtherIncome": -1042580, "calculatedIncomeNonControlling": 0.14505000039935112, "calculatedEbitda": 8512562}, {"date": "1998-12-31", "symbol": "AQN", "reportedCurrency": "USD", "cik": "0001174169", "fillingDate": "1998-12-31", "acceptedDate": "1998-12-30 19:00:00", "calendarYear": "1998", "period": "FY", "revenue": 5331123, "costOfRevenue": 1181516, "grossProfit": 4149606, "grossProfitRatio": 0.7783737657, "researchAndDevelopmentExpenses": 0, "generalAndAdministrativeExpenses": 0, "sellingAndMarketingExpenses": 0, "sellingGeneralAndAdministrativeExpenses": 198219, "otherExpenses": 2699031, "operatingExpenses": 2897250, "costAndExpenses": 4078767, "interestIncome": 0, "interestExpense": 0, "depreciationAndAmortization": 1215311, "ebitda": 2540456, "ebitdaratio": 0.4765329757, "operatingIncome": 2433872, "operatingIncomeRatio": 0.4565402901, "totalOtherIncomeExpensesNet": 142327, "incomeBeforeTax": 2576200, "incomeBeforeTaxRatio": 0.4832378398, "incomeTaxExpense": -608955.6118809998, "netIncome": 2076428, "netIncomeRatio": 0.3894916494, "eps": 0.19, "epsdiluted": 0.19, "weightedAverageShsOut": 11017241, "weightedAverageShsOutDil": 11017241, "link": "", "finalLink": "", "calculatedOtherExpenses": 1517515, "calculatedOperatingExpenses": 1715734, "calculatedNetInterest": 0, "calculatedOtherIncome": 142328, "calculatedIncomeNonControlling": 1108727.611881, "calculatedEbitda": 3649183}, {"date": "1997-12-31", "symbol": "AQN", "reportedCurrency": "USD", "cik": "0001174169", "fillingDate": "1997-12-31", "acceptedDate": "1997-12-30 19:00:00", "calendarYear": "1997", "period": "FY", "revenue": 94117, "costOfRevenue": 0, "grossProfit": 94117, "grossProfitRatio": 1, "researchAndDevelopmentExpenses": 0, "generalAndAdministrativeExpenses": 0, "sellingAndMarketingExpenses": 0, "sellingGeneralAndAdministrativeExpenses": 117296, "otherExpenses": 1623563, "operatingExpenses": 1740860, "costAndExpenses": 1740860, "interestIncome": 0, "interestExpense": 0, "depreciationAndAmortization": 20140, "ebitda": -1626602.375961, "ebitdaratio": -17.2826955347, "operatingIncome": -1646742.837177, "operatingIncomeRatio": -17.4966884959, "totalOtherIncomeExpensesNet": 0, "incomeBeforeTax": 0, "incomeBeforeTaxRatio": 0, "incomeTaxExpense": 51719, "netIncome": -1698462.613557, "netIncomeRatio": -18.04621256, "eps": -0.21, "epsdiluted": -0.21, "weightedAverageShsOut": 8103333, "weightedAverageShsOutDil": 8103333, "link": "", "finalLink": "", "calculatedOtherExpenses": 1623563.837177, "calculatedOperatingExpenses": 1740859.837177, "calculatedNetInterest": 0, "calculatedOtherIncome": 1646742.837177, "calculatedIncomeNonControlling": 1646743.613557, "calculatedEbitda": -1626602.837177}]}