{"originalCurrency": "USD", "convertedCurrency": "USD", "report": [{"date": "2023-12-31", "symbol": "AQNB", "reportedCurrency": "USD", "cik": "0001174169", "fillingDate": "2023-12-31", "acceptedDate": "2023-12-29 19:00:00", "calendarYear": "2023", "period": "FY", "revenue": 2737343615, "costOfRevenue": 2148619542, "grossProfit": 588724073, "grossProfitRatio": 0.2150713085, "researchAndDevelopmentExpenses": 0, "generalAndAdministrativeExpenses": 90359000, "sellingAndMarketingExpenses": 1657076, "sellingGeneralAndAdministrativeExpenses": 92016076, "otherExpenses": 0, "operatingExpenses": 92016076, "costAndExpenses": 2240635619, "interestIncome": 49443404, "interestExpense": 375089827, "depreciationAndAmortization": 475560153, "ebitda": 972268143, "ebitdaratio": 0.3551867357, "operatingIncome": 496707993, "operatingIncomeRatio": 0.1814562082, "totalOtherIncomeExpensesNet": -618506407, "incomeBeforeTax": -121798413, "incomeBeforeTaxRatio": -0.0444951128, "incomeTaxExpense": -87882639, "netIncome": 29199847, "netIncomeRatio": 0.0106672202, "eps": 0.0424, "epsdiluted": 0.0423, "weightedAverageShsOut": 688738717, "weightedAverageShsOutDil": 690763226, "link": null, "finalLink": null, "calculatedOtherExpenses": 4, "calculatedOperatingExpenses": 92016080, "calculatedNetInterest": -325646423, "calculatedOtherIncome": -292859983, "calculatedIncomeNonControlling": -63115621, "calculatedEbitda": 972268146}, {"date": "2022-12-31", "symbol": "AQNB", "reportedCurrency": "USD", "cik": "0001174169", "fillingDate": "2022-12-31", "acceptedDate": "2022-12-29 19:00:00", "calendarYear": "2022", "period": "FY", "revenue": 2594263408, "costOfRevenue": 2087248529, "grossProfit": 507014879, "grossProfitRatio": 0.1954369311, "researchAndDevelopmentExpenses": 0, "generalAndAdministrativeExpenses": 80232000, "sellingAndMarketingExpenses": -3179007, "sellingGeneralAndAdministrativeExpenses": 77052993, "otherExpenses": 0, "operatingExpenses": 77052993, "costAndExpenses": 2164301522, "interestIncome": 23147014, "interestExpense": 277910146, "depreciationAndAmortization": 437471076, "ebitda": 867432962, "ebitdaratio": 0.3343658008, "operatingIncome": 429961886, "operatingIncomeRatio": 0.1657356322, "totalOtherIncomeExpensesNet": -784982649, "incomeBeforeTax": -355020762, "incomeBeforeTaxRatio": -0.1368483867, "incomeTaxExpense": -59075689, "netIncome": -203589427, "netIncomeRatio": -0.0784767755, "eps": -0.3, "epsdiluted": -0.3, "weightedAverageShsOut": 677862207, "weightedAverageShsOutDil": 677862207, "link": null, "finalLink": null, "calculatedOtherExpenses": 0, "calculatedOperatingExpenses": 77052993, "calculatedNetInterest": -254763132, "calculatedOtherIncome": -530219516, "calculatedIncomeNonControlling": -92355646, "calculatedEbitda": 867432962}, {"date": "2021-12-31", "symbol": "AQNB", "reportedCurrency": "USD", "cik": "0001174169", "fillingDate": "2021-12-31", "acceptedDate": "2021-12-29 19:00:00", "calendarYear": "2021", "period": "FY", "revenue": 2197615556, "costOfRevenue": 1803000591, "grossProfit": 394614965, "grossProfitRatio": 0.1795650581, "researchAndDevelopmentExpenses": 0, "generalAndAdministrativeExpenses": 66726000, "sellingAndMarketingExpenses": -587122, "sellingGeneralAndAdministrativeExpenses": 66138878, "otherExpenses": 0, "operatingExpenses": 66138878, "costAndExpenses": 1869139469, "interestIncome": 20593192, "interestExpense": 214173759, "depreciationAndAmortization": 399417334, "ebitda": 727893418, "ebitdaratio": 0.331219633, "operatingIncome": 328476084, "operatingIncomeRatio": 0.1494693115, "totalOtherIncomeExpensesNet": -187495581, "incomeBeforeTax": 140980502, "incomeBeforeTaxRatio": 0.0641515763, "incomeTaxExpense": -43042904, "netIncome": 262528509, "netIncomeRatio": 0.1194606164, "eps": 0.42, "epsdiluted": 0.42, "weightedAverageShsOut": 622347677, "weightedAverageShsOutDil": 628947862, "link": null, "finalLink": null, "calculatedOtherExpenses": 3, "calculatedOperatingExpenses": 66138881, "calculatedNetInterest": -193580567, "calculatedOtherIncome": 6084985, "calculatedIncomeNonControlling": -78505103, "calculatedEbitda": 727893418}, {"date": "2020-12-31", "symbol": "AQNB", "reportedCurrency": "USD", "cik": "0001174169", "fillingDate": "2020-12-31", "acceptedDate": "2020-12-29 19:00:00", "calendarYear": "2020", "period": "FY", "revenue": 1735484722, "costOfRevenue": 1297030850, "grossProfit": 438453872, "grossProfitRatio": 0.252640583, "researchAndDevelopmentExpenses": 0, "generalAndAdministrativeExpenses": 63122000, "sellingAndMarketingExpenses": 3334524, "sellingGeneralAndAdministrativeExpenses": 66456524, "otherExpenses": 0, "operatingExpenses": 66456524, "costAndExpenses": 1363487374, "interestIncome": 14086820, "interestExpense": 205056941, "depreciationAndAmortization": 330717067, "ebitda": 702714411, "ebitdaratio": 0.4049095922, "operatingIncome": 371997346, "operatingIncomeRatio": 0.214347808, "totalOtherIncomeExpensesNet": 462054034, "incomeBeforeTax": 834051381, "incomeBeforeTaxRatio": 0.4805869913, "incomeTaxExpense": 67994703, "netIncome": 823797902, "netIncomeRatio": 0.4746788557, "eps": 1.47, "epsdiluted": 1.46, "weightedAverageShsOut": 559633275, "weightedAverageShsOutDil": 564373836, "link": null, "finalLink": null, "calculatedOtherExpenses": 2, "calculatedOperatingExpenses": 66456526, "calculatedNetInterest": -190970121, "calculatedOtherIncome": 653024156, "calculatedIncomeNonControlling": -57741224, "calculatedEbitda": 702714413}, {"date": "2019-12-31", "symbol": "AQNB", "reportedCurrency": "USD", "cik": "0001174169", "fillingDate": "2019-12-31", "acceptedDate": "2019-12-29 19:00:00", "calendarYear": "2019", "period": "FY", "revenue": 1641403136, "costOfRevenue": 1227485819, "grossProfit": 413917317, "grossProfitRatio": 0.2521728562, "researchAndDevelopmentExpenses": 0, "generalAndAdministrativeExpenses": 56802000, "sellingAndMarketingExpenses": 1320560, "sellingGeneralAndAdministrativeExpenses": 58122560, "otherExpenses": 0, "operatingExpenses": 58122560, "costAndExpenses": 1285608380, "interestIncome": 28404354, "interestExpense": 193159640, "depreciationAndAmortization": 290913638, "ebitda": 646708394, "ebitdaratio": 0.393997294, "operatingIncome": 355794756, "operatingIncomeRatio": 0.2167625662, "totalOtherIncomeExpensesNet": 221496461, "incomeBeforeTax": 577291217, "incomeBeforeTaxRatio": 0.3517059303, "incomeTaxExpense": 71747114, "netIncome": 543226251, "netIncomeRatio": 0.3309523657, "eps": 1.09, "epsdiluted": 1.08, "weightedAverageShsOut": 499910876, "weightedAverageShsOutDil": 504739554, "link": null, "finalLink": null, "calculatedOtherExpenses": 1, "calculatedOperatingExpenses": 58122561, "calculatedNetInterest": -164755286, "calculatedOtherIncome": 386251747, "calculatedIncomeNonControlling": -37682148, "calculatedEbitda": 646708394}, {"date": "2018-12-31", "symbol": "AQNB", "reportedCurrency": "USD", "cik": "0001174169", "fillingDate": "2018-12-31", "acceptedDate": "2018-12-29 19:00:00", "calendarYear": "2018", "period": "FY", "revenue": 1550205609, "costOfRevenue": 1155293266, "grossProfit": 394912343, "grossProfitRatio": 0.2547483642, "researchAndDevelopmentExpenses": 0, "generalAndAdministrativeExpenses": 0, "sellingAndMarketingExpenses": 0, "sellingGeneralAndAdministrativeExpenses": 50021939, "otherExpenses": 0, "operatingExpenses": 50021939, "costAndExpenses": 1205315205, "interestIncome": 16093189, "interestExpense": 148110871, "depreciationAndAmortization": 247473365, "ebitda": 592363764, "ebitdaratio": 0.3821194818, "operatingIncome": 344890401, "operatingIncomeRatio": 0.2224804239, "totalOtherIncomeExpensesNet": -232352905.77344486, "incomeBeforeTax": 128630690, "incomeBeforeTaxRatio": 0.082976535, "incomeTaxExpense": 50650178, "netIncome": 175554135, "netIncomeRatio": 0.1132457101, "eps": 0.38, "epsdiluted": 0.38, "weightedAverageShsOut": 461818023, "weightedAverageShsOutDil": 466045618, "link": null, "finalLink": null, "calculatedOtherExpenses": 3, "calculatedOperatingExpenses": 50021942, "calculatedNetInterest": -132017682, "calculatedOtherIncome": -84242029, "calculatedIncomeNonControlling": -97573623, "calculatedEbitda": 592363766}, {"date": "2017-12-31", "symbol": "AQNB", "reportedCurrency": "USD", "cik": "0001174169", "fillingDate": "2017-12-31", "acceptedDate": "2017-12-29 19:00:00", "calendarYear": "2017", "period": "FY", "revenue": 1583929127, "costOfRevenue": 1145700147, "grossProfit": 438228979, "grossProfitRatio": 0.2766720885, "researchAndDevelopmentExpenses": 0, "generalAndAdministrativeExpenses": 0, "sellingAndMarketingExpenses": 0, "sellingGeneralAndAdministrativeExpenses": 51451374, "otherExpenses": 0, "operatingExpenses": 51451374, "costAndExpenses": 1197151522, "interestIncome": 9568618, "interestExpense": 167494313, "depreciationAndAmortization": 260542719, "ebitda": 647320324, "ebitdaratio": 0.4086801063, "operatingIncome": 386777604, "operatingIncomeRatio": 0.2441887066, "totalOtherIncomeExpensesNet": -215939981.64332172, "incomeBeforeTax": 180406241, "incomeBeforeTaxRatio": 0.1138979252, "incomeTaxExpense": 75975896, "netIncome": 154111496, "netIncomeRatio": 0.097296965, "eps": 0.4, "epsdiluted": 0.4, "weightedAverageShsOut": 382323434, "weightedAverageShsOutDil": 385986148, "link": null, "finalLink": null, "calculatedOtherExpenses": 1, "calculatedOperatingExpenses": 51451375, "calculatedNetInterest": -157925695, "calculatedOtherIncome": -48445668, "calculatedIncomeNonControlling": -49681151, "calculatedEbitda": 647320323}, {"date": "2016-12-31", "symbol": "AQNB", "reportedCurrency": "USD", "cik": "0001174169", "fillingDate": "2016-12-31", "acceptedDate": "2016-12-29 19:00:00", "calendarYear": "2016", "period": "FY", "revenue": 822916371, "costOfRevenue": 607893068, "grossProfit": 215023302, "grossProfitRatio": 0.2612942336, "researchAndDevelopmentExpenses": 0, "generalAndAdministrativeExpenses": 0, "sellingAndMarketingExpenses": 0, "sellingGeneralAndAdministrativeExpenses": 34561724, "otherExpenses": 0, "operatingExpenses": 34561724, "costAndExpenses": 642454792, "interestIncome": 7884120, "interestExpense": 101426494, "depreciationAndAmortization": 139367659, "ebitda": 319829238, "ebitdaratio": 0.388653391, "operatingIncome": 180461578, "operatingIncomeRatio": 0.2192951615, "totalOtherIncomeExpensesNet": -91772118.86208569, "incomeBeforeTax": 96573580, "incomeBeforeTaxRatio": 0.117355279, "incomeTaxExpense": 27691734, "netIncome": 97627978, "netIncomeRatio": 0.1186365729, "eps": 0.36, "epsdiluted": 0.36, "weightedAverageShsOut": 271832430, "weightedAverageShsOutDil": 274077032, "link": null, "finalLink": null, "calculatedOtherExpenses": 0, "calculatedOperatingExpenses": 34561724, "calculatedNetInterest": -93542374, "calculatedOtherIncome": 9654376, "calculatedIncomeNonControlling": -28746132, "calculatedEbitda": 319829237}, {"date": "2015-12-31", "symbol": "AQNB", "reportedCurrency": "USD", "cik": "0001174169", "fillingDate": "2015-12-31", "acceptedDate": "2015-12-29 19:00:00", "calendarYear": "2015", "period": "FY", "revenue": 743650565, "costOfRevenue": 579684687, "grossProfit": 163965877, "grossProfitRatio": 0.2204878002, "researchAndDevelopmentExpenses": 0, "generalAndAdministrativeExpenses": 0, "sellingAndMarketingExpenses": 0, "sellingGeneralAndAdministrativeExpenses": 29281549, "otherExpenses": 0, "operatingExpenses": 29281549, "costAndExpenses": 608966237, "interestIncome": 4801670, "interestExpense": 49556547, "depreciationAndAmortization": 107843927, "ebitda": 242528255, "ebitdaratio": 0.3261320129, "operatingIncome": 134684327, "operatingIncomeRatio": 0.1811123857, "totalOtherIncomeExpensesNet": -45720970.4124973, "incomeBeforeTax": 93765027, "incomeBeforeTaxRatio": 0.1260874826, "incomeTaxExpense": 31468576, "netIncome": 84572744, "netIncomeRatio": 0.1137264582, "eps": 0.33, "epsdiluted": 0.33, "weightedAverageShsOut": 253172088, "weightedAverageShsOutDil": 256516720, "link": null, "finalLink": null, "calculatedOtherExpenses": 1, "calculatedOperatingExpenses": 29281550, "calculatedNetInterest": -44754877, "calculatedOtherIncome": 3835577, "calculatedIncomeNonControlling": -22276293, "calculatedEbitda": 242528254}]}