{"originalCurrency": "USD", "convertedCurrency": "USD", "report": [{"date": "2023-12-31", "symbol": "AR", "reportedCurrency": "USD", "cik": "0001433270", "fillingDate": "2024-02-14", "acceptedDate": "2024-02-14 16:17:59", "calendarYear": "2023", "period": "FY", "revenue": 4515648000, "costOfRevenue": 3900529000, "grossProfit": 615119000, "grossProfitRatio": 0.1362194307, "researchAndDevelopmentExpenses": 0, "generalAndAdministrativeExpenses": 224516000, "sellingAndMarketingExpenses": 284965000, "sellingGeneralAndAdministrativeExpenses": 224516000, "otherExpenses": -336000, "operatingExpenses": 224852000, "costAndExpenses": 4125381000, "interestIncome": 0, "interestExpense": 117870000, "depreciationAndAmortization": 693210000, "ebitda": 1083477000, "ebitdaratio": 0.2399383211, "operatingIncome": 390267000, "operatingIncomeRatio": 0.0864254698, "totalOtherIncomeExpensesNet": 27571000, "incomeBeforeTax": 417838000, "incomeBeforeTaxRatio": 0.0925311273, "incomeTaxExpense": 75994000, "netIncome": 242919000, "netIncomeRatio": 0.0537949371, "eps": 0.81, "epsdiluted": 0.78, "weightedAverageShsOut": 299793000, "weightedAverageShsOutDil": 311597000, "link": "https://www.sec.gov/Archives/edgar/data/1433270/000155837024001162/0001558370-24-001162-index.htm", "finalLink": "https://www.sec.gov/Archives/edgar/data/1433270/000155837024001162/ar-20231231x10k.htm", "calculatedOtherExpenses": 336000, "calculatedOperatingExpenses": 224852000, "calculatedNetInterest": -117870000, "calculatedOtherIncome": 145441000, "calculatedIncomeNonControlling": 98925000, "calculatedEbitda": 1083477000}, {"date": "2022-12-31", "symbol": "AR", "reportedCurrency": "USD", "cik": "0001433270", "fillingDate": "2023-02-15", "acceptedDate": "2023-02-15 16:56:16", "calendarYear": "2022", "period": "FY", "revenue": 8294749000, "costOfRevenue": 3672981000, "grossProfit": 4621768000, "grossProfitRatio": 0.5571920259, "researchAndDevelopmentExpenses": 0, "generalAndAdministrativeExpenses": 172909000, "sellingAndMarketingExpenses": 531304000, "sellingGeneralAndAdministrativeExpenses": 704213000, "otherExpenses": -447487000, "operatingExpenses": 256726000, "costAndExpenses": 3929707000, "interestIncome": 125372000, "interestExpense": 125372000, "depreciationAndAmortization": 685227000, "ebitda": 5122427000, "ebitdaratio": 0.6175505733, "operatingIncome": 4437200000, "operatingIncomeRatio": 0.5349408403, "totalOtherIncomeExpensesNet": -1962536000, "incomeBeforeTax": 2474664000, "incomeBeforeTaxRatio": 0.2983410348, "incomeTaxExpense": 448692000, "netIncome": 1898771000, "netIncomeRatio": 0.2289124119, "eps": 6.18, "epsdiluted": 5.77, "weightedAverageShsOut": 307202000, "weightedAverageShsOutDil": 329223000, "link": "https://www.sec.gov/Archives/edgar/data/1433270/000155837023001378/0001558370-23-001378-index.htm", "finalLink": "https://www.sec.gov/Archives/edgar/data/1433270/000155837023001378/ar-20221231x10k.htm", "calculatedOtherExpenses": -519645000, "calculatedOperatingExpenses": 184568000, "calculatedNetInterest": 0, "calculatedOtherIncome": -1962536000, "calculatedIncomeNonControlling": 127201000, "calculatedEbitda": 5122427000}, {"date": "2021-12-31", "symbol": "AR", "reportedCurrency": "USD", "cik": "0001433270", "fillingDate": "2022-02-16", "acceptedDate": "2022-02-16 16:22:53", "calendarYear": "2021", "period": "FY", "revenue": 5790759000, "costOfRevenue": 3535886000, "grossProfit": 2254873000, "grossProfitRatio": 0.3893916152, "researchAndDevelopmentExpenses": 0, "generalAndAdministrativeExpenses": 145006000, "sellingAndMarketingExpenses": 811698000, "sellingGeneralAndAdministrativeExpenses": 956704000, "otherExpenses": -754796000, "operatingExpenses": 201908000, "costAndExpenses": 3737794000, "interestIncome": 181868000, "interestExpense": 181868000, "depreciationAndAmortization": 745829000, "ebitda": 2821807000, "ebitdaratio": 0.4872948434, "operatingIncome": 2075978000, "operatingIncomeRatio": 0.3584984283, "totalOtherIncomeExpensesNet": -2304164000, "incomeBeforeTax": -228186000, "incomeBeforeTaxRatio": -0.0394051971, "incomeTaxExpense": -74077000, "netIncome": -154109000, "netIncomeRatio": -0.026612919, "eps": -0.5, "epsdiluted": -0.5, "weightedAverageShsOut": 308146000, "weightedAverageShsOutDil": 308146000, "link": "https://www.sec.gov/Archives/edgar/data/1433270/000155837022001283/0001558370-22-001283-index.htm", "finalLink": "https://www.sec.gov/Archives/edgar/data/1433270/000155837022001283/ar-20211231x10k.htm", "calculatedOtherExpenses": -777809000, "calculatedOperatingExpenses": 178895000, "calculatedNetInterest": 0, "calculatedOtherIncome": -2304164000, "calculatedIncomeNonControlling": 0, "calculatedEbitda": 2821807000}, {"date": "2020-12-31", "symbol": "AR", "reportedCurrency": "USD", "cik": "0001433270", "fillingDate": "2021-02-17", "acceptedDate": "2021-02-17 17:18:05", "calendarYear": "2020", "period": "FY", "revenue": 3083905000, "costOfRevenue": 3598348000, "grossProfit": -514443000, "grossProfitRatio": -0.1668154499, "researchAndDevelopmentExpenses": 0, "generalAndAdministrativeExpenses": 134482000, "sellingAndMarketingExpenses": 469404000, "sellingGeneralAndAdministrativeExpenses": 603886000, "otherExpenses": -323372000, "operatingExpenses": 280514000, "costAndExpenses": 3878862000, "interestIncome": 199872000, "interestExpense": 199872000, "depreciationAndAmortization": 865291000, "ebitda": 430000, "ebitdaratio": 0.0001394336, "operatingIncome": -864861000, "operatingIncomeRatio": -0.2804434637, "totalOtherIncomeExpensesNet": -793032000, "incomeBeforeTax": -1657893000, "incomeBeforeTaxRatio": -0.5375953539, "incomeTaxExpense": -397482000, "netIncome": -1260411000, "netIncomeRatio": -0.4087061696, "eps": -4.63, "epsdiluted": -4.63, "weightedAverageShsOut": 272433000, "weightedAverageShsOutDil": 272433000, "link": "https://www.sec.gov/Archives/edgar/data/1433270/000155837021001153/0001558370-21-001153-index.htm", "finalLink": "https://www.sec.gov/Archives/edgar/data/1433270/000155837021001153/ar-20201231x10k.htm", "calculatedOtherExpenses": -253468000, "calculatedOperatingExpenses": 350418000, "calculatedNetInterest": 0, "calculatedOtherIncome": -793032000, "calculatedIncomeNonControlling": 0, "calculatedEbitda": 430000}, {"date": "2019-12-31", "symbol": "AR", "reportedCurrency": "USD", "cik": "0001433270", "fillingDate": "2020-02-12", "acceptedDate": "2020-02-12 16:50:23", "calendarYear": "2019", "period": "FY", "revenue": 3648351000, "costOfRevenue": 3332376000, "grossProfit": 315975000, "grossProfitRatio": 0.0866076208, "researchAndDevelopmentExpenses": 0, "generalAndAdministrativeExpenses": 178696000, "sellingAndMarketingExpenses": 549814000, "sellingGeneralAndAdministrativeExpenses": 728510000, "otherExpenses": -291721000, "operatingExpenses": 436789000, "costAndExpenses": 3769165000, "interestIncome": 228111000, "interestExpense": 228111000, "depreciationAndAmortization": 918629000, "ebitda": 779599000, "ebitdaratio": 0.213685306, "operatingIncome": -139030000, "operatingIncomeRatio": -0.0381076273, "totalOtherIncomeExpensesNet": -228216000, "incomeBeforeTax": -367246000, "incomeBeforeTaxRatio": -0.1006608191, "incomeTaxExpense": -74110000, "netIncome": -293136000, "netIncomeRatio": -0.0803475324, "eps": -0.96, "epsdiluted": -0.96, "weightedAverageShsOut": 306400000, "weightedAverageShsOutDil": 306400000, "link": "https://www.sec.gov/Archives/edgar/data/1433270/000155837020000726/0001558370-20-000726-index.htm", "finalLink": "https://www.sec.gov/Archives/edgar/data/1433270/000155837020000726/ar-20191231x10kf7b183.htm", "calculatedOtherExpenses": -273505000, "calculatedOperatingExpenses": 455005000, "calculatedNetInterest": 0, "calculatedOtherIncome": -228216000, "calculatedIncomeNonControlling": 0, "calculatedEbitda": 779599000}, {"date": "2018-12-31", "symbol": "AR", "reportedCurrency": "USD", "cik": "0001433270", "fillingDate": "2019-02-13", "acceptedDate": "2019-02-13 16:29:59", "calendarYear": "2018", "period": "FY", "revenue": 3652894000, "costOfRevenue": 2574450000, "grossProfit": 1078444000, "grossProfitRatio": 0.2952300286, "researchAndDevelopmentExpenses": 0, "generalAndAdministrativeExpenses": 240344000, "sellingAndMarketingExpenses": 686055000, "sellingGeneralAndAdministrativeExpenses": 926399000, "otherExpenses": -451124000, "operatingExpenses": 475275000, "costAndExpenses": 3049725000, "interestIncome": 0, "interestExpense": 286743000, "depreciationAndAmortization": 975284000, "ebitda": 1618733000, "ebitdaratio": 0.44313714, "operatingIncome": 71905000, "operatingIncomeRatio": 0.0196843927, "totalOtherIncomeExpensesNet": -490984000, "incomeBeforeTax": -174558000, "incomeBeforeTaxRatio": -0.047786221, "incomeTaxExpense": -128857000, "netIncome": -397517000, "netIncomeRatio": -0.1088224843, "eps": -1.26, "epsdiluted": -1.26, "weightedAverageShsOut": 315489682, "weightedAverageShsOutDil": 316036000, "link": "https://www.sec.gov/Archives/edgar/data/1433270/000155837019000629/0001558370-19-000629-index.htm", "finalLink": "https://www.sec.gov/Archives/edgar/data/1433270/000155837019000629/ar-20181231x10k.htm", "calculatedOtherExpenses": 80140000, "calculatedOperatingExpenses": 1006539000, "calculatedNetInterest": -286743000, "calculatedOtherIncome": 40280000, "calculatedIncomeNonControlling": 351816000, "calculatedEbitda": 1047189000}, {"date": "2017-12-31", "symbol": "AR", "reportedCurrency": "USD", "cik": "0001433270", "fillingDate": "2018-02-13", "acceptedDate": "2018-02-13 17:02:06", "calendarYear": "2017", "period": "FY", "revenue": 2747920000, "costOfRevenue": 2103827000, "grossProfit": 644093000, "grossProfitRatio": 0.2343929226, "researchAndDevelopmentExpenses": 0, "generalAndAdministrativeExpenses": 251196000, "sellingAndMarketingExpenses": 366281000, "sellingGeneralAndAdministrativeExpenses": 617477000, "otherExpenses": -246897000, "operatingExpenses": 370580000, "costAndExpenses": 2474407000, "interestIncome": 0, "interestExpense": 268701000, "depreciationAndAmortization": 827220000, "ebitda": 1120927000, "ebitdaratio": 0.4079183528, "operatingIncome": 740093000, "operatingIncomeRatio": 0.2693284375, "totalOtherIncomeExpensesNet": 485274000, "incomeBeforeTax": 490086000, "incomeBeforeTaxRatio": 0.1783479868, "incomeTaxExpense": -295051000, "netIncome": 615070000, "netIncomeRatio": 0.2238311159, "eps": 1.95, "epsdiluted": 1.94, "weightedAverageShsOut": 315426000, "weightedAverageShsOutDil": 316283000, "link": "https://www.sec.gov/Archives/edgar/data/1433270/000155837018000647/0001558370-18-000647-index.htm", "finalLink": "https://www.sec.gov/Archives/edgar/data/1433270/000155837018000647/ar-20171231x10k.htm", "calculatedOtherExpenses": -713477000, "calculatedOperatingExpenses": -96000000, "calculatedNetInterest": -268701000, "calculatedOtherIncome": 18694000, "calculatedIncomeNonControlling": 170067000, "calculatedEbitda": 1567313000}, {"date": "2016-12-31", "symbol": "AR", "reportedCurrency": "USD", "cik": "0001433270", "fillingDate": "2017-02-28", "acceptedDate": "2017-02-28 16:46:27", "calendarYear": "2016", "period": "FY", "revenue": 1768022000, "costOfRevenue": 1809389000, "grossProfit": -41367000, "grossProfitRatio": -0.0233973333, "researchAndDevelopmentExpenses": 0, "generalAndAdministrativeExpenses": 239324000, "sellingAndMarketingExpenses": 499343000, "sellingGeneralAndAdministrativeExpenses": 738667000, "otherExpenses": -383714000, "operatingExpenses": 354953000, "costAndExpenses": 2164342000, "interestIncome": 0, "interestExpense": 253552000, "depreciationAndAmortization": 812346000, "ebitda": 416511000, "ebitdaratio": 0.2355802134, "operatingIncome": -975801000, "operatingIncomeRatio": -0.5519167748, "totalOtherIncomeExpensesNet": -595952000, "incomeBeforeTax": -1245824000, "incomeBeforeTaxRatio": -0.7046428155, "incomeTaxExpense": -496376000, "netIncome": -848816000, "netIncomeRatio": -0.4800935735, "eps": -2.88, "epsdiluted": -2.88, "weightedAverageShsOut": 294727777, "weightedAverageShsOutDil": 294945000, "link": "https://www.sec.gov/Archives/edgar/data/1433270/000155837017001159/0001558370-17-001159-index.htm", "finalLink": "https://www.sec.gov/Archives/edgar/data/1433270/000155837017001159/ar-20161231x10k.htm", "calculatedOtherExpenses": 195767000, "calculatedOperatingExpenses": 934434000, "calculatedNetInterest": -253552000, "calculatedOtherIncome": -16471000, "calculatedIncomeNonControlling": 99368000, "calculatedEbitda": -163455000}, {"date": "2015-12-31", "symbol": "AR", "reportedCurrency": "USD", "cik": "0001433270", "fillingDate": "2016-02-24", "acceptedDate": "2016-02-24 16:42:03", "calendarYear": "2015", "period": "FY", "revenue": 1397128000, "costOfRevenue": 1483460000, "grossProfit": -86332000, "grossProfitRatio": -0.0617924771, "researchAndDevelopmentExpenses": 0, "generalAndAdministrativeExpenses": 233697000, "sellingAndMarketingExpenses": 299062000, "sellingGeneralAndAdministrativeExpenses": 532759000, "otherExpenses": -170728000, "operatingExpenses": 362031000, "costAndExpenses": 1845491000, "interestIncome": 0, "interestExpense": 234400000, "depreciationAndAmortization": 711418000, "ebitda": 263055000, "ebitdaratio": 0.188282677, "operatingIncome": 1790286000, "operatingIncomeRatio": 1.2814044239, "totalOtherIncomeExpensesNet": 2238649000, "incomeBeforeTax": 1555886000, "incomeBeforeTaxRatio": 1.1136316787, "incomeTaxExpense": 575890000, "netIncome": 941364000, "netIncomeRatio": 0.6737850791, "eps": 3.43, "epsdiluted": 3.43, "weightedAverageShsOut": 274122567, "weightedAverageShsOutDil": 274143341, "link": "https://www.sec.gov/Archives/edgar/data/1433270/000155837016003450/0001558370-16-003450-index.htm", "finalLink": "https://www.sec.gov/Archives/edgar/data/1433270/000155837016003450/ar-20151231x10k.htm", "calculatedOtherExpenses": -2409377000, "calculatedOperatingExpenses": -1876618000, "calculatedNetInterest": -234400000, "calculatedOtherIncome": 0, "calculatedIncomeNonControlling": 38632000, "calculatedEbitda": 2501704000}, {"date": "2014-12-31", "symbol": "AR", "reportedCurrency": "USD", "cik": "0001433270", "fillingDate": "2015-02-25", "acceptedDate": "2015-02-25 16:14:29", "calendarYear": "2014", "period": "FY", "revenue": 1758827000, "costOfRevenue": 1056568000, "grossProfit": 702259000, "grossProfitRatio": 0.3992769044, "researchAndDevelopmentExpenses": 0, "generalAndAdministrativeExpenses": 216533000, "sellingAndMarketingExpenses": 103435000, "sellingGeneralAndAdministrativeExpenses": 319968000, "otherExpenses": -24440000, "operatingExpenses": 295528000, "costAndExpenses": 1352096000, "interestIncome": 0, "interestExpense": 160051000, "depreciationAndAmortization": 479167000, "ebitda": 885898000, "ebitdaratio": 0.5036868322, "operatingIncome": 1299734000, "operatingIncomeRatio": 0.7389777391, "totalOtherIncomeExpensesNet": 872617000, "incomeBeforeTax": 1119297000, "incomeBeforeTaxRatio": 0.6363883429, "incomeTaxExpense": 445672000, "netIncome": 673587000, "netIncomeRatio": 0.3829751306, "eps": 2.57, "epsdiluted": 2.57, "weightedAverageShsOut": 262054000, "weightedAverageShsOutDil": 262068000, "link": "https://www.sec.gov/Archives/edgar/data/1433270/000155837015000166/0001558370-15-000166-index.htm", "finalLink": "https://www.sec.gov/Archives/edgar/data/1433270/000155837015000166/ar-20141231x10k.htm", "calculatedOtherExpenses": -917443000, "calculatedOperatingExpenses": -597475000, "calculatedNetInterest": -160051000, "calculatedOtherIncome": -20386000, "calculatedIncomeNonControlling": 38000, "calculatedEbitda": 1778901000}, {"date": "2013-12-31", "symbol": "AR", "reportedCurrency": "USD", "cik": "0001433270", "fillingDate": "2014-02-27", "acceptedDate": "2014-02-27 08:11:40", "calendarYear": "2013", "period": "FY", "revenue": 821445000, "costOfRevenue": 512224000, "grossProfit": 309221000, "grossProfitRatio": 0.3764354278, "researchAndDevelopmentExpenses": 0, "generalAndAdministrativeExpenses": 425438000, "sellingAndMarketingExpenses": 0, "sellingGeneralAndAdministrativeExpenses": 425438000, "otherExpenses": 23337000, "operatingExpenses": 448775000, "costAndExpenses": 960999000, "interestIncome": 0, "interestExpense": 136617000, "depreciationAndAmortization": 234941000, "ebitda": 95387000, "ebitdaratio": 0.1161209819, "operatingIncome": 341207000, "operatingIncomeRatio": 0.4153741273, "totalOtherIncomeExpensesNet": 438194000, "incomeBeforeTax": 162023000, "incomeBeforeTaxRatio": 0.1972414465, "incomeTaxExpense": 186210000, "netIncome": -18930000, "netIncomeRatio": -0.0230447565, "eps": -0.0722, "epsdiluted": -0.0722, "weightedAverageShsOut": 262049659, "weightedAverageShsOutDil": 262049659, "link": "https://www.sec.gov/Archives/edgar/data/1433270/000104746914001424/0001047469-14-001424-index.htm", "finalLink": "https://www.sec.gov/Archives/edgar/data/1433270/000104746914001424/a2218464z10-k.htm", "calculatedOtherExpenses": -457424000, "calculatedOperatingExpenses": -31986000, "calculatedNetInterest": -136617000, "calculatedOtherIncome": -42567000, "calculatedIncomeNonControlling": -5257000, "calculatedEbitda": 576148000}, {"date": "2012-12-31", "symbol": "AR", "reportedCurrency": "USD", "cik": "0001433270", "fillingDate": "2012-12-31", "acceptedDate": "2012-12-30 19:00:00", "calendarYear": "2012", "period": "FY", "revenue": 264982000, "costOfRevenue": 219573000, "grossProfit": 45409000, "grossProfitRatio": 0.171366357, "researchAndDevelopmentExpenses": 0, "generalAndAdministrativeExpenses": 45284000, "sellingAndMarketingExpenses": 0, "sellingGeneralAndAdministrativeExpenses": 45284000, "otherExpenses": 14776000, "operatingExpenses": 60060000, "costAndExpenses": 279633000, "interestIncome": 0, "interestExpense": 97510000, "depreciationAndAmortization": 102127000, "ebitda": 87476000, "ebitdaratio": 0.3301205365, "operatingIncome": 444015000, "operatingIncomeRatio": 1.6756421191, "totalOtherIncomeExpensesNet": 458666000, "incomeBeforeTax": 346505000, "incomeBeforeTaxRatio": 1.3076548596, "incomeTaxExpense": 121229000, "netIncome": -285069000, "netIncomeRatio": -1.075805149, "eps": -1.1, "epsdiluted": -1.1, "weightedAverageShsOut": 260100000, "weightedAverageShsOutDil": 260100000, "link": "", "finalLink": "", "calculatedOtherExpenses": -443890000, "calculatedOperatingExpenses": -398606000, "calculatedNetInterest": -97510000, "calculatedOtherIncome": 0, "calculatedIncomeNonControlling": 510345000, "calculatedEbitda": 546142000}, {"date": "2011-12-31", "symbol": "AR", "reportedCurrency": "USD", "cik": "0001433270", "fillingDate": "2011-12-31", "acceptedDate": "2011-12-30 19:00:00", "calendarYear": "2011", "period": "FY", "revenue": 195289000, "costOfRevenue": 109554000, "grossProfit": 85735000, "grossProfitRatio": 0.4390160224, "researchAndDevelopmentExpenses": 0, "generalAndAdministrativeExpenses": 33342000, "sellingAndMarketingExpenses": 0, "sellingGeneralAndAdministrativeExpenses": 33342000, "otherExpenses": 4110000, "operatingExpenses": 37452000, "costAndExpenses": 147006000, "interestIncome": 0, "interestExpense": 74404000, "depreciationAndAmortization": 55792000, "ebitda": 104075000, "ebitdaratio": 0.5329281219, "operatingIncome": 530983000, "operatingIncomeRatio": 2.7189601053, "totalOtherIncomeExpensesNet": 482606000, "incomeBeforeTax": 456485000, "incomeBeforeTaxRatio": 2.3374844461, "incomeTaxExpense": 185297000, "netIncome": 392678000, "netIncomeRatio": 2.0107532938, "eps": 1.51, "epsdiluted": 1.51, "weightedAverageShsOut": 260100000, "weightedAverageShsOutDil": 260100000, "link": "", "finalLink": "", "calculatedOtherExpenses": -478590000, "calculatedOperatingExpenses": -445248000, "calculatedNetInterest": -74404000, "calculatedOtherIncome": -94000, "calculatedIncomeNonControlling": -121490000, "calculatedEbitda": 586775000}, {"date": "2010-12-31", "symbol": "AR", "reportedCurrency": "USD", "cik": "0001433270", "fillingDate": "2010-12-31", "acceptedDate": "2010-12-30 19:00:00", "calendarYear": "2010", "period": "FY", "revenue": 47431000, "costOfRevenue": 31802000, "grossProfit": 15629000, "grossProfitRatio": 0.3295102359, "researchAndDevelopmentExpenses": 0, "generalAndAdministrativeExpenses": 21952000, "sellingAndMarketingExpenses": 0, "sellingGeneralAndAdministrativeExpenses": 21952000, "otherExpenses": 2361000, "operatingExpenses": 24313000, "costAndExpenses": 56115000, "interestIncome": 0, "interestExpense": 56463000, "depreciationAndAmortization": 18533000, "ebitda": 9849000, "ebitdaratio": 0.2076490059, "operatingIncome": 60295000, "operatingIncomeRatio": 1.2712150281, "totalOtherIncomeExpensesNet": 66302000, "incomeBeforeTax": 1155000, "incomeBeforeTaxRatio": 0.0243511627, "incomeTaxExpense": 939000, "netIncome": 228628000, "netIncomeRatio": 4.8202230609, "eps": 0.88, "epsdiluted": 0.88, "weightedAverageShsOut": 260100000, "weightedAverageShsOutDil": 260100000, "link": "", "finalLink": "", "calculatedOtherExpenses": -66618000, "calculatedOperatingExpenses": -44666000, "calculatedNetInterest": -56463000, "calculatedOtherIncome": -2677000, "calculatedIncomeNonControlling": -228412000, "calculatedEbitda": 78828000}]}