{"originalCurrency": "USD", "convertedCurrency": "USD", "report": [{"date": "2023-12-31", "symbol": "ARCB", "reportedCurrency": "USD", "cik": "0000894405", "fillingDate": "2024-02-06", "acceptedDate": "2024-02-06 06:00:38", "calendarYear": "2023", "period": "FY", "revenue": 4427443000, "costOfRevenue": 4254823999, "grossProfit": 172619001, "grossProfitRatio": 0.0389884186, "researchAndDevelopmentExpenses": 52400000, "generalAndAdministrativeExpenses": 21711000, "sellingAndMarketingExpenses": 123292000, "sellingGeneralAndAdministrativeExpenses": 145003000, "otherExpenses": 4254824000, "operatingExpenses": 4254824000, "costAndExpenses": 4254824000, "interestIncome": 14728000, "interestExpense": 9094000, "depreciationAndAmortization": 145729000, "ebitda": 172619000, "ebitdaratio": 0.0389884184, "operatingIncome": 172619000, "operatingIncomeRatio": 0.0389884184, "totalOtherIncomeExpensesNet": 14296000, "incomeBeforeTax": 186915000, "incomeBeforeTaxRatio": 0.0422173702, "incomeTaxExpense": 44751000, "netIncome": 142164000, "netIncomeRatio": 0.0321097302, "eps": 5.92, "epsdiluted": 5.77, "weightedAverageShsOut": 24018801, "weightedAverageShsOutDil": 24634617, "link": "https://www.sec.gov/Archives/edgar/data/894405/000155837024000786/0001558370-24-000786-index.htm", "finalLink": "https://www.sec.gov/Archives/edgar/data/894405/000155837024000786/arcb-20240206xex99d1.htm", "calculatedOtherExpenses": -197402999, "calculatedOperatingExpenses": 1, "calculatedNetInterest": 5634000, "calculatedOtherIncome": 8662000, "calculatedIncomeNonControlling": 0, "calculatedEbitda": 318348000}, {"date": "2022-12-31", "symbol": "ARCB", "reportedCurrency": "USD", "cik": "0000894405", "fillingDate": "2023-02-24", "acceptedDate": "2023-02-24 16:44:53", "calendarYear": "2022", "period": "FY", "revenue": 5324052000, "costOfRevenue": 4745463000, "grossProfit": 578589000, "grossProfitRatio": 0.1086745584, "researchAndDevelopmentExpenses": 40800000, "generalAndAdministrativeExpenses": 27207000, "sellingAndMarketingExpenses": 112838000, "sellingGeneralAndAdministrativeExpenses": 140045000, "otherExpenses": 4924783000, "operatingExpenses": 4924783000, "costAndExpenses": 4924783000, "interestIncome": 3957000, "interestExpense": 7701000, "depreciationAndAmortization": 141626000, "ebitda": 540895000, "ebitdaratio": 0.1015946125, "operatingIncome": 399269000, "operatingIncomeRatio": 0.0749934448, "totalOtherIncomeExpensesNet": -6114000, "incomeBeforeTax": 393155000, "incomeBeforeTaxRatio": 0.0738450714, "incomeTaxExpense": 94946000, "netIncome": 298209000, "netIncomeRatio": 0.0560116618, "eps": 12.13, "epsdiluted": 11.69, "weightedAverageShsOut": 24585205, "weightedAverageShsOutDil": 25504508, "link": "https://www.sec.gov/Archives/edgar/data/894405/000155837023002053/0001558370-23-002053-index.htm", "finalLink": "https://www.sec.gov/Archives/edgar/data/894405/000155837023002053/arcb-20221231x10k.htm", "calculatedOtherExpenses": -1525000, "calculatedOperatingExpenses": 179320000, "calculatedNetInterest": -3744000, "calculatedOtherIncome": -2370000, "calculatedIncomeNonControlling": 0, "calculatedEbitda": 540895000}, {"date": "2021-12-31", "symbol": "ARCB", "reportedCurrency": "USD", "cik": "0000894405", "fillingDate": "2022-02-25", "acceptedDate": "2022-02-25 16:59:25", "calendarYear": "2021", "period": "FY", "revenue": 3980067000, "costOfRevenue": 3340790000, "grossProfit": 639277000, "grossProfitRatio": 0.1606196579, "researchAndDevelopmentExpenses": 32799999, "generalAndAdministrativeExpenses": 452242000, "sellingAndMarketingExpenses": 0, "sellingGeneralAndAdministrativeExpenses": 452242000, "otherExpenses": 3246839000, "operatingExpenses": 3699081000, "costAndExpenses": 3699081000, "interestIncome": 1275000, "interestExpense": 8904000, "depreciationAndAmortization": 129293000, "ebitda": 410279000, "ebitdaratio": 0.1030834406, "operatingIncome": 280986000, "operatingIncomeRatio": 0.070598309, "totalOtherIncomeExpensesNet": -3832000, "incomeBeforeTax": 277154000, "incomeBeforeTaxRatio": 0.0696355112, "incomeTaxExpense": 63633000, "netIncome": 213521000, "netIncomeRatio": 0.0536475893, "eps": 8.38, "epsdiluted": 7.98, "weightedAverageShsOut": 25471939, "weightedAverageShsOutDil": 26772126, "link": "https://www.sec.gov/Archives/edgar/data/894405/000155837022002184/0001558370-22-002184-index.htm", "finalLink": "https://www.sec.gov/Archives/edgar/data/894405/000155837022002184/arcb-20211231x10k.htm", "calculatedOtherExpenses": -126750999, "calculatedOperatingExpenses": 358291000, "calculatedNetInterest": -7629000, "calculatedOtherIncome": 3797000, "calculatedIncomeNonControlling": 0, "calculatedEbitda": 410279000}, {"date": "2020-12-31", "symbol": "ARCB", "reportedCurrency": "USD", "cik": "0000894405", "fillingDate": "2021-02-26", "acceptedDate": "2021-02-26 16:45:13", "calendarYear": "2020", "period": "FY", "revenue": 2940163000, "costOfRevenue": 2712035000, "grossProfit": 228128000, "grossProfitRatio": 0.0775902561, "researchAndDevelopmentExpenses": 22458000, "generalAndAdministrativeExpenses": 359725000, "sellingAndMarketingExpenses": -222239000, "sellingGeneralAndAdministrativeExpenses": 137486000, "otherExpenses": 2841885000, "operatingExpenses": 2841885000, "costAndExpenses": 2841885000, "interestIncome": 3616000, "interestExpense": 11697000, "depreciationAndAmortization": 124306000, "ebitda": 222584000, "ebitdaratio": 0.0757046463, "operatingIncome": 98278000, "operatingIncomeRatio": 0.0334260379, "totalOtherIncomeExpensesNet": -5782000, "incomeBeforeTax": 92496000, "incomeBeforeTaxRatio": 0.0314594803, "incomeTaxExpense": 21396000, "netIncome": 71100000, "netIncomeRatio": 0.0241823327, "eps": 2.8, "epsdiluted": 2.69, "weightedAverageShsOut": 25410232, "weightedAverageShsOutDil": 26422523, "link": "https://www.sec.gov/Archives/edgar/data/894405/000155837021002023/0001558370-21-002023-index.htm", "finalLink": "https://www.sec.gov/Archives/edgar/data/894405/000155837021002023/arcb-20201231x10k.htm", "calculatedOtherExpenses": -30094000, "calculatedOperatingExpenses": 129850000, "calculatedNetInterest": -8081000, "calculatedOtherIncome": 2299000, "calculatedIncomeNonControlling": 0, "calculatedEbitda": 222584000}, {"date": "2019-12-31", "symbol": "ARCB", "reportedCurrency": "USD", "cik": "0000894405", "fillingDate": "2020-02-28", "acceptedDate": "2020-02-28 16:56:53", "calendarYear": "2019", "period": "FY", "revenue": 2988310000, "costOfRevenue": 2771880000, "grossProfit": 216430000, "grossProfitRatio": 0.0724255516, "researchAndDevelopmentExpenses": 13739000, "generalAndAdministrativeExpenses": 13739000, "sellingAndMarketingExpenses": 119522000, "sellingGeneralAndAdministrativeExpenses": 133261000, "otherExpenses": 2924540000, "operatingExpenses": 2924540000, "costAndExpenses": 2924540000, "interestIncome": 6453000, "interestExpense": 11467000, "depreciationAndAmortization": 111634000, "ebitda": 175404000, "ebitdaratio": 0.0586967216, "operatingIncome": 63770000, "operatingIncomeRatio": 0.0213398208, "totalOtherIncomeExpensesNet": -12299000, "incomeBeforeTax": 51471000, "incomeBeforeTaxRatio": 0.0172241166, "incomeTaxExpense": 11486000, "netIncome": 39985000, "netIncomeRatio": 0.0133804726, "eps": 1.57, "epsdiluted": 1.51, "weightedAverageShsOut": 25535529, "weightedAverageShsOutDil": 26450055, "link": "https://www.sec.gov/Archives/edgar/data/894405/000155837020001796/0001558370-20-001796-index.htm", "finalLink": "https://www.sec.gov/Archives/edgar/data/894405/000155837020001796/arcb-20191231x10kb051b4.htm", "calculatedOtherExpenses": 5660000, "calculatedOperatingExpenses": 152660000, "calculatedNetInterest": -5014000, "calculatedOtherIncome": -7285000, "calculatedIncomeNonControlling": 0, "calculatedEbitda": 175404000}, {"date": "2018-12-31", "symbol": "ARCB", "reportedCurrency": "USD", "cik": "0000894405", "fillingDate": "2019-02-28", "acceptedDate": "2019-02-28 16:46:52", "calendarYear": "2018", "period": "FY", "revenue": 3093788000, "costOfRevenue": 2821115000, "grossProfit": 272673000, "grossProfitRatio": 0.0881356447, "researchAndDevelopmentExpenses": 3810000, "generalAndAdministrativeExpenses": 3810000, "sellingAndMarketingExpenses": 123849000, "sellingGeneralAndAdministrativeExpenses": 127659000, "otherExpenses": 2984690000, "operatingExpenses": 2984690000, "costAndExpenses": 2984690000, "interestIncome": 3914000, "interestExpense": 9468000, "depreciationAndAmortization": 93391000, "ebitda": 202489000, "ebitdaratio": 0.065450186, "operatingIncome": 109098000, "operatingIncomeRatio": 0.0352635669, "totalOtherIncomeExpensesNet": -24712000, "incomeBeforeTax": 84386000, "incomeBeforeTaxRatio": 0.0272759478, "incomeTaxExpense": 17124000, "netIncome": 67262000, "netIncomeRatio": 0.0217409855, "eps": 2.62, "epsdiluted": 2.52, "weightedAverageShsOut": 25679736, "weightedAverageShsOutDil": 26698831, "link": "https://www.sec.gov/Archives/edgar/data/894405/000155837019001332/0001558370-19-001332-index.htm", "finalLink": "https://www.sec.gov/Archives/edgar/data/894405/000155837019001332/arcb-20181231x10k.htm", "calculatedOtherExpenses": 32106000, "calculatedOperatingExpenses": 163575000, "calculatedNetInterest": -5554000, "calculatedOtherIncome": -19158000, "calculatedIncomeNonControlling": 0, "calculatedEbitda": 202489000}, {"date": "2017-12-31", "symbol": "ARCB", "reportedCurrency": "USD", "cik": "0000894405", "fillingDate": "2018-02-28", "acceptedDate": "2018-02-28 17:27:05", "calendarYear": "2017", "period": "FY", "revenue": 2826457000, "costOfRevenue": 2644211000, "grossProfit": 182246000, "grossProfitRatio": 0.0644786034, "researchAndDevelopmentExpenses": 2966000, "generalAndAdministrativeExpenses": 2966000, "sellingAndMarketingExpenses": 125259000, "sellingGeneralAndAdministrativeExpenses": 128225000, "otherExpenses": 3115000, "operatingExpenses": 2772947000, "costAndExpenses": 2772947000, "interestIncome": 1293000, "interestExpense": 6342000, "depreciationAndAmortization": 103068000, "ebitda": 160986000, "ebitdaratio": 0.0569568191, "operatingIncome": 53510000, "operatingIncomeRatio": 0.0189318288, "totalOtherIncomeExpensesNet": 3115000, "incomeBeforeTax": 51576000, "incomeBeforeTaxRatio": 0.0182475799, "incomeTaxExpense": -8150000, "netIncome": 59726000, "netIncomeRatio": 0.0211310485, "eps": 2.32, "epsdiluted": 2.25, "weightedAverageShsOut": 25683745, "weightedAverageShsOutDil": 26424389, "link": "https://www.sec.gov/Archives/edgar/data/894405/000155837018001312/0001558370-18-001312-index.htm", "finalLink": "https://www.sec.gov/Archives/edgar/data/894405/000155837018001312/arcb-20171231x10k.htm", "calculatedOtherExpenses": -2455000, "calculatedOperatingExpenses": 128736000, "calculatedNetInterest": -5049000, "calculatedOtherIncome": 3115000, "calculatedIncomeNonControlling": 0, "calculatedEbitda": 156578000}, {"date": "2016-12-31", "symbol": "ARCB", "reportedCurrency": "USD", "cik": "0000894405", "fillingDate": "2017-02-28", "acceptedDate": "2017-02-28 16:57:15", "calendarYear": "2016", "period": "FY", "revenue": 2700219000, "costOfRevenue": 2542546000, "grossProfit": 157673000, "grossProfitRatio": 0.0583926711, "researchAndDevelopmentExpenses": 0, "generalAndAdministrativeExpenses": 0, "sellingAndMarketingExpenses": 0, "sellingGeneralAndAdministrativeExpenses": 118390000, "otherExpenses": 2944000, "operatingExpenses": 2671249000, "costAndExpenses": 2671249000, "interestIncome": 1523000, "interestExpense": 5150000, "depreciationAndAmortization": 103053000, "ebitda": 136490000, "ebitdaratio": 0.0505477519, "operatingIncome": 28970000, "operatingIncomeRatio": 0.0107287594, "totalOtherIncomeExpensesNet": 2944000, "incomeBeforeTax": 28287000, "incomeBeforeTaxRatio": 0.010475817, "incomeTaxExpense": 9635000, "netIncome": 18652000, "netIncomeRatio": 0.0069075879, "eps": 0.72, "epsdiluted": 0.71, "weightedAverageShsOut": 25751544, "weightedAverageShsOutDil": 26256570, "link": "https://www.sec.gov/Archives/edgar/data/894405/000155837017001164/0001558370-17-001164-index.htm", "finalLink": "https://www.sec.gov/Archives/edgar/data/894405/000155837017001164/arcb-20161231x10k.htm", "calculatedOtherExpenses": 10313000, "calculatedOperatingExpenses": 128703000, "calculatedNetInterest": -3627000, "calculatedOtherIncome": 2944000, "calculatedIncomeNonControlling": 0, "calculatedEbitda": 132023000}, {"date": "2015-12-31", "symbol": "ARCB", "reportedCurrency": "USD", "cik": "0000894405", "fillingDate": "2016-02-26", "acceptedDate": "2016-02-26 17:16:57", "calendarYear": "2015", "period": "FY", "revenue": 2666905000, "costOfRevenue": 2469037000, "grossProfit": 197868000, "grossProfitRatio": 0.0741938689, "researchAndDevelopmentExpenses": 0, "generalAndAdministrativeExpenses": 0, "sellingAndMarketingExpenses": 0, "sellingGeneralAndAdministrativeExpenses": 122372000, "otherExpenses": 354000, "operatingExpenses": 2591409000, "costAndExpenses": 2591409000, "interestIncome": 1284000, "interestExpense": 4400000, "depreciationAndAmortization": 93042000, "ebitda": 170176000, "ebitdaratio": 0.063810297, "operatingIncome": 75496000, "operatingIncomeRatio": 0.0283084699, "totalOtherIncomeExpensesNet": 354000, "incomeBeforeTax": 72734000, "incomeBeforeTaxRatio": 0.0272728125, "incomeTaxExpense": 27880000, "netIncome": 44854000, "netIncomeRatio": 0.0168187468, "eps": 1.71, "epsdiluted": 1.67, "weightedAverageShsOut": 26013716, "weightedAverageShsOutDil": 26530127, "link": "https://www.sec.gov/Archives/edgar/data/894405/000155837016003625/0001558370-16-003625-index.htm", "finalLink": "https://www.sec.gov/Archives/edgar/data/894405/000155837016003625/arcb-20151231x10k.htm", "calculatedOtherExpenses": 0, "calculatedOperatingExpenses": 122372000, "calculatedNetInterest": -3116000, "calculatedOtherIncome": 354000, "calculatedIncomeNonControlling": 0, "calculatedEbitda": 168538000}, {"date": "2014-12-31", "symbol": "ARCB", "reportedCurrency": "USD", "cik": "0000894405", "fillingDate": "2015-03-02", "acceptedDate": "2015-03-02 17:00:18", "calendarYear": "2014", "period": "FY", "revenue": 2612693000, "costOfRevenue": 2430642000, "grossProfit": 182051000, "grossProfitRatio": 0.0696794457, "researchAndDevelopmentExpenses": 0, "generalAndAdministrativeExpenses": 0, "sellingAndMarketingExpenses": 0, "sellingGeneralAndAdministrativeExpenses": 24938000, "otherExpenses": 3712000, "operatingExpenses": 2543454000, "costAndExpenses": 2543454000, "interestIncome": 851000, "interestExpense": 3190000, "depreciationAndAmortization": 86222000, "ebitda": 160024000, "ebitdaratio": 0.061248681, "operatingIncome": 69239000, "operatingIncomeRatio": 0.0265010087, "totalOtherIncomeExpensesNet": 3712000, "incomeBeforeTax": 70612000, "incomeBeforeTaxRatio": 0.0270265201, "incomeTaxExpense": 24435000, "netIncome": 46177000, "netIncomeRatio": 0.017674101, "eps": 1.69, "epsdiluted": 1.69, "weightedAverageShsOut": 25993255, "weightedAverageShsOutDil": 25993612, "link": "https://www.sec.gov/Archives/edgar/data/894405/000110465915015842/0001104659-15-015842-index.htm", "finalLink": "https://www.sec.gov/Archives/edgar/data/894405/000110465915015842/a14-26130_110k.htm", "calculatedOtherExpenses": 87874000, "calculatedOperatingExpenses": 112812000, "calculatedNetInterest": -2339000, "calculatedOtherIncome": 3712000, "calculatedIncomeNonControlling": 0, "calculatedEbitda": 155461000}, {"date": "2013-12-31", "symbol": "ARCB", "reportedCurrency": "USD", "cik": "0000894405", "fillingDate": "2014-02-28", "acceptedDate": "2014-02-28 17:19:34", "calendarYear": "2013", "period": "FY", "revenue": 2299549000, "costOfRevenue": 2149626000, "grossProfit": 149923000, "grossProfitRatio": 0.0651966973, "researchAndDevelopmentExpenses": 0, "generalAndAdministrativeExpenses": 0, "sellingAndMarketingExpenses": 0, "sellingGeneralAndAdministrativeExpenses": 21823000, "otherExpenses": 3893000, "operatingExpenses": 2280479000, "costAndExpenses": 2280479000, "interestIncome": 681000, "interestExpense": 4183000, "depreciationAndAmortization": 88389000, "ebitda": 112033000, "ebitdaratio": 0.0487195533, "operatingIncome": 19070000, "operatingIncomeRatio": 0.0082929305, "totalOtherIncomeExpensesNet": 3893000, "incomeBeforeTax": 19461000, "incomeBeforeTaxRatio": 0.0084629638, "incomeTaxExpense": 3650000, "netIncome": 15811000, "netIncomeRatio": 0.0068756961, "eps": 0.59, "epsdiluted": 0.59, "weightedAverageShsOut": 25714205, "weightedAverageShsOutDil": 25714205, "link": "https://www.sec.gov/Archives/edgar/data/894405/000144530514000790/0001445305-14-000790-index.htm", "finalLink": "https://www.sec.gov/Archives/edgar/data/894405/000144530514000790/abfs2013-12x3110k.htm", "calculatedOtherExpenses": 109030000, "calculatedOperatingExpenses": 130853000, "calculatedNetInterest": -3502000, "calculatedOtherIncome": 3893000, "calculatedIncomeNonControlling": 0, "calculatedEbitda": 107459000}, {"date": "2012-12-31", "symbol": "ARCB", "reportedCurrency": "USD", "cik": "0000894405", "fillingDate": "2013-02-28", "acceptedDate": "2013-02-28 12:50:58", "calendarYear": "2012", "period": "FY", "revenue": 2065999000, "costOfRevenue": 2080567000, "grossProfit": -14568000, "grossProfitRatio": -0.0070513103, "researchAndDevelopmentExpenses": 0, "generalAndAdministrativeExpenses": 0, "sellingAndMarketingExpenses": 0, "sellingGeneralAndAdministrativeExpenses": 20742000, "otherExpenses": 2041000, "operatingExpenses": 2080567000, "costAndExpenses": 2080567000, "interestIncome": 808000, "interestExpense": 5273000, "depreciationAndAmortization": 87754000, "ebitda": 76035000, "ebitdaratio": 0.0368030188, "operatingIncome": -14568000, "operatingIncomeRatio": -0.0070513103, "totalOtherIncomeExpensesNet": 2041000, "incomeBeforeTax": -16992000, "incomeBeforeTaxRatio": -0.0082245926, "incomeTaxExpense": -9260000, "netIncome": -7732000, "netIncomeRatio": -0.0037424994, "eps": -0.3, "epsdiluted": -0.3, "weightedAverageShsOut": 25422662, "weightedAverageShsOutDil": 25564752, "link": "https://www.sec.gov/Archives/edgar/data/894405/000110465913015733/0001104659-13-015733-index.htm", "finalLink": "https://www.sec.gov/Archives/edgar/data/894405/000110465913015733/a13-1217_110k.htm", "calculatedOtherExpenses": -20742000, "calculatedOperatingExpenses": 0, "calculatedNetInterest": -4465000, "calculatedOtherIncome": 2041000, "calculatedIncomeNonControlling": 0, "calculatedEbitda": 73186000}, {"date": "2011-12-31", "symbol": "ARCB", "reportedCurrency": "USD", "cik": "0000894405", "fillingDate": "2012-02-29", "acceptedDate": "2012-02-28 20:01:35", "calendarYear": "2011", "period": "FY", "revenue": 1907609000, "costOfRevenue": 653150000, "grossProfit": 1254459000, "grossProfitRatio": 0.6576080318, "researchAndDevelopmentExpenses": 0, "generalAndAdministrativeExpenses": 1086828000, "sellingAndMarketingExpenses": 0, "sellingGeneralAndAdministrativeExpenses": 1086828000, "otherExpenses": 70810000, "operatingExpenses": 1244700000, "costAndExpenses": 1897850000, "interestIncome": 1069000, "interestExpense": 3953000, "depreciationAndAmortization": 73975000, "ebitda": 84803000, "ebitdaratio": 0.0444551268, "operatingIncome": 9759000, "operatingIncomeRatio": 0.0051158282, "totalOtherIncomeExpensesNet": 2618000, "incomeBeforeTax": 9493000, "incomeBeforeTaxRatio": 0.0049763867, "incomeTaxExpense": 3160000, "netIncome": 6159000, "netIncomeRatio": 0.0032286491, "eps": 0.23, "epsdiluted": 0.23, "weightedAverageShsOut": 25403073, "weightedAverageShsOutDil": 25403073, "link": "https://www.sec.gov/Archives/edgar/data/894405/000110465912014180/0001104659-12-014180-index.htm", "finalLink": "https://www.sec.gov/Archives/edgar/data/894405/000110465912014180/a11-30724_110k.htm", "calculatedOtherExpenses": 157872000, "calculatedOperatingExpenses": 1244700000, "calculatedNetInterest": -2884000, "calculatedOtherIncome": 2618000, "calculatedIncomeNonControlling": 174000, "calculatedEbitda": 83734000}, {"date": "2010-12-31", "symbol": "ARCB", "reportedCurrency": "USD", "cik": "0000894405", "fillingDate": "2011-02-23", "acceptedDate": "2011-02-23 17:20:20", "calendarYear": "2010", "period": "FY", "revenue": 1657864000, "costOfRevenue": 410450000, "grossProfit": 1247414000, "grossProfitRatio": 0.7524223941, "researchAndDevelopmentExpenses": 0, "generalAndAdministrativeExpenses": 1023907000, "sellingAndMarketingExpenses": 0, "sellingGeneralAndAdministrativeExpenses": 1023907000, "otherExpenses": 1678976000, "operatingExpenses": 1264449000, "costAndExpenses": 1674899000, "interestIncome": 1194000, "interestExpense": 2852000, "depreciationAndAmortization": 71832000, "ebitda": 18481000, "ebitdaratio": 0.0111474765, "operatingIncome": -54545000, "operatingIncomeRatio": -0.0329007687, "totalOtherIncomeExpensesNet": 2406000, "incomeBeforeTax": -53797000, "incomeBeforeTaxRatio": -0.0324495857, "incomeTaxExpense": -21376000, "netIncome": -32693000, "netIncomeRatio": -0.0197199529, "eps": -1.3, "epsdiluted": -1.3, "weightedAverageShsOut": 25187723, "weightedAverageShsOutDil": 25187723, "link": "https://www.sec.gov/Archives/edgar/data/894405/000110465911009380/0001104659-11-009380-index.htm", "finalLink": "https://www.sec.gov/Archives/edgar/data/894405/000110465911009380/a10-22405_110k.htm", "calculatedOtherExpenses": 278052000, "calculatedOperatingExpenses": 1301959000, "calculatedNetInterest": -1658000, "calculatedOtherIncome": 2406000, "calculatedIncomeNonControlling": 272000, "calculatedEbitda": 17287000}, {"date": "2009-12-31", "symbol": "ARCB", "reportedCurrency": "USD", "cik": "0000894405", "fillingDate": "2010-02-24", "acceptedDate": "2010-02-24 16:53:21", "calendarYear": "2009", "period": "FY", "revenue": 1472901000, "costOfRevenue": 1288369000, "grossProfit": 184532000, "grossProfitRatio": 0.1252847272, "researchAndDevelopmentExpenses": 0, "generalAndAdministrativeExpenses": 34749000, "sellingAndMarketingExpenses": 0, "sellingGeneralAndAdministrativeExpenses": 34749000, "otherExpenses": 277777000, "operatingExpenses": 1641607000, "costAndExpenses": 1641607000, "interestIncome": 2853000, "interestExpense": 2389000, "depreciationAndAmortization": 76504000, "ebitda": -89349000, "ebitdaratio": -0.0606619182, "operatingIncome": -168706000, "operatingIncomeRatio": -0.1145399453, "totalOtherIncomeExpensesNet": 2724000, "incomeBeforeTax": -165518000, "incomeBeforeTaxRatio": -0.1123755093, "incomeTaxExpense": -37996000, "netIncome": -127889000, "netIncomeRatio": -0.0868279674, "eps": -5.1, "epsdiluted": -5.1, "weightedAverageShsOut": 25052303, "weightedAverageShsOutDil": 25052303, "link": "https://www.sec.gov/Archives/edgar/data/894405/000095012310016402/0000950123-10-016402-index.htm", "finalLink": "https://www.sec.gov/Archives/edgar/data/894405/000095012310016402/c96681e10vk.htm", "calculatedOtherExpenses": 318489000, "calculatedOperatingExpenses": 353238000, "calculatedNetInterest": 464000, "calculatedOtherIncome": 2724000, "calculatedIncomeNonControlling": 367000, "calculatedEbitda": -92202000}, {"date": "2008-12-31", "symbol": "ARCB", "reportedCurrency": "USD", "cik": "0000894405", "fillingDate": "2009-02-20", "acceptedDate": "2009-02-20 17:11:11", "calendarYear": "2008", "period": "FY", "revenue": 1833052000, "costOfRevenue": 1507499000, "grossProfit": 325553000, "grossProfitRatio": 0.1776016174, "researchAndDevelopmentExpenses": 0, "generalAndAdministrativeExpenses": 36472000, "sellingAndMarketingExpenses": 0, "sellingGeneralAndAdministrativeExpenses": 36472000, "otherExpenses": 197817000, "operatingExpenses": 1784528000, "costAndExpenses": 1784528000, "interestIncome": 5937000, "interestExpense": 1181000, "depreciationAndAmortization": 76872000, "ebitda": 131333000, "ebitdaratio": 0.0716471764, "operatingIncome": 48524000, "operatingIncomeRatio": 0.0264716986, "totalOtherIncomeExpensesNet": -3370000, "incomeBeforeTax": 49910000, "incomeBeforeTaxRatio": 0.0272278146, "incomeTaxExpense": 20742000, "netIncome": 29168000, "netIncomeRatio": 0.01591226, "eps": 1.17, "epsdiluted": 1.15, "weightedAverageShsOut": 24976412, "weightedAverageShsOutDil": 25279963, "link": "https://www.sec.gov/Archives/edgar/data/894405/000095013409003408/0000950134-09-003408-index.htm", "finalLink": "https://www.sec.gov/Archives/edgar/data/894405/000095013409003408/d66448e10vk.htm", "calculatedOtherExpenses": 240557000, "calculatedOperatingExpenses": 277029000, "calculatedNetInterest": 4756000, "calculatedOtherIncome": -3370000, "calculatedIncomeNonControlling": 0, "calculatedEbitda": 125396000}, {"date": "2007-12-31", "symbol": "ARCB", "reportedCurrency": "USD", "cik": "0000894405", "fillingDate": "2008-02-22", "acceptedDate": "2008-02-22 15:38:59", "calendarYear": "2007", "period": "FY", "revenue": 1836878000, "costOfRevenue": 435997000, "grossProfit": 1400881000, "grossProfitRatio": 0.7626423747, "researchAndDevelopmentExpenses": 0, "generalAndAdministrativeExpenses": 470117000, "sellingAndMarketingExpenses": -15334000, "sellingGeneralAndAdministrativeExpenses": 454783000, "otherExpenses": 1457313000, "operatingExpenses": 1912096000, "costAndExpenses": 2348093000, "interestIncome": 0, "interestExpense": 0, "depreciationAndAmortization": 77318000, "ebitda": -441033000, "ebitdaratio": -0.2400992336, "operatingIncome": 84844000, "operatingIncomeRatio": 0.0461892407, "totalOtherIncomeExpensesNet": 7136000, "incomeBeforeTax": 90791000, "incomeBeforeTaxRatio": 0.0494267992, "incomeTaxExpense": 33966000, "netIncome": 56825000, "netIncomeRatio": 0.0309356419, "eps": 2.29, "epsdiluted": 2.26, "weightedAverageShsOut": 24822673, "weightedAverageShsOutDil": 25117597, "link": "https://www.sec.gov/Archives/edgar/data/894405/000095013408003230/0000950134-08-003230-index.htm", "finalLink": "https://www.sec.gov/Archives/edgar/data/894405/000095013408003230/d54153e10vk.htm", "calculatedOtherExpenses": 861254000, "calculatedOperatingExpenses": 1316037000, "calculatedNetInterest": 0, "calculatedOtherIncome": 5947000, "calculatedIncomeNonControlling": 0, "calculatedEbitda": 162162000}, {"date": "2006-12-31", "symbol": "ARCB", "reportedCurrency": "USD", "cik": "0000894405", "fillingDate": "2007-02-23", "acceptedDate": "2007-02-23 15:31:27", "calendarYear": "2006", "period": "FY", "revenue": 1860477000, "costOfRevenue": 202417000, "grossProfit": 1658060000, "grossProfitRatio": 0.8912015575, "researchAndDevelopmentExpenses": 0, "generalAndAdministrativeExpenses": 451767000, "sellingAndMarketingExpenses": 0, "sellingGeneralAndAdministrativeExpenses": 451767000, "otherExpenses": 1432403000, "operatingExpenses": 1884170000, "costAndExpenses": 2086587000, "interestIncome": 0, "interestExpense": 0, "depreciationAndAmortization": 67727000, "ebitda": -155031000, "ebitdaratio": -0.0833286302, "operatingIncome": 124679000, "operatingIncomeRatio": 0.0670145344, "totalOtherIncomeExpensesNet": -3352000, "incomeBeforeTax": 131519000, "incomeBeforeTaxRatio": 0.070691011, "incomeTaxExpense": 51018000, "netIncome": 84094000, "netIncomeRatio": 0.0452002363, "eps": 3.35, "epsdiluted": 3.3, "weightedAverageShsOut": 25134308, "weightedAverageShsOutDil": 25503799, "link": "https://www.sec.gov/Archives/edgar/data/894405/000095013407003964/0000950134-07-003964-index.htm", "finalLink": "https://www.sec.gov/Archives/edgar/data/894405/000095013407003964/d43834e10vk.htm", "calculatedOtherExpenses": 1081614000, "calculatedOperatingExpenses": 1533381000, "calculatedNetInterest": 0, "calculatedOtherIncome": 6840000, "calculatedIncomeNonControlling": -3593000, "calculatedEbitda": 192406000}, {"date": "2005-12-31", "symbol": "ARCB", "reportedCurrency": "USD", "cik": "0000894405", "fillingDate": "2006-02-24", "acceptedDate": "2006-02-24 16:42:14", "calendarYear": "2005", "period": "FY", "revenue": 1860269000, "costOfRevenue": 755666000, "grossProfit": 1104603000, "grossProfitRatio": 0.593786705, "researchAndDevelopmentExpenses": 0, "generalAndAdministrativeExpenses": 171229000, "sellingAndMarketingExpenses": 0, "sellingGeneralAndAdministrativeExpenses": 171229000, "otherExpenses": 1685291000, "operatingExpenses": 1856520000, "costAndExpenses": 2612186000, "interestIncome": 0, "interestExpense": 0, "depreciationAndAmortization": 62096000, "ebitda": -709103000, "ebitdaratio": -0.381183044, "operatingIncome": 154185000, "operatingIncomeRatio": 0.0828831744, "totalOtherIncomeExpensesNet": 19282000, "incomeBeforeTax": 171510000, "incomeBeforeTaxRatio": 0.0921963436, "incomeTaxExpense": 66884000, "netIncome": 104626000, "netIncomeRatio": 0.0562424037, "eps": 4.13, "epsdiluted": 4.06, "weightedAverageShsOut": 25333172, "weightedAverageShsOutDil": 25769951, "link": "https://www.sec.gov/Archives/edgar/data/894405/000095013406003732/0000950134-06-003732-index.htm", "finalLink": "https://www.sec.gov/Archives/edgar/data/894405/000095013406003732/d33393e10vk.htm", "calculatedOtherExpenses": 779189000, "calculatedOperatingExpenses": 950418000, "calculatedNetInterest": 0, "calculatedOtherIncome": 17325000, "calculatedIncomeNonControlling": 0, "calculatedEbitda": 216281000}, {"date": "2004-12-31", "symbol": "ARCB", "reportedCurrency": "USD", "cik": "0000894405", "fillingDate": "2005-02-25", "acceptedDate": "2005-02-25 16:35:29", "calendarYear": "2004", "period": "FY", "revenue": 1715763000, "costOfRevenue": 690468000, "grossProfit": 1025295000, "grossProfitRatio": 0.5975737908, "researchAndDevelopmentExpenses": 0, "generalAndAdministrativeExpenses": 175377000, "sellingAndMarketingExpenses": 0, "sellingGeneralAndAdministrativeExpenses": 175377000, "otherExpenses": 1569639000, "operatingExpenses": 1745016000, "costAndExpenses": 2435484000, "interestIncome": 0, "interestExpense": 0, "depreciationAndAmortization": 55052000, "ebitda": -666852000, "ebitdaratio": -0.3886620705, "operatingIncome": 124299000, "operatingIncomeRatio": 0.0724453202, "totalOtherIncomeExpensesNet": 2183000, "incomeBeforeTax": 125973000, "incomeBeforeTaxRatio": 0.0734209795, "incomeTaxExpense": 50444000, "netIncome": 75529000, "netIncomeRatio": 0.0440206485, "eps": 3, "epsdiluted": 2.94, "weightedAverageShsOut": 25176333, "weightedAverageShsOutDil": 25690136, "link": "https://www.sec.gov/Archives/edgar/data/894405/000095013405003788/0000950134-05-003788-index.htm", "finalLink": "https://www.sec.gov/Archives/edgar/data/894405/000095013405003788/d22802e10vk.htm", "calculatedOtherExpenses": 725619000, "calculatedOperatingExpenses": 900996000, "calculatedNetInterest": 0, "calculatedOtherIncome": 1674000, "calculatedIncomeNonControlling": 0, "calculatedEbitda": 179351000}, {"date": "2003-12-31", "symbol": "ARCB", "reportedCurrency": "USD", "cik": "0000894405", "fillingDate": "2004-03-01", "acceptedDate": "2004-03-01 16:53:12", "calendarYear": "2003", "period": "FY", "revenue": 1527473000, "costOfRevenue": 485589000, "grossProfit": 1041884000, "grossProfitRatio": 0.6820965084, "researchAndDevelopmentExpenses": 0, "generalAndAdministrativeExpenses": 16144000, "sellingAndMarketingExpenses": 0, "sellingGeneralAndAdministrativeExpenses": 16144000, "otherExpenses": 1426401000, "operatingExpenses": 1442545000, "costAndExpenses": 1928134000, "interestIncome": 0, "interestExpense": 0, "depreciationAndAmortization": 51925000, "ebitda": -342617000, "ebitdaratio": -0.2243031464, "operatingIncome": 73180000, "operatingIncomeRatio": 0.0479091938, "totalOtherIncomeExpensesNet": -6119000, "incomeBeforeTax": 74954000, "incomeBeforeTaxRatio": 0.0490705891, "incomeTaxExpense": 28844000, "netIncome": 46110000, "netIncomeRatio": 0.030187113, "eps": 1.84, "epsdiluted": 1.81, "weightedAverageShsOut": 24861966, "weightedAverageShsOutDil": 25475138, "link": "https://www.sec.gov/Archives/edgar/data/894405/000095013404002738/0000950134-04-002738-index.htm", "finalLink": "https://www.sec.gov/Archives/edgar/data/894405/000095013404002738/d13042e10vk.htm", "calculatedOtherExpenses": 952560000, "calculatedOperatingExpenses": 968704000, "calculatedNetInterest": 0, "calculatedOtherIncome": 1774000, "calculatedIncomeNonControlling": 0, "calculatedEbitda": 125105000}, {"date": "2002-12-31", "symbol": "ARCB", "reportedCurrency": "USD", "cik": "0000894405", "fillingDate": "2003-02-27", "acceptedDate": "2003-02-27 14:35:14", "calendarYear": "2002", "period": "FY", "revenue": 1422297000, "costOfRevenue": 435909000, "grossProfit": 986388000, "grossProfitRatio": 0.6935175986, "researchAndDevelopmentExpenses": 0, "generalAndAdministrativeExpenses": 15620000, "sellingAndMarketingExpenses": 0, "sellingGeneralAndAdministrativeExpenses": 15620000, "otherExpenses": 1343677000, "operatingExpenses": 1359297000, "costAndExpenses": 1795206000, "interestIncome": 0, "interestExpense": 0, "depreciationAndAmortization": 49219000, "ebitda": -337418000, "ebitdaratio": -0.2372345579, "operatingIncome": 68221000, "operatingIncomeRatio": 0.0479653687, "totalOtherIncomeExpensesNet": 13728000, "incomeBeforeTax": 68631000, "incomeBeforeTaxRatio": 0.0482536348, "incomeTaxExpense": 27876000, "netIncome": 16820000, "netIncomeRatio": 0.0118259407, "eps": 0.68, "epsdiluted": 0.68, "weightedAverageShsOut": 24710743, "weightedAverageShsOutDil": 25312753, "link": "https://www.sec.gov/Archives/edgar/data/894405/000095013403003162/0000950134-03-003162-index.htm", "finalLink": "https://www.sec.gov/Archives/edgar/data/894405/000095013403003162/d03635e10vk.txt", "calculatedOtherExpenses": 902547000, "calculatedOperatingExpenses": 918167000, "calculatedNetInterest": 0, "calculatedOtherIncome": 410000, "calculatedIncomeNonControlling": 23935000, "calculatedEbitda": 117440000}, {"date": "2001-12-31", "symbol": "ARCB", "reportedCurrency": "USD", "cik": "0000894405", "fillingDate": "2002-03-08", "acceptedDate": "2002-03-08 00:00:00", "calendarYear": "2001", "period": "FY", "revenue": 1526206000, "costOfRevenue": 564988000, "grossProfit": 961218000, "grossProfitRatio": 0.62980882, "researchAndDevelopmentExpenses": 0, "generalAndAdministrativeExpenses": 134982000, "sellingAndMarketingExpenses": 0, "sellingGeneralAndAdministrativeExpenses": 134982000, "otherExpenses": 1422834000, "operatingExpenses": 1557816000, "costAndExpenses": 2122804000, "interestIncome": 0, "interestExpense": 0, "depreciationAndAmortization": 54548000, "ebitda": -550113000, "ebitdaratio": -0.3604447892, "operatingIncome": 75934000, "operatingIncomeRatio": 0.0497534409, "totalOtherIncomeExpensesNet": 8063000, "incomeBeforeTax": 66719000, "incomeBeforeTaxRatio": 0.0437155928, "incomeTaxExpense": 25315000, "netIncome": 41404000, "netIncomeRatio": 0.02712871, "eps": 1.73, "epsdiluted": 1.73, "weightedAverageShsOut": 20917328, "weightedAverageShsOutDil": 24889829, "link": "https://www.sec.gov/Archives/edgar/data/894405/000095013402001934/0000950134-02-001934-index.htm", "finalLink": "https://www.sec.gov/Archives/edgar/data/894405/000095013402001934/d94808e10-k405.txt", "calculatedOtherExpenses": 750302000, "calculatedOperatingExpenses": 885284000, "calculatedNetInterest": 0, "calculatedOtherIncome": -9215000, "calculatedIncomeNonControlling": 0, "calculatedEbitda": 130482000}, {"date": "2000-12-31", "symbol": "ARCB", "reportedCurrency": "USD", "cik": "0000894405", "fillingDate": "2001-03-13", "acceptedDate": "2001-03-13 00:00:00", "calendarYear": "2000", "period": "FY", "revenue": 1839567000, "costOfRevenue": 764765000, "grossProfit": 1074802000, "grossProfitRatio": 0.5842690155, "researchAndDevelopmentExpenses": 0, "generalAndAdministrativeExpenses": 225065000, "sellingAndMarketingExpenses": 0, "sellingGeneralAndAdministrativeExpenses": 225065000, "otherExpenses": 1621844000, "operatingExpenses": 1846909000, "costAndExpenses": 2611674000, "interestIncome": 0, "interestExpense": 0, "depreciationAndAmortization": 56454000, "ebitda": -726322000, "ebitdaratio": -0.3948331319, "operatingIncome": 140152000, "operatingIncomeRatio": 0.0761874941, "totalOtherIncomeExpensesNet": 10669000, "incomeBeforeTax": 129123000, "incomeBeforeTaxRatio": 0.0701920615, "incomeTaxExpense": 52968000, "netIncome": 76155000, "netIncomeRatio": 0.0413983291, "eps": 3.62, "epsdiluted": 3.17, "weightedAverageShsOut": 19898619, "weightedAverageShsOutDil": 22723344, "link": "https://www.sec.gov/Archives/edgar/data/894405/000095013401002083/0000950134-01-002083-index.htm", "finalLink": "https://www.sec.gov/Archives/edgar/data/894405/000095013401002083/d84898e10-k405.txt", "calculatedOtherExpenses": 709585000, "calculatedOperatingExpenses": 934650000, "calculatedNetInterest": 0, "calculatedOtherIncome": -11029000, "calculatedIncomeNonControlling": 0, "calculatedEbitda": 196606000}, {"date": "1999-12-31", "symbol": "ARCB", "reportedCurrency": "USD", "cik": "0000894405", "fillingDate": "2000-03-09", "acceptedDate": "2000-03-09 00:00:00", "calendarYear": "1999", "period": "FY", "revenue": 1721586000, "costOfRevenue": 592200000, "grossProfit": 1129386000, "grossProfitRatio": 0.6560148607, "researchAndDevelopmentExpenses": 0, "generalAndAdministrativeExpenses": 86600000, "sellingAndMarketingExpenses": 0, "sellingGeneralAndAdministrativeExpenses": 86600000, "otherExpenses": 1525279000, "operatingExpenses": 1611879000, "costAndExpenses": 2204079000, "interestIncome": 0, "interestExpense": 0, "depreciationAndAmortization": 49761000, "ebitda": -429057000, "ebitdaratio": -0.2492219384, "operatingIncome": 109707000, "operatingIncomeRatio": 0.0637243797, "totalOtherIncomeExpensesNet": -3675000, "incomeBeforeTax": 87637000, "incomeBeforeTaxRatio": 0.0509048052, "incomeTaxExpense": 36455000, "netIncome": 50396000, "netIncomeRatio": 0.0292730076, "eps": 2.34, "epsdiluted": 2.11, "weightedAverageShsOut": 19700000, "weightedAverageShsOutDil": 21847393, "link": "https://www.sec.gov/Archives/edgar/data/894405/000095013400001761/0000950134-00-001761-index.html", "finalLink": "https://www.sec.gov/Archives/edgar/data/894405/000095013400001761/", "calculatedOtherExpenses": 933079000, "calculatedOperatingExpenses": 1019679000, "calculatedNetInterest": 0, "calculatedOtherIncome": -22070000, "calculatedIncomeNonControlling": 786000, "calculatedEbitda": 159468000}, {"date": "1998-12-31", "symbol": "ARCB", "reportedCurrency": "USD", "cik": "0000894405", "fillingDate": "1999-02-26", "acceptedDate": "1999-02-26 00:00:00", "calendarYear": "1998", "period": "FY", "revenue": 1651453000, "costOfRevenue": 607100000, "grossProfit": 1044353000, "grossProfitRatio": 0.6323843306, "researchAndDevelopmentExpenses": 0, "generalAndAdministrativeExpenses": 94800000, "sellingAndMarketingExpenses": 0, "sellingGeneralAndAdministrativeExpenses": 94800000, "otherExpenses": 1499343000, "operatingExpenses": 1594143000, "costAndExpenses": 2201243000, "interestIncome": 0, "interestExpense": 0, "depreciationAndAmortization": 47609000, "ebitda": -513889000, "ebitdaratio": -0.3111738572, "operatingIncome": 66410000, "operatingIncomeRatio": 0.040213073, "totalOtherIncomeExpensesNet": 11708000, "incomeBeforeTax": 50580000, "incomeBeforeTaxRatio": 0.0306275746, "incomeTaxExpense": 21905000, "netIncome": 28675000, "netIncomeRatio": 0.0173634975, "eps": 1.24, "epsdiluted": 1.21, "weightedAverageShsOut": 19658871, "weightedAverageShsOutDil": 20146281, "link": "https://www.sec.gov/Archives/edgar/data/894405/000095013499001344/0000950134-99-001344-index.html", "finalLink": "https://www.sec.gov/Archives/edgar/data/894405/", "calculatedOtherExpenses": 883143000, "calculatedOperatingExpenses": 977943000, "calculatedNetInterest": 0, "calculatedOtherIncome": -15830000, "calculatedIncomeNonControlling": 0, "calculatedEbitda": 114019000}, {"date": "1997-12-31", "symbol": "ARCB", "reportedCurrency": "USD", "cik": "0000894405", "fillingDate": "1998-03-27", "acceptedDate": "1998-03-27 00:00:00", "calendarYear": "1997", "period": "FY", "revenue": 1643678000, "costOfRevenue": 593228000, "grossProfit": 1050450000, "grossProfitRatio": 0.6390850276, "researchAndDevelopmentExpenses": 0, "generalAndAdministrativeExpenses": 101400000, "sellingAndMarketingExpenses": 0, "sellingGeneralAndAdministrativeExpenses": 101400000, "otherExpenses": 1488370000, "operatingExpenses": 1589770000, "costAndExpenses": 2182998000, "interestIncome": 0, "interestExpense": 0, "depreciationAndAmortization": 53084000, "ebitda": -496664000, "ebitdaratio": -0.3021662394, "operatingIncome": 62908000, "operatingIncomeRatio": 0.038272703, "totalOtherIncomeExpensesNet": 10428000, "incomeBeforeTax": 40358000, "incomeBeforeTaxRatio": 0.0245534709, "incomeTaxExpense": 19389000, "netIncome": 15347000, "netIncomeRatio": 0.0093369869, "eps": 0.56, "epsdiluted": 0.56, "weightedAverageShsOut": 19821429, "weightedAverageShsOutDil": 19821429, "link": "https://www.sec.gov/Archives/edgar/data/894405/000095013498002511/0000950134-98-002511-index.html", "finalLink": "https://www.sec.gov/Archives/edgar/data/894405/", "calculatedOtherExpenses": 886142000, "calculatedOperatingExpenses": 987542000, "calculatedNetInterest": 0, "calculatedOtherIncome": -22550000, "calculatedIncomeNonControlling": 5622000, "calculatedEbitda": 115992000}, {"date": "1996-12-31", "symbol": "ARCB", "reportedCurrency": "USD", "cik": "0000894405", "fillingDate": "1997-03-25", "acceptedDate": "1997-03-25 00:00:00", "calendarYear": "1996", "period": "FY", "revenue": 1659184000, "costOfRevenue": 649000000, "grossProfit": 1010184000, "grossProfitRatio": 0.6088438654, "researchAndDevelopmentExpenses": 0, "generalAndAdministrativeExpenses": 103200000, "sellingAndMarketingExpenses": 0, "sellingGeneralAndAdministrativeExpenses": 103200000, "otherExpenses": 1578312000, "operatingExpenses": 1681512000, "costAndExpenses": 2330512000, "interestIncome": 0, "interestExpense": 0, "depreciationAndAmortization": 64738000, "ebitda": -604049000, "ebitdaratio": -0.3640639013, "operatingIncome": -22328000, "operatingIncomeRatio": -0.0134572175, "totalOtherIncomeExpensesNet": -2541000, "incomeBeforeTax": -56738000, "incomeBeforeTaxRatio": -0.0341963278, "incomeTaxExpense": -20135000, "netIncome": -36603000, "netIncomeRatio": -0.0220608444, "eps": -2.1, "epsdiluted": -2.1, "weightedAverageShsOut": 17428571, "weightedAverageShsOutDil": 17428571, "link": "https://www.sec.gov/Archives/edgar/data/894405/000089440597000006/0000894405-97-000006-index.html", "finalLink": "https://www.sec.gov/Archives/edgar/data/894405/", "calculatedOtherExpenses": 929312000, "calculatedOperatingExpenses": 1032512000, "calculatedNetInterest": 0, "calculatedOtherIncome": -34410000, "calculatedIncomeNonControlling": 0, "calculatedEbitda": 42410000}, {"date": "1995-12-31", "symbol": "ARCB", "reportedCurrency": "USD", "cik": "0000894405", "fillingDate": "1996-03-29", "acceptedDate": "1996-03-29 00:00:00", "calendarYear": "1995", "period": "FY", "revenue": 1437279000, "costOfRevenue": 527900000, "grossProfit": 909379000, "grossProfitRatio": 0.6327087504, "researchAndDevelopmentExpenses": 0, "generalAndAdministrativeExpenses": 81300000, "sellingAndMarketingExpenses": 0, "sellingGeneralAndAdministrativeExpenses": 81300000, "otherExpenses": 1379438000, "operatingExpenses": 1460738000, "costAndExpenses": 1988638000, "interestIncome": 0, "interestExpense": 0, "depreciationAndAmortization": 52806000, "ebitda": -492071000, "ebitdaratio": -0.3423628954, "operatingIncome": -23459000, "operatingIncomeRatio": -0.0163218136, "totalOtherIncomeExpensesNet": -6482000, "incomeBeforeTax": -46987000, "incomeBeforeTaxRatio": -0.0326916347, "incomeTaxExpense": -14195000, "netIncome": -32792000, "netIncomeRatio": -0.0228153337, "eps": -1.9, "epsdiluted": -1.9, "weightedAverageShsOut": 17263158, "weightedAverageShsOutDil": 17263158, "link": "https://www.sec.gov/Archives/edgar/data/894405/000089440596000004/0000894405-96-000004-index.html", "finalLink": "https://www.sec.gov/Archives/edgar/data/894405/", "calculatedOtherExpenses": 851538000, "calculatedOperatingExpenses": 932838000, "calculatedNetInterest": 0, "calculatedOtherIncome": -23528000, "calculatedIncomeNonControlling": 0, "calculatedEbitda": 29347000}, {"date": "1994-12-31", "symbol": "ARCB", "reportedCurrency": "USD", "cik": "0000894405", "fillingDate": "1995-03-22", "acceptedDate": "1995-03-22 00:00:00", "calendarYear": "1994", "period": "FY", "revenue": 1098421000, "costOfRevenue": 1018200000, "grossProfit": 80221000, "grossProfitRatio": 0.0730330174, "researchAndDevelopmentExpenses": 0, "generalAndAdministrativeExpenses": 0, "sellingAndMarketingExpenses": 0, "sellingGeneralAndAdministrativeExpenses": 0, "otherExpenses": 1050306000, "operatingExpenses": 1050306000, "costAndExpenses": 2068506000, "interestIncome": 0, "interestExpense": 0, "depreciationAndAmortization": 32115000, "ebitda": -963641000, "ebitdaratio": -0.8772965921, "operatingIncome": 48115000, "operatingIncomeRatio": 0.0438037874, "totalOtherIncomeExpensesNet": 25671000, "incomeBeforeTax": 36639000, "incomeBeforeTaxRatio": 0.0333560629, "incomeTaxExpense": 17932000, "netIncome": 18707000, "netIncomeRatio": 0.0170308106, "eps": 0.74, "epsdiluted": 0.74, "weightedAverageShsOut": 25270270, "weightedAverageShsOutDil": 25270270, "link": "https://www.sec.gov/Archives/edgar/data/894405/000089440595000002/0000894405-95-000002-index.html", "finalLink": "https://www.sec.gov/Archives/edgar/data/894405/", "calculatedOtherExpenses": 32106000, "calculatedOperatingExpenses": 32106000, "calculatedNetInterest": 0, "calculatedOtherIncome": -11476000, "calculatedIncomeNonControlling": 0, "calculatedEbitda": 80230000}, {"date": "1993-12-31", "symbol": "ARCB", "reportedCurrency": "USD", "cik": "0000894405", "fillingDate": "1994-03-11", "acceptedDate": "1994-03-11 00:00:00", "calendarYear": "1993", "period": "FY", "revenue": 1009900000, "costOfRevenue": 930300000, "grossProfit": 79600000, "grossProfitRatio": 0.0788196851, "researchAndDevelopmentExpenses": 0, "generalAndAdministrativeExpenses": 0, "sellingAndMarketingExpenses": 0, "sellingGeneralAndAdministrativeExpenses": 0, "otherExpenses": 28300000, "operatingExpenses": 28300000, "costAndExpenses": 958600000, "interestIncome": 0, "interestExpense": 0, "depreciationAndAmortization": -28300000, "ebitda": 80300000, "ebitdaratio": 0.0795128231, "operatingIncome": 51300000, "operatingIncomeRatio": 0.0507971086, "totalOtherIncomeExpensesNet": -700000, "incomeBeforeTax": 40300000, "incomeBeforeTaxRatio": 0.0399049411, "incomeTaxExpense": 19300000, "netIncome": 20300000, "netIncomeRatio": 0.0201010001, "eps": 0.84, "epsdiluted": 0.84, "weightedAverageShsOut": 24166667, "weightedAverageShsOutDil": 24166667, "link": "https://www.sec.gov/Archives/edgar/data/894405/000089440594000001/0000894405-94-000001-index.html", "finalLink": "https://www.sec.gov/Archives/edgar/data/894405/", "calculatedOtherExpenses": 28300000, "calculatedOperatingExpenses": 28300000, "calculatedNetInterest": 0, "calculatedOtherIncome": -11000000, "calculatedIncomeNonControlling": 700000, "calculatedEbitda": 23000000}, {"date": "1992-12-31", "symbol": "ARCB", "reportedCurrency": "USD", "cik": "0000894405", "fillingDate": "1992-12-31", "acceptedDate": "1992-12-30 19:00:00", "calendarYear": "1992", "period": "FY", "revenue": 959900000, "costOfRevenue": 868200000, "grossProfit": 91700000, "grossProfitRatio": 0.0955307845, "researchAndDevelopmentExpenses": 0, "generalAndAdministrativeExpenses": 0, "sellingAndMarketingExpenses": 0, "sellingGeneralAndAdministrativeExpenses": 0, "otherExpenses": 34500000, "operatingExpenses": 34500000, "costAndExpenses": 902700000, "interestIncome": 0, "interestExpense": 0, "depreciationAndAmortization": -34500000, "ebitda": 93200000, "ebitdaratio": 0.0970934472, "operatingIncome": 57200000, "operatingIncomeRatio": 0.0595895406, "totalOtherIncomeExpensesNet": -1500000, "incomeBeforeTax": 35700000, "incomeBeforeTaxRatio": 0.0371913741, "incomeTaxExpense": 16900000, "netIncome": -600000, "netIncomeRatio": -0.0006250651, "eps": -0.03, "epsdiluted": -0.03, "weightedAverageShsOut": 20000000, "weightedAverageShsOutDil": 20000000, "link": "", "finalLink": "", "calculatedOtherExpenses": 34500000, "calculatedOperatingExpenses": 34500000, "calculatedNetInterest": 0, "calculatedOtherIncome": -21500000, "calculatedIncomeNonControlling": 19400000, "calculatedEbitda": 22700000}, {"date": "1991-12-31", "symbol": "ARCB", "reportedCurrency": "USD", "cik": "0000894405", "fillingDate": "1991-12-31", "acceptedDate": "1991-12-30 19:00:00", "calendarYear": "1991", "period": "FY", "revenue": 884500000, "costOfRevenue": 801600000, "grossProfit": 82900000, "grossProfitRatio": 0.0937252685, "researchAndDevelopmentExpenses": 0, "generalAndAdministrativeExpenses": 0, "sellingAndMarketingExpenses": 0, "sellingGeneralAndAdministrativeExpenses": 0, "otherExpenses": 39800000, "operatingExpenses": 39800000, "costAndExpenses": 841400000, "interestIncome": 0, "interestExpense": 0, "depreciationAndAmortization": -39800000, "ebitda": 75400000, "ebitdaratio": 0.0852459016, "operatingIncome": 43100000, "operatingIncomeRatio": 0.048728095, "totalOtherIncomeExpensesNet": 7500000, "incomeBeforeTax": 15600000, "incomeBeforeTaxRatio": 0.0176370831, "incomeTaxExpense": 7800000, "netIncome": 7300000, "netIncomeRatio": 0.0082532504, "eps": 0.57, "epsdiluted": 0.57, "weightedAverageShsOut": 12807018, "weightedAverageShsOutDil": 12807018, "link": "", "finalLink": "", "calculatedOtherExpenses": 39800000, "calculatedOperatingExpenses": 39800000, "calculatedNetInterest": 0, "calculatedOtherIncome": -27500000, "calculatedIncomeNonControlling": 500000, "calculatedEbitda": 3300000}]}