{"originalCurrency": "USD", "convertedCurrency": "USD", "report": [{"date": "2023-12-31", "symbol": "ARCC", "reportedCurrency": "USD", "cik": "0001287750", "fillingDate": "2024-02-07", "acceptedDate": "2024-02-07 06:13:02", "calendarYear": "2023", "period": "FY", "revenue": 1636000000, "costOfRevenue": -449000000, "grossProfit": 2085000000, "grossProfitRatio": 1.2744498778, "researchAndDevelopmentExpenses": 0, "generalAndAdministrativeExpenses": 42000000, "sellingAndMarketingExpenses": 0, "sellingGeneralAndAdministrativeExpenses": 42000000, "otherExpenses": 395000000, "operatingExpenses": 94000000, "costAndExpenses": 42000000, "interestIncome": 1962000000, "interestExpense": 530000000, "depreciationAndAmortization": -1868000000, "ebitda": 1286000000, "ebitdaratio": 0.7860635697, "operatingIncome": 1286000000, "operatingIncomeRatio": 0.7860635697, "totalOtherIncomeExpensesNet": 256000000, "incomeBeforeTax": 1542000000, "incomeBeforeTaxRatio": 0.9425427873, "incomeTaxExpense": 20000000, "netIncome": 1522000000, "netIncomeRatio": 0.9303178484, "eps": 2.75, "epsdiluted": 2.68, "weightedAverageShsOut": 554000000, "weightedAverageShsOutDil": 575000000, "link": "https://www.sec.gov/Archives/edgar/data/1287750/000128775024000011/0001287750-24-000011-index.htm", "finalLink": "https://www.sec.gov/Archives/edgar/data/1287750/000128775024000011/arcc-20231231.htm", "calculatedOtherExpenses": 757000000, "calculatedOperatingExpenses": 799000000, "calculatedNetInterest": 1432000000, "calculatedOtherIncome": -1176000000, "calculatedIncomeNonControlling": 0, "calculatedEbitda": -582000000}, {"date": "2022-12-31", "symbol": "ARCC", "reportedCurrency": "USD", "cik": "0001287750", "fillingDate": "2023-02-07", "acceptedDate": "2023-02-07 06:24:12", "calendarYear": "2022", "period": "FY", "revenue": 741000000, "costOfRevenue": 467000000, "grossProfit": 274000000, "grossProfitRatio": 0.3697705803, "researchAndDevelopmentExpenses": 0, "generalAndAdministrativeExpenses": 38000000, "sellingAndMarketingExpenses": 0, "sellingGeneralAndAdministrativeExpenses": 38000000, "otherExpenses": 48000000, "operatingExpenses": 86000000, "costAndExpenses": 134000000, "interestIncome": 1470000000, "interestExpense": 455000000, "depreciationAndAmortization": -48000000, "ebitda": 1062000000, "ebitdaratio": 1.4331983806, "operatingIncome": 1110000000, "operatingIncomeRatio": 1.4979757085, "totalOtherIncomeExpensesNet": -455000000, "incomeBeforeTax": 655000000, "incomeBeforeTaxRatio": 0.8839406208, "incomeTaxExpense": 55000000, "netIncome": 600000000, "netIncomeRatio": 0.8097165992, "eps": 1.2, "epsdiluted": 1.19, "weightedAverageShsOut": 498000000, "weightedAverageShsOutDil": 518000000, "link": "https://www.sec.gov/Archives/edgar/data/1287750/000128775023000010/0001287750-23-000010-index.htm", "finalLink": "https://www.sec.gov/Archives/edgar/data/1287750/000128775023000010/arcc-20221231.htm", "calculatedOtherExpenses": -874000000, "calculatedOperatingExpenses": -836000000, "calculatedNetInterest": 1015000000, "calculatedOtherIncome": -1470000000, "calculatedIncomeNonControlling": 0, "calculatedEbitda": 1062000000}, {"date": "2021-12-31", "symbol": "ARCC", "reportedCurrency": "USD", "cik": "0001287750", "fillingDate": "2022-02-09", "acceptedDate": "2022-02-09 06:18:27", "calendarYear": "2021", "period": "FY", "revenue": 1678000000, "costOfRevenue": 654000000, "grossProfit": 1024000000, "grossProfitRatio": 0.610250298, "researchAndDevelopmentExpenses": 0, "generalAndAdministrativeExpenses": 39000000, "sellingAndMarketingExpenses": 0, "sellingGeneralAndAdministrativeExpenses": 39000000, "otherExpenses": 43000000, "operatingExpenses": 82000000, "costAndExpenses": 82000000, "interestIncome": 1247000000, "interestExpense": 372000000, "depreciationAndAmortization": -1142000000, "ebitda": 1596000000, "ebitdaratio": 0.9511323004, "operatingIncome": 1596000000, "operatingIncomeRatio": 0.9511323004, "totalOtherIncomeExpensesNet": -403000000, "incomeBeforeTax": 1596000000, "incomeBeforeTaxRatio": 0.9511323004, "incomeTaxExpense": 29000000, "netIncome": 1567000000, "netIncomeRatio": 0.9338498212, "eps": 3.51, "epsdiluted": 3.51, "weightedAverageShsOut": 446000000, "weightedAverageShsOutDil": 446000000, "link": "https://www.sec.gov/Archives/edgar/data/1287750/000128775022000007/0001287750-22-000007-index.htm", "finalLink": "https://www.sec.gov/Archives/edgar/data/1287750/000128775022000007/arccq4-202110k.htm", "calculatedOtherExpenses": -611000000, "calculatedOperatingExpenses": -572000000, "calculatedNetInterest": 875000000, "calculatedOtherIncome": -875000000, "calculatedIncomeNonControlling": 0, "calculatedEbitda": 454000000}, {"date": "2020-12-31", "symbol": "ARCC", "reportedCurrency": "USD", "cik": "0001287750", "fillingDate": "2021-02-10", "acceptedDate": "2021-02-09 21:05:00", "calendarYear": "2020", "period": "FY", "revenue": 541000000, "costOfRevenue": 356000000, "grossProfit": 185000000, "grossProfitRatio": 0.3419593346, "researchAndDevelopmentExpenses": 0, "generalAndAdministrativeExpenses": 38000000, "sellingAndMarketingExpenses": 0, "sellingGeneralAndAdministrativeExpenses": 38000000, "otherExpenses": -169000000, "operatingExpenses": 38000000, "costAndExpenses": 38000000, "interestIncome": 1159000000, "interestExpense": 317000000, "depreciationAndAmortization": -1130000000, "ebitda": 503000000, "ebitdaratio": 0.9297597043, "operatingIncome": 503000000, "operatingIncomeRatio": 0.9297597043, "totalOtherIncomeExpensesNet": -320000000, "incomeBeforeTax": 503000000, "incomeBeforeTaxRatio": 0.9297597043, "incomeTaxExpense": 19000000, "netIncome": 484000000, "netIncomeRatio": 0.8946395564, "eps": 1.14, "epsdiluted": 1.14, "weightedAverageShsOut": 424000000, "weightedAverageShsOutDil": 424000000, "link": "https://www.sec.gov/Archives/edgar/data/1287750/000128775021000005/0001287750-21-000005-index.htm", "finalLink": "https://www.sec.gov/Archives/edgar/data/1287750/000128775021000005/arccq4-202010k.htm", "calculatedOtherExpenses": -356000000, "calculatedOperatingExpenses": -318000000, "calculatedNetInterest": 842000000, "calculatedOtherIncome": -842000000, "calculatedIncomeNonControlling": 0, "calculatedEbitda": -627000000}, {"date": "2019-12-31", "symbol": "ARCC", "reportedCurrency": "USD", "cik": "0001287750", "fillingDate": "2020-02-12", "acceptedDate": "2020-02-12 06:22:35", "calendarYear": "2019", "period": "FY", "revenue": 824000000, "costOfRevenue": 379000000, "grossProfit": 445000000, "grossProfitRatio": 0.5400485437, "researchAndDevelopmentExpenses": 0, "generalAndAdministrativeExpenses": 45000000, "sellingAndMarketingExpenses": 0, "sellingGeneralAndAdministrativeExpenses": 45000000, "otherExpenses": -30000000, "operatingExpenses": 15000000, "costAndExpenses": 15000000, "interestIncome": 1180000000, "interestExpense": 291000000, "depreciationAndAmortization": -1118000000, "ebitda": 809000000, "ebitdaratio": 0.9817961165, "operatingIncome": 809000000, "operatingIncomeRatio": 0.9817961165, "totalOtherIncomeExpensesNet": -238000000, "incomeBeforeTax": 809000000, "incomeBeforeTaxRatio": 0.9817961165, "incomeTaxExpense": 16000000, "netIncome": 793000000, "netIncomeRatio": 0.9623786408, "eps": 1.86, "epsdiluted": 1.86, "weightedAverageShsOut": 427000000, "weightedAverageShsOutDil": 427000000, "link": "https://www.sec.gov/Archives/edgar/data/1287750/000128775020000008/0001287750-20-000008-index.htm", "finalLink": "https://www.sec.gov/Archives/edgar/data/1287750/000128775020000008/arccq4-201910k.htm", "calculatedOtherExpenses": -409000000, "calculatedOperatingExpenses": -364000000, "calculatedNetInterest": 889000000, "calculatedOtherIncome": -889000000, "calculatedIncomeNonControlling": 0, "calculatedEbitda": -309000000}, {"date": "2018-12-31", "symbol": "ARCC", "reportedCurrency": "USD", "cik": "0001287750", "fillingDate": "2019-02-12", "acceptedDate": "2019-02-11 21:38:24", "calendarYear": "2018", "period": "FY", "revenue": 879000000, "costOfRevenue": 0, "grossProfit": 879000000, "grossProfitRatio": 1, "researchAndDevelopmentExpenses": 0, "generalAndAdministrativeExpenses": 42000000, "sellingAndMarketingExpenses": 0, "sellingGeneralAndAdministrativeExpenses": 42000000, "otherExpenses": -40000000, "operatingExpenses": 2000000, "costAndExpenses": 2000000, "interestIncome": 1041000000, "interestExpense": 240000000, "depreciationAndAmortization": 0, "ebitda": 1117000000, "ebitdaratio": 1.2707622298, "operatingIncome": 1117000000, "operatingIncomeRatio": 1.2707622298, "totalOtherIncomeExpensesNet": -240000000, "incomeBeforeTax": 877000000, "incomeBeforeTaxRatio": 0.9977246871, "incomeTaxExpense": 19000000, "netIncome": 858000000, "netIncomeRatio": 0.976109215, "eps": 2.01, "epsdiluted": 2.01, "weightedAverageShsOut": 426000000, "weightedAverageShsOutDil": 426000000, "link": "https://www.sec.gov/Archives/edgar/data/1287750/000128775019000004/0001287750-19-000004-index.htm", "finalLink": "https://www.sec.gov/Archives/edgar/data/1287750/000128775019000004/arccq4-1810k.htm", "calculatedOtherExpenses": -280000000, "calculatedOperatingExpenses": -238000000, "calculatedNetInterest": 801000000, "calculatedOtherIncome": -1041000000, "calculatedIncomeNonControlling": 0, "calculatedEbitda": 1117000000}, {"date": "2017-12-31", "symbol": "ARCC", "reportedCurrency": "USD", "cik": "0001287750", "fillingDate": "2018-02-13", "acceptedDate": "2018-02-13 07:36:09", "calendarYear": "2017", "period": "FY", "revenue": 749000000, "costOfRevenue": 0, "grossProfit": 749000000, "grossProfitRatio": 1, "researchAndDevelopmentExpenses": 0, "generalAndAdministrativeExpenses": 89000000, "sellingAndMarketingExpenses": 0, "sellingGeneralAndAdministrativeExpenses": 89000000, "otherExpenses": -26000000, "operatingExpenses": 63000000, "costAndExpenses": 63000000, "interestIncome": 951000000, "interestExpense": 225000000, "depreciationAndAmortization": 1000000, "ebitda": 912000000, "ebitdaratio": 1.217623498, "operatingIncome": 911000000, "operatingIncomeRatio": 1.2162883845, "totalOtherIncomeExpensesNet": -225000000, "incomeBeforeTax": 686000000, "incomeBeforeTaxRatio": 0.9158878505, "incomeTaxExpense": 19000000, "netIncome": 667000000, "netIncomeRatio": 0.8905206943, "eps": 1.57, "epsdiluted": 1.57, "weightedAverageShsOut": 425000000, "weightedAverageShsOutDil": 425000000, "link": "https://www.sec.gov/Archives/edgar/data/1287750/000128775018000007/0001287750-18-000007-index.htm", "finalLink": "https://www.sec.gov/Archives/edgar/data/1287750/000128775018000007/arccq4-1710k.htm", "calculatedOtherExpenses": -251000000, "calculatedOperatingExpenses": -162000000, "calculatedNetInterest": 726000000, "calculatedOtherIncome": -951000000, "calculatedIncomeNonControlling": 0, "calculatedEbitda": 912000000}, {"date": "2016-12-31", "symbol": "ARCC", "reportedCurrency": "USD", "cik": "0001287750", "fillingDate": "2017-02-22", "acceptedDate": "2017-02-22 07:58:47", "calendarYear": "2016", "period": "FY", "revenue": 551000000, "costOfRevenue": 0, "grossProfit": 551000000, "grossProfitRatio": 1, "researchAndDevelopmentExpenses": 0, "generalAndAdministrativeExpenses": 56000000, "sellingAndMarketingExpenses": 0, "sellingGeneralAndAdministrativeExpenses": 56000000, "otherExpenses": 0, "operatingExpenses": 56000000, "costAndExpenses": 56000000, "interestIncome": 806000000, "interestExpense": 186000000, "depreciationAndAmortization": 1000000, "ebitda": 682000000, "ebitdaratio": 1.2377495463, "operatingIncome": 681000000, "operatingIncomeRatio": 1.2359346642, "totalOtherIncomeExpensesNet": -186000000, "incomeBeforeTax": 495000000, "incomeBeforeTaxRatio": 0.8983666062, "incomeTaxExpense": 21000000, "netIncome": 474000000, "netIncomeRatio": 0.8602540835, "eps": 1.51, "epsdiluted": 1.51, "weightedAverageShsOut": 314000000, "weightedAverageShsOutDil": 314000000, "link": "https://www.sec.gov/Archives/edgar/data/1287750/000104746917000808/0001047469-17-000808-index.htm", "finalLink": "https://www.sec.gov/Archives/edgar/data/1287750/000104746917000808/a2230898z10-k.htm", "calculatedOtherExpenses": -186000000, "calculatedOperatingExpenses": -130000000, "calculatedNetInterest": 620000000, "calculatedOtherIncome": -806000000, "calculatedIncomeNonControlling": 0, "calculatedEbitda": 682000000}, {"date": "2015-12-31", "symbol": "ARCC", "reportedCurrency": "USD", "cik": "0001287750", "fillingDate": "2016-02-24", "acceptedDate": "2016-02-24 08:01:02", "calendarYear": "2015", "period": "FY", "revenue": 450689000, "costOfRevenue": 0, "grossProfit": 450689000, "grossProfitRatio": 1, "researchAndDevelopmentExpenses": 0, "generalAndAdministrativeExpenses": 43856000, "sellingAndMarketingExpenses": 0, "sellingGeneralAndAdministrativeExpenses": 43856000, "otherExpenses": 10411000, "operatingExpenses": 54267000, "costAndExpenses": 54267000, "interestIncome": 817352000, "interestExpense": 226967000, "depreciationAndAmortization": 734000, "ebitda": 624123000, "ebitdaratio": 1.3848196872, "operatingIncome": 623389000, "operatingIncomeRatio": 1.3831910697, "totalOtherIncomeExpensesNet": -226967000, "incomeBeforeTax": 396422000, "incomeBeforeTaxRatio": 0.8795910262, "incomeTaxExpense": 17752000, "netIncome": 378670000, "netIncomeRatio": 0.8402024456, "eps": 1.2, "epsdiluted": 1.2, "weightedAverageShsOut": 314000000, "weightedAverageShsOutDil": 314000000, "link": "https://www.sec.gov/Archives/edgar/data/1287750/000104746916010353/0001047469-16-010353-index.htm", "finalLink": "https://www.sec.gov/Archives/edgar/data/1287750/000104746916010353/a2227293z10-k.htm", "calculatedOtherExpenses": -216556000, "calculatedOperatingExpenses": -172700000, "calculatedNetInterest": 590385000, "calculatedOtherIncome": -817352000, "calculatedIncomeNonControlling": 0, "calculatedEbitda": 624123000}, {"date": "2014-12-31", "symbol": "ARCC", "reportedCurrency": "USD", "cik": "0001287750", "fillingDate": "2015-02-26", "acceptedDate": "2015-02-26 08:00:44", "calendarYear": "2014", "period": "FY", "revenue": 650422000, "costOfRevenue": 0, "grossProfit": 650422000, "grossProfitRatio": 1, "researchAndDevelopmentExpenses": 0, "generalAndAdministrativeExpenses": 41072000, "sellingAndMarketingExpenses": 0, "sellingGeneralAndAdministrativeExpenses": 41072000, "otherExpenses": 72000, "operatingExpenses": 41144000, "costAndExpenses": 41144000, "interestIncome": 741438000, "interestExpense": 216019000, "depreciationAndAmortization": 805000, "ebitda": 826102000, "ebitdaratio": 1.2701015648, "operatingIncome": 825297000, "operatingIncomeRatio": 1.2688639068, "totalOtherIncomeExpensesNet": -216019000, "incomeBeforeTax": 609278000, "incomeBeforeTaxRatio": 0.9367426071, "incomeTaxExpense": 18329000, "netIncome": 590949000, "netIncomeRatio": 0.908562441, "eps": 1.94, "epsdiluted": 1.94, "weightedAverageShsOut": 305000000, "weightedAverageShsOutDil": 305000000, "link": "https://www.sec.gov/Archives/edgar/data/1287750/000104746915001240/0001047469-15-001240-index.htm", "finalLink": "https://www.sec.gov/Archives/edgar/data/1287750/000104746915001240/a2222984z10-k.htm", "calculatedOtherExpenses": -215947000, "calculatedOperatingExpenses": -174875000, "calculatedNetInterest": 525419000, "calculatedOtherIncome": -741438000, "calculatedIncomeNonControlling": 0, "calculatedEbitda": 826102000}, {"date": "2013-12-31", "symbol": "ARCC", "reportedCurrency": "USD", "cik": "0001287750", "fillingDate": "2014-02-26", "acceptedDate": "2014-02-26 08:01:53", "calendarYear": "2013", "period": "FY", "revenue": 541333000, "costOfRevenue": 0, "grossProfit": 541333000, "grossProfitRatio": 1, "researchAndDevelopmentExpenses": 0, "generalAndAdministrativeExpenses": 38707000, "sellingAndMarketingExpenses": 0, "sellingGeneralAndAdministrativeExpenses": 38707000, "otherExpenses": 0, "operatingExpenses": 38707000, "costAndExpenses": 38707000, "interestIncome": 647933000, "interestExpense": 171495000, "depreciationAndAmortization": 802000, "ebitda": 674923000, "ebitdaratio": 1.2467797086, "operatingIncome": 674121000, "operatingIncomeRatio": 1.2452981806, "totalOtherIncomeExpensesNet": -171495000, "incomeBeforeTax": 502626000, "incomeBeforeTaxRatio": 0.9284968772, "incomeTaxExpense": 14105000, "netIncome": 488521000, "netIncomeRatio": 0.9024408266, "eps": 1.83, "epsdiluted": 1.83, "weightedAverageShsOut": 266939000, "weightedAverageShsOutDil": 266939000, "link": "https://www.sec.gov/Archives/edgar/data/1287750/000104746914001349/0001047469-14-001349-index.htm", "finalLink": "https://www.sec.gov/Archives/edgar/data/1287750/000104746914001349/a2218339z10-k.htm", "calculatedOtherExpenses": -171495000, "calculatedOperatingExpenses": -132788000, "calculatedNetInterest": 476438000, "calculatedOtherIncome": -647933000, "calculatedIncomeNonControlling": 0, "calculatedEbitda": 674923000}, {"date": "2012-12-31", "symbol": "ARCC", "reportedCurrency": "USD", "cik": "0001287750", "fillingDate": "2013-02-27", "acceptedDate": "2013-02-27 08:01:35", "calendarYear": "2012", "period": "FY", "revenue": 553771000, "costOfRevenue": 0, "grossProfit": 553771000, "grossProfitRatio": 1, "researchAndDevelopmentExpenses": 0, "generalAndAdministrativeExpenses": 31743000, "sellingAndMarketingExpenses": 0, "sellingGeneralAndAdministrativeExpenses": 31743000, "otherExpenses": 2678000, "operatingExpenses": 34421000, "costAndExpenses": 34421000, "interestIncome": 571472000, "interestExpense": 142976000, "depreciationAndAmortization": 829000, "ebitda": 663155000, "ebitdaratio": 1.197525692, "operatingIncome": 662326000, "operatingIncomeRatio": 1.1960286833, "totalOtherIncomeExpensesNet": -142976000, "incomeBeforeTax": 519350000, "incomeBeforeTaxRatio": 0.9378425378, "incomeTaxExpense": 11172000, "netIncome": 508178000, "netIncomeRatio": 0.9176681336, "eps": 2.21, "epsdiluted": 2.21, "weightedAverageShsOut": 230151000, "weightedAverageShsOutDil": 230151000, "link": "https://www.sec.gov/Archives/edgar/data/1287750/000104746913001751/0001047469-13-001751-index.htm", "finalLink": "https://www.sec.gov/Archives/edgar/data/1287750/000104746913001751/a2213204z10-k.htm", "calculatedOtherExpenses": -140298000, "calculatedOperatingExpenses": -108555000, "calculatedNetInterest": 428496000, "calculatedOtherIncome": -571472000, "calculatedIncomeNonControlling": 0, "calculatedEbitda": 663155000}, {"date": "2011-12-31", "symbol": "ARCC", "reportedCurrency": "USD", "cik": "0001287750", "fillingDate": "2012-02-28", "acceptedDate": "2012-02-28 08:01:52", "calendarYear": "2011", "period": "FY", "revenue": 384362000, "costOfRevenue": 183980000, "grossProfit": 200382000, "grossProfitRatio": 0.5213366566, "researchAndDevelopmentExpenses": 0, "generalAndAdministrativeExpenses": 38117000, "sellingAndMarketingExpenses": 0, "sellingGeneralAndAdministrativeExpenses": 38117000, "otherExpenses": 19318000, "operatingExpenses": 57435000, "costAndExpenses": 222097000, "interestIncome": 473253000, "interestExpense": 122512000, "depreciationAndAmortization": 876000, "ebitda": 450315000, "ebitdaratio": 1.171590844, "operatingIncome": 289877000, "operatingIncomeRatio": 0.7541770518, "totalOtherIncomeExpensesNet": 37050000, "incomeBeforeTax": 326927000, "incomeBeforeTaxRatio": 0.8505705559, "incomeTaxExpense": 7474000, "netIncome": 319453000, "netIncomeRatio": 0.8311253454, "eps": 1.56, "epsdiluted": 1.56, "weightedAverageShsOut": 204860000, "weightedAverageShsOutDil": 204860000, "link": "https://www.sec.gov/Archives/edgar/data/1287750/000104746912001679/0001047469-12-001679-index.htm", "finalLink": "https://www.sec.gov/Archives/edgar/data/1287750/000104746912001679/a2207596z10-k.htm", "calculatedOtherExpenses": -127612000, "calculatedOperatingExpenses": -89495000, "calculatedNetInterest": 350741000, "calculatedOtherIncome": -313691000, "calculatedIncomeNonControlling": 0, "calculatedEbitda": 290753000}, {"date": "2010-12-31", "symbol": "ARCC", "reportedCurrency": "USD", "cik": "0001287750", "fillingDate": "2011-03-01", "acceptedDate": "2011-03-01 06:10:36", "calendarYear": "2010", "period": "FY", "revenue": 747253000, "costOfRevenue": 128893000, "grossProfit": 618360000, "grossProfitRatio": 0.8275108966, "researchAndDevelopmentExpenses": 0, "generalAndAdministrativeExpenses": 53948000, "sellingAndMarketingExpenses": 0, "sellingGeneralAndAdministrativeExpenses": 53948000, "otherExpenses": -3921000, "operatingExpenses": 50027000, "costAndExpenses": 182841000, "interestIncome": 393629000, "interestExpense": 79347000, "depreciationAndAmortization": 923000, "ebitda": 777496000, "ebitdaratio": 1.0404722363, "operatingIncome": 221208000, "operatingIncomeRatio": 0.2960282528, "totalOtherIncomeExpensesNet": 476018000, "incomeBeforeTax": 697226000, "incomeBeforeTaxRatio": 0.9330521256, "incomeTaxExpense": 5392000, "netIncome": 691834000, "netIncomeRatio": 0.9258363633, "eps": 3.91, "epsdiluted": 3.91, "weightedAverageShsOut": 176732000, "weightedAverageShsOutDil": 176732000, "link": "https://www.sec.gov/Archives/edgar/data/1287750/000104746911001575/0001047469-11-001575-index.htm", "finalLink": "https://www.sec.gov/Archives/edgar/data/1287750/000104746911001575/a2202281z10-k.htm", "calculatedOtherExpenses": 343204000, "calculatedOperatingExpenses": 397152000, "calculatedNetInterest": 314282000, "calculatedOtherIncome": 161736000, "calculatedIncomeNonControlling": 0, "calculatedEbitda": 222131000}, {"date": "2009-12-31", "symbol": "ARCC", "reportedCurrency": "USD", "cik": "0001287750", "fillingDate": "2010-02-25", "acceptedDate": "2010-02-25 07:58:03", "calendarYear": "2009", "period": "FY", "revenue": 318686000, "costOfRevenue": 63741000, "grossProfit": 254945000, "grossProfitRatio": 0.799988076, "researchAndDevelopmentExpenses": 0, "generalAndAdministrativeExpenses": 83606000, "sellingAndMarketingExpenses": 0, "sellingGeneralAndAdministrativeExpenses": 83606000, "otherExpenses": -25871000, "operatingExpenses": 83606000, "costAndExpenses": 87028000, "interestIncome": 225331000, "interestExpense": 24262000, "depreciationAndAmortization": 672000, "ebitda": 228203000, "ebitdaratio": 0.716074757, "operatingIncome": 133982000, "operatingIncomeRatio": 0.4204201, "totalOtherIncomeExpensesNet": -579934000, "incomeBeforeTax": 61139000, "incomeBeforeTaxRatio": 0.1918471473, "incomeTaxExpense": 5576000, "netIncome": -521498000, "netIncomeRatio": -1.6364007205, "eps": -5.13, "epsdiluted": -5.13, "weightedAverageShsOut": 101720000, "weightedAverageShsOutDil": 101720000, "link": "https://www.sec.gov/Archives/edgar/data/1287750/000104746910001312/0001047469-10-001312-index.htm", "finalLink": "https://www.sec.gov/Archives/edgar/data/1287750/000104746910001312/a2196691z10-k.htm", "calculatedOtherExpenses": 37357000, "calculatedOperatingExpenses": 120963000, "calculatedNetInterest": 201069000, "calculatedOtherIncome": -273912000, "calculatedIncomeNonControlling": 577061000, "calculatedEbitda": 134654000}, {"date": "2008-12-31", "symbol": "ARCC", "reportedCurrency": "USD", "cik": "0001287750", "fillingDate": "2009-03-02", "acceptedDate": "2009-03-02 08:01:55", "calendarYear": "2008", "period": "FY", "revenue": 240461000, "costOfRevenue": 62211000, "grossProfit": 178250000, "grossProfitRatio": 0.7412844495, "researchAndDevelopmentExpenses": 0, "generalAndAdministrativeExpenses": 1271000, "sellingAndMarketingExpenses": 0, "sellingGeneralAndAdministrativeExpenses": 1271000, "otherExpenses": 503000, "operatingExpenses": 113221000, "costAndExpenses": 76706000, "interestIncome": 210096000, "interestExpense": 36515000, "depreciationAndAmortization": 503000, "ebitda": -102189000, "ebitdaratio": -0.4249712012, "operatingIncome": 127240000, "operatingIncomeRatio": 0.5291502572, "totalOtherIncomeExpensesNet": -266447000, "incomeBeforeTax": 127240000, "incomeBeforeTaxRatio": 0.5291502572, "incomeTaxExpense": 248000, "netIncome": -139455000, "netIncomeRatio": -0.5799485156, "eps": -1.56, "epsdiluted": -1.56, "weightedAverageShsOut": 89666243, "weightedAverageShsOutDil": 89666243, "link": "https://www.sec.gov/Archives/edgar/data/1287750/000104746909002049/0001047469-09-002049-index.htm", "finalLink": "https://www.sec.gov/Archives/edgar/data/1287750/000104746909002049/a2191102z10-k.htm", "calculatedOtherExpenses": 49739000, "calculatedOperatingExpenses": 51010000, "calculatedNetInterest": 173581000, "calculatedOtherIncome": -173581000, "calculatedIncomeNonControlling": 266447000, "calculatedEbitda": 127743000}, {"date": "2007-12-31", "symbol": "ARCC", "reportedCurrency": "USD", "cik": "0001287750", "fillingDate": "2008-02-28", "acceptedDate": "2008-02-28 08:01:16", "calendarYear": "2007", "period": "FY", "revenue": 137704144, "costOfRevenue": 0, "grossProfit": 137704144, "grossProfitRatio": 1, "researchAndDevelopmentExpenses": 0, "generalAndAdministrativeExpenses": 10398917, "sellingAndMarketingExpenses": 0, "sellingGeneralAndAdministrativeExpenses": 10398917, "otherExpenses": 410328, "operatingExpenses": 10809245, "costAndExpenses": 94750617, "interestIncome": 165379191, "interestExpense": 36888872, "depreciationAndAmortization": 410328, "ebitda": 127305227, "ebitdaratio": 0.9244836306, "operatingIncome": 94122611, "operatingIncomeRatio": 0.683513279, "totalOtherIncomeExpensesNet": -4116584, "incomeBeforeTax": 126894899, "incomeBeforeTaxRatio": 0.921503851, "incomeTaxExpense": -826437, "netIncome": 127721336, "netIncomeRatio": 0.9275053916, "eps": 1.34, "epsdiluted": 1.34, "weightedAverageShsOut": 67676498, "weightedAverageShsOutDil": 67676498, "link": "https://www.sec.gov/Archives/edgar/data/1287750/000104746908001879/0001047469-08-001879-index.htm", "finalLink": "https://www.sec.gov/Archives/edgar/data/1287750/000104746908001879/a2183078z10-k.htm", "calculatedOtherExpenses": 33182616, "calculatedOperatingExpenses": 43581533, "calculatedNetInterest": 128490319, "calculatedOtherIncome": -95718031, "calculatedIncomeNonControlling": 0, "calculatedEbitda": 94532939}, {"date": "2006-12-31", "symbol": "ARCC", "reportedCurrency": "USD", "cik": "0001287750", "fillingDate": "2007-03-08", "acceptedDate": "2007-03-08 08:07:27", "calendarYear": "2006", "period": "FY", "revenue": 99896629, "costOfRevenue": 0, "grossProfit": 99896629, "grossProfitRatio": 1, "researchAndDevelopmentExpenses": 0, "generalAndAdministrativeExpenses": 6427641, "sellingAndMarketingExpenses": 0, "sellingGeneralAndAdministrativeExpenses": 6427641, "otherExpenses": 258563, "operatingExpenses": 6686204, "costAndExpenses": 58458015, "interestIncome": 100750189, "interestExpense": 18609694, "depreciationAndAmortization": 258563, "ebitda": 93494867, "ebitdaratio": 0.9359161359, "operatingIncome": 61562893, "operatingIncomeRatio": 0.6162659703, "totalOtherIncomeExpensesNet": 13063717, "incomeBeforeTax": 93210425, "incomeBeforeTaxRatio": 0.9330687725, "incomeTaxExpense": 4931288, "netIncome": 88279137, "netIncomeRatio": 0.8837048646, "eps": 1.58, "epsdiluted": 1.58, "weightedAverageShsOut": 43978853, "weightedAverageShsOutDil": 43978853, "link": "https://www.sec.gov/Archives/edgar/data/1287750/000104746907001639/0001047469-07-001639-index.htm", "finalLink": "https://www.sec.gov/Archives/edgar/data/1287750/000104746907001639/a2176519z10-k.htm", "calculatedOtherExpenses": 31906095, "calculatedOperatingExpenses": 38333736, "calculatedNetInterest": 82140495, "calculatedOtherIncome": -50492963, "calculatedIncomeNonControlling": 0, "calculatedEbitda": 61821456}, {"date": "2005-12-31", "symbol": "ARCC", "reportedCurrency": "USD", "cik": "0001287750", "fillingDate": "2006-02-28", "acceptedDate": "2006-02-28 06:27:30", "calendarYear": "2005", "period": "FY", "revenue": 41850477, "costOfRevenue": 0, "grossProfit": 41850477, "grossProfitRatio": 1, "researchAndDevelopmentExpenses": 0, "generalAndAdministrativeExpenses": 1398125, "sellingAndMarketingExpenses": -510044, "sellingGeneralAndAdministrativeExpenses": 888081, "otherExpenses": 13838596, "operatingExpenses": 14726677, "costAndExpenses": 14726677, "interestIncome": 0, "interestExpense": 0, "depreciationAndAmortization": 14727276, "ebitda": 41851076, "ebitdaratio": 1.0000143129, "operatingIncome": 27123800, "operatingIncomeRatio": 0.6481120872, "totalOtherIncomeExpensesNet": 0, "incomeBeforeTax": 0, "incomeBeforeTaxRatio": 0, "incomeTaxExpense": -14727276, "netIncome": 41851076, "netIncomeRatio": 1.0000143129, "eps": 1.78, "epsdiluted": 1.78, "weightedAverageShsOut": 23487935, "weightedAverageShsOutDil": 23487935, "link": "https://www.sec.gov/Archives/edgar/data/1287750/000110465906012366/0001104659-06-012366-index.htm", "finalLink": "https://www.sec.gov/Archives/edgar/data/1287750/000110465906012366/a06-2137_110k.htm", "calculatedOtherExpenses": 13838596, "calculatedOperatingExpenses": 14726677, "calculatedNetInterest": 0, "calculatedOtherIncome": -27123800, "calculatedIncomeNonControlling": -27123800, "calculatedEbitda": 41851076}, {"date": "2004-12-31", "symbol": "ARCC", "reportedCurrency": "USD", "cik": "0001287750", "fillingDate": "2005-03-30", "acceptedDate": "2005-03-30 17:11:38", "calendarYear": "2004", "period": "FY", "revenue": 4380848, "costOfRevenue": 0, "grossProfit": 4380848, "grossProfitRatio": 1, "researchAndDevelopmentExpenses": 0, "generalAndAdministrativeExpenses": 0, "sellingAndMarketingExpenses": 0, "sellingGeneralAndAdministrativeExpenses": 135941, "otherExpenses": 1529812, "operatingExpenses": 1665753, "costAndExpenses": 1665753, "interestIncome": 0, "interestExpense": 0, "depreciationAndAmortization": 475393, "ebitda": 3190488, "ebitdaratio": 0.7282809173, "operatingIncome": 2715095, "operatingIncomeRatio": 0.6197647122, "totalOtherIncomeExpensesNet": 0, "incomeBeforeTax": 0, "incomeBeforeTaxRatio": 0, "incomeTaxExpense": -475393, "netIncome": 3190488, "netIncomeRatio": 0.7282809173, "eps": 0.29, "epsdiluted": 0.29, "weightedAverageShsOut": 11066767, "weightedAverageShsOutDil": 11066767, "link": "https://www.sec.gov/Archives/edgar/data/1287750/000110465905013856/0001104659-05-013856-index.htm", "finalLink": "https://www.sec.gov/Archives/edgar/data/1287750/000110465905013856/a05-5669_110k.htm", "calculatedOtherExpenses": 1529812, "calculatedOperatingExpenses": 1665753, "calculatedNetInterest": 0, "calculatedOtherIncome": -2715095, "calculatedIncomeNonControlling": -2715095, "calculatedEbitda": 3190488}]}