{"originalCurrency": "USD", "convertedCurrency": "USD", "report": [{"date": "2023-12-31", "symbol": "ARCH", "reportedCurrency": "USD", "cik": "0001037676", "fillingDate": "2024-02-15", "acceptedDate": "2024-02-15 15:19:35", "calendarYear": "2023", "period": "FY", "revenue": 3145843000, "costOfRevenue": 2509544000, "grossProfit": 636299000, "grossProfitRatio": 0.2022666103, "researchAndDevelopmentExpenses": 0, "generalAndAdministrativeExpenses": 0, "sellingAndMarketingExpenses": 0, "sellingGeneralAndAdministrativeExpenses": 98871000, "otherExpenses": 3786000, "operatingExpenses": 98871000, "costAndExpenses": 2608415000, "interestIncome": 17289000, "interestExpense": 14821000, "depreciationAndAmortization": 167588000, "ebitda": 705016000, "ebitdaratio": 0.2241103577, "operatingIncome": 537428000, "operatingIncomeRatio": 0.1708375148, "totalOtherIncomeExpensesNet": 14124000, "incomeBeforeTax": 551552000, "incomeBeforeTaxRatio": 0.1753272493, "incomeTaxExpense": 87514000, "netIncome": 464038000, "netIncomeRatio": 0.1475083149, "eps": 25.45, "epsdiluted": 24.19, "weightedAverageShsOut": 18233000, "weightedAverageShsOutDil": 19183000, "link": "https://www.sec.gov/Archives/edgar/data/1037676/000155837024001229/0001558370-24-001229-index.htm", "finalLink": "https://www.sec.gov/Archives/edgar/data/1037676/000155837024001229/arch-20231231x10k.htm", "calculatedOtherExpenses": 0, "calculatedOperatingExpenses": 98871000, "calculatedNetInterest": 2468000, "calculatedOtherIncome": 11656000, "calculatedIncomeNonControlling": 0, "calculatedEbitda": 705016000}, {"date": "2022-12-31", "symbol": "ARCH", "reportedCurrency": "USD", "cik": "0001037676", "fillingDate": "2023-02-16", "acceptedDate": "2023-02-16 16:29:56", "calendarYear": "2022", "period": "FY", "revenue": 3724593000, "costOfRevenue": 2338863000, "grossProfit": 1385730000, "grossProfitRatio": 0.3720487044, "researchAndDevelopmentExpenses": 0, "generalAndAdministrativeExpenses": 0, "sellingAndMarketingExpenses": 0, "sellingGeneralAndAdministrativeExpenses": 105355000, "otherExpenses": 169690000, "operatingExpenses": 275045000, "costAndExpenses": 2613908000, "interestIncome": 7299000, "interestExpense": 20461000, "depreciationAndAmortization": 139032000, "ebitda": 1248443000, "ebitdaratio": 0.3351891066, "operatingIncome": 1109411000, "operatingIncomeRatio": 0.2978610012, "totalOtherIncomeExpensesNet": -30423000, "incomeBeforeTax": 1078988000, "incomeBeforeTaxRatio": 0.2896928604, "incomeTaxExpense": -251926000, "netIncome": 1330914000, "netIncomeRatio": 0.3573313916, "eps": 77.67, "epsdiluted": 63.88, "weightedAverageShsOut": 17136000, "weightedAverageShsOutDil": 20985000, "link": "https://www.sec.gov/Archives/edgar/data/1037676/000155837023001458/0001558370-23-001458-index.htm", "finalLink": "https://www.sec.gov/Archives/edgar/data/1037676/000155837023001458/arch-20221231x10k.htm", "calculatedOtherExpenses": 170964000, "calculatedOperatingExpenses": 276319000, "calculatedNetInterest": -13162000, "calculatedOtherIncome": -17261000, "calculatedIncomeNonControlling": 0, "calculatedEbitda": 1248443000}, {"date": "2021-12-31", "symbol": "ARCH", "reportedCurrency": "USD", "cik": "0001037676", "fillingDate": "2022-02-16", "acceptedDate": "2022-02-16 12:11:42", "calendarYear": "2021", "period": "FY", "revenue": 2208042000, "costOfRevenue": 1579836000, "grossProfit": 628206000, "grossProfitRatio": 0.2845081751, "researchAndDevelopmentExpenses": 0, "generalAndAdministrativeExpenses": 0, "sellingAndMarketingExpenses": 0, "sellingGeneralAndAdministrativeExpenses": 92342000, "otherExpenses": 146901000, "operatingExpenses": 239243000, "costAndExpenses": 1819079000, "interestIncome": 628000, "interestExpense": 23972000, "depreciationAndAmortization": 138449000, "ebitda": 505579000, "ebitdaratio": 0.2289716409, "operatingIncome": 367130000, "operatingIncomeRatio": 0.1662694822, "totalOtherIncomeExpensesNet": -27683000, "incomeBeforeTax": 339447000, "incomeBeforeTaxRatio": 0.1537321301, "incomeTaxExpense": 1874000, "netIncome": 337573000, "netIncomeRatio": 0.1528834144, "eps": 22.04, "epsdiluted": 19.2, "weightedAverageShsOut": 15318000, "weightedAverageShsOutDil": 17579000, "link": "https://www.sec.gov/Archives/edgar/data/1037676/000155837022001243/0001558370-22-001243-index.htm", "finalLink": "https://www.sec.gov/Archives/edgar/data/1037676/000155837022001243/arch-20211231x10k.htm", "calculatedOtherExpenses": 168734000, "calculatedOperatingExpenses": 261076000, "calculatedNetInterest": -23344000, "calculatedOtherIncome": -4339000, "calculatedIncomeNonControlling": 0, "calculatedEbitda": 505579000}, {"date": "2020-12-31", "symbol": "ARCH", "reportedCurrency": "USD", "cik": "0001037676", "fillingDate": "2021-02-12", "acceptedDate": "2021-02-12 16:02:54", "calendarYear": "2020", "period": "FY", "revenue": 1467592000, "costOfRevenue": 1378479000, "grossProfit": 89113000, "grossProfitRatio": 0.0607205545, "researchAndDevelopmentExpenses": 0, "generalAndAdministrativeExpenses": 0, "sellingAndMarketingExpenses": 0, "sellingGeneralAndAdministrativeExpenses": 82397000, "otherExpenses": 119193000, "operatingExpenses": 201590000, "costAndExpenses": 1580069000, "interestIncome": 3808000, "interestExpense": 14432000, "depreciationAndAmortization": 105389000, "ebitda": -7088000, "ebitdaratio": -0.0048296802, "operatingIncome": -112477000, "operatingIncomeRatio": -0.0766405104, "totalOtherIncomeExpensesNet": -232145000, "incomeBeforeTax": -344622000, "incomeBeforeTaxRatio": -0.2348213945, "incomeTaxExpense": -7000, "netIncome": -344615000, "netIncomeRatio": -0.2348166248, "eps": -22.74, "epsdiluted": -22.74, "weightedAverageShsOut": 15153000, "weightedAverageShsOutDil": 15153000, "link": "https://www.sec.gov/Archives/edgar/data/1037676/000155837021000957/0001558370-21-000957-index.htm", "finalLink": "https://www.sec.gov/Archives/edgar/data/1037676/000155837021000957/arch-20201231x10k.htm", "calculatedOtherExpenses": 119193000, "calculatedOperatingExpenses": 201590000, "calculatedNetInterest": -10624000, "calculatedOtherIncome": -221521000, "calculatedIncomeNonControlling": 0, "calculatedEbitda": -7088000}, {"date": "2019-12-31", "symbol": "ARCH", "reportedCurrency": "USD", "cik": "0001037676", "fillingDate": "2020-02-11", "acceptedDate": "2020-02-11 15:48:28", "calendarYear": "2019", "period": "FY", "revenue": 2294352000, "costOfRevenue": 1873017000, "grossProfit": 421335000, "grossProfitRatio": 0.1836400866, "researchAndDevelopmentExpenses": 0, "generalAndAdministrativeExpenses": 0, "sellingAndMarketingExpenses": 0, "sellingGeneralAndAdministrativeExpenses": 95781000, "otherExpenses": 113157000, "operatingExpenses": 208938000, "costAndExpenses": 2081955000, "interestIncome": 9691000, "interestExpense": 16485000, "depreciationAndAmortization": 75404000, "ebitda": 318274000, "ebitdaratio": 0.1387206497, "operatingIncome": 242870000, "operatingIncomeRatio": 0.1058555967, "totalOtherIncomeExpensesNet": -8823000, "incomeBeforeTax": 234047000, "incomeBeforeTaxRatio": 0.1020100665, "incomeTaxExpense": 248000, "netIncome": 233799000, "netIncomeRatio": 0.1019019749, "eps": 14.42, "epsdiluted": 13.52, "weightedAverageShsOut": 16218000, "weightedAverageShsOutDil": 17298000, "link": "https://www.sec.gov/Archives/edgar/data/1037676/000162828020001344/0001628280-20-001344-index.htm", "finalLink": "https://www.sec.gov/Archives/edgar/data/1037676/000162828020001344/aci-20191231x10k.htm", "calculatedOtherExpenses": 82684000, "calculatedOperatingExpenses": 178465000, "calculatedNetInterest": -6794000, "calculatedOtherIncome": -2029000, "calculatedIncomeNonControlling": 0, "calculatedEbitda": 318274000}, {"date": "2018-12-31", "symbol": "ARCH", "reportedCurrency": "USD", "cik": "0001037676", "fillingDate": "2019-02-14", "acceptedDate": "2019-02-14 16:21:18", "calendarYear": "2018", "period": "FY", "revenue": 2451787000, "costOfRevenue": 1925202000, "grossProfit": 526585000, "grossProfitRatio": 0.2147759981, "researchAndDevelopmentExpenses": 0, "generalAndAdministrativeExpenses": 0, "sellingAndMarketingExpenses": 0, "sellingGeneralAndAdministrativeExpenses": 100300000, "otherExpenses": -3202000, "operatingExpenses": 238329000, "costAndExpenses": 2163531000, "interestIncome": 6782000, "interestExpense": 20471000, "depreciationAndAmortization": 119563000, "ebitda": 411399000, "ebitdaratio": 0.1677955711, "operatingIncome": 279138000, "operatingIncomeRatio": 0.1138508361, "totalOtherIncomeExpensesNet": -14466000, "incomeBeforeTax": 260101000, "incomeBeforeTaxRatio": 0.1060862954, "incomeTaxExpense": -52476000, "netIncome": 312577000, "netIncomeRatio": 0.1274894597, "eps": 15.9, "epsdiluted": 15.15, "weightedAverageShsOut": 19663000, "weightedAverageShsOutDil": 20629000, "link": "https://www.sec.gov/Archives/edgar/data/1037676/000162828019001406/0001628280-19-001406-index.htm", "finalLink": "https://www.sec.gov/Archives/edgar/data/1037676/000162828019001406/aci-20181231x10k.htm", "calculatedOtherExpenses": 147147000, "calculatedOperatingExpenses": 247447000, "calculatedNetInterest": -13689000, "calculatedOtherIncome": -5348000, "calculatedIncomeNonControlling": 0, "calculatedEbitda": 398701000}, {"date": "2017-12-31", "symbol": "ARCH", "reportedCurrency": "USD", "cik": "0001037676", "fillingDate": "2018-02-23", "acceptedDate": "2018-02-23 11:44:29", "calendarYear": "2017", "period": "FY", "revenue": 2324623000, "costOfRevenue": 1843093000, "grossProfit": 481530000, "grossProfitRatio": 0.2071432658, "researchAndDevelopmentExpenses": 0, "generalAndAdministrativeExpenses": 0, "sellingAndMarketingExpenses": 0, "sellingGeneralAndAdministrativeExpenses": 86821000, "otherExpenses": 176388000, "operatingExpenses": 263209000, "costAndExpenses": 2106302000, "interestIncome": 2649000, "interestExpense": 26905000, "depreciationAndAmortization": 122464000, "ebitda": 343434000, "ebitdaratio": 0.1477375041, "operatingIncome": 232396000, "operatingIncomeRatio": 0.0999714792, "totalOtherIncomeExpensesNet": 9130000, "incomeBeforeTax": 203195000, "incomeBeforeTaxRatio": 0.0874098725, "incomeTaxExpense": -35255000, "netIncome": 238450000, "netIncomeRatio": 0.1025757725, "eps": 10.05, "epsdiluted": 9.84, "weightedAverageShsOut": 23725000, "weightedAverageShsOutDil": 24240000, "link": "https://www.sec.gov/Archives/edgar/data/1037676/000162828018002109/0001628280-18-002109-index.htm", "finalLink": "https://www.sec.gov/Archives/edgar/data/1037676/000162828018002109/aci-20171231x10k.htm", "calculatedOtherExpenses": 162313000, "calculatedOperatingExpenses": 249134000, "calculatedNetInterest": -24256000, "calculatedOtherIncome": -4945000, "calculatedIncomeNonControlling": 0, "calculatedEbitda": 354860000}, {"date": "2016-12-31", "symbol": "ARCH", "reportedCurrency": "USD", "cik": "0001037676", "fillingDate": "2017-02-24", "acceptedDate": "2017-02-24 12:18:20", "calendarYear": "2016", "period": "FY", "revenue": 1974397000, "costOfRevenue": 1735108000, "grossProfit": 239289000, "grossProfitRatio": 0.1211959905, "researchAndDevelopmentExpenses": 0, "generalAndAdministrativeExpenses": 0, "sellingAndMarketingExpenses": 0, "sellingGeneralAndAdministrativeExpenses": 82179000, "otherExpenses": 235611000, "operatingExpenses": 317790000, "costAndExpenses": 2052898000, "interestIncome": 3140000, "interestExpense": 147129000, "depreciationAndAmortization": 224185000, "ebitda": 148824000, "ebitdaratio": 0.0753769379, "operatingIncome": -211020000, "operatingIncomeRatio": -0.1068782013, "totalOtherIncomeExpensesNet": 1494550000, "incomeBeforeTax": 1272060000, "incomeBeforeTaxRatio": 0.6442777212, "incomeTaxExpense": -3470000, "netIncome": 1275530000, "netIncomeRatio": 0.6460352199, "eps": 57.4, "epsdiluted": 57.4, "weightedAverageShsOut": 22220250, "weightedAverageShsOutDil": 22352000, "link": "https://www.sec.gov/Archives/edgar/data/1037676/000162828017001690/0001628280-17-001690-index.htm", "finalLink": "https://www.sec.gov/Archives/edgar/data/1037676/000162828017001690/aci-20161231x10k.htm", "calculatedOtherExpenses": 368130000, "calculatedOperatingExpenses": 450309000, "calculatedNetInterest": -143989000, "calculatedOtherIncome": 1627069000, "calculatedIncomeNonControlling": 0, "calculatedEbitda": 13165000}, {"date": "2015-12-31", "symbol": "ARCH", "reportedCurrency": "USD", "cik": "0001037676", "fillingDate": "2016-03-15", "acceptedDate": "2016-03-15 14:51:05", "calendarYear": "2015", "period": "FY", "revenue": 2573260000, "costOfRevenue": 2206433000, "grossProfit": 366827000, "grossProfitRatio": 0.1425534147, "researchAndDevelopmentExpenses": 0, "generalAndAdministrativeExpenses": 0, "sellingAndMarketingExpenses": 0, "sellingGeneralAndAdministrativeExpenses": 98783000, "otherExpenses": 390044000, "operatingExpenses": 488827000, "costAndExpenses": 2695260000, "interestIncome": 4430000, "interestExpense": 397979000, "depreciationAndAmortization": 379345000, "ebitda": 261775000, "ebitdaratio": 0.1017289353, "operatingIncome": -2865063000, "operatingIncomeRatio": -1.1133981797, "totalOtherIncomeExpensesNet": -2770973000, "incomeBeforeTax": -3286522000, "incomeBeforeTaxRatio": -1.2771822513, "incomeTaxExpense": -373380000, "netIncome": -2913142000, "netIncomeRatio": -1.1320822614, "eps": -136.86, "epsdiluted": -136.86, "weightedAverageShsOut": 21285000, "weightedAverageShsOutDil": 21285000, "link": "https://www.sec.gov/Archives/edgar/data/1037676/000110465916105176/0001104659-16-105176-index.htm", "finalLink": "https://www.sec.gov/Archives/edgar/data/1037676/000110465916105176/a15-23239_210k.htm", "calculatedOtherExpenses": 3133107000, "calculatedOperatingExpenses": 3231890000, "calculatedNetInterest": -393549000, "calculatedOtherIncome": -27910000, "calculatedIncomeNonControlling": 0, "calculatedEbitda": -2485718000}, {"date": "2014-12-31", "symbol": "ARCH", "reportedCurrency": "USD", "cik": "0001037676", "fillingDate": "2015-02-27", "acceptedDate": "2015-02-27 17:13:08", "calendarYear": "2014", "period": "FY", "revenue": 2937119000, "costOfRevenue": 2566193000, "grossProfit": 370926000, "grossProfitRatio": 0.1262890608, "researchAndDevelopmentExpenses": 0, "generalAndAdministrativeExpenses": 0, "sellingAndMarketingExpenses": 0, "sellingGeneralAndAdministrativeExpenses": 114223000, "otherExpenses": 385807000, "operatingExpenses": 500030000, "costAndExpenses": 3066223000, "interestIncome": 7758000, "interestExpense": 390946000, "depreciationAndAmortization": 418748000, "ebitda": 297402000, "ebitdaratio": 0.1012563672, "operatingIncome": -149531000, "operatingIncomeRatio": -0.0509107734, "totalOtherIncomeExpensesNet": -20427000, "incomeBeforeTax": -532719000, "incomeBeforeTaxRatio": -0.1813746736, "incomeTaxExpense": 25634000, "netIncome": -558353000, "netIncomeRatio": -0.1901022737, "eps": -26.31, "epsdiluted": -26.31, "weightedAverageShsOut": 21222000, "weightedAverageShsOutDil": 21222100, "link": "https://www.sec.gov/Archives/edgar/data/1037676/000104746915001419/0001047469-15-001419-index.htm", "finalLink": "https://www.sec.gov/Archives/edgar/data/1037676/000104746915001419/a2223254z10-k.htm", "calculatedOtherExpenses": 406234000, "calculatedOperatingExpenses": 520457000, "calculatedNetInterest": -383188000, "calculatedOtherIncome": 0, "calculatedIncomeNonControlling": 0, "calculatedEbitda": 269217000}, {"date": "2013-12-31", "symbol": "ARCH", "reportedCurrency": "USD", "cik": "0001037676", "fillingDate": "2014-02-28", "acceptedDate": "2014-02-28 17:29:16", "calendarYear": "2013", "period": "FY", "revenue": 3014357000, "costOfRevenue": 2663136000, "grossProfit": 351221000, "grossProfitRatio": 0.1165160596, "researchAndDevelopmentExpenses": 0, "generalAndAdministrativeExpenses": 0, "sellingAndMarketingExpenses": 0, "sellingGeneralAndAdministrativeExpenses": 133448000, "otherExpenses": 419301000, "operatingExpenses": 520215000, "costAndExpenses": 3183351000, "interestIncome": 6603000, "interestExpense": 381267000, "depreciationAndAmortization": 447704000, "ebitda": 285313000, "ebitdaratio": 0.0946513635, "operatingIncome": -663141000, "operatingIncomeRatio": -0.2199941812, "totalOtherIncomeExpensesNet": -537068000, "incomeBeforeTax": -1080726000, "incomeBeforeTaxRatio": -0.3585262131, "incomeTaxExpense": -335498000, "netIncome": -641832000, "netIncomeRatio": -0.2129250119, "eps": -30.27, "epsdiluted": -30.26, "weightedAverageShsOut": 21201365, "weightedAverageShsOutDil": 21209800, "link": "https://www.sec.gov/Archives/edgar/data/1037676/000104746914001604/0001047469-14-001604-index.htm", "finalLink": "https://www.sec.gov/Archives/edgar/data/1037676/000104746914001604/a2218540z10-k.htm", "calculatedOtherExpenses": 880914000, "calculatedOperatingExpenses": 1014362000, "calculatedNetInterest": -374664000, "calculatedOtherIncome": -42921000, "calculatedIncomeNonControlling": -103396000, "calculatedEbitda": -215437000}, {"date": "2012-12-31", "symbol": "ARCH", "reportedCurrency": "USD", "cik": "0001037676", "fillingDate": "2013-03-01", "acceptedDate": "2013-03-01 15:12:25", "calendarYear": "2012", "period": "FY", "revenue": 4159038000, "costOfRevenue": 3438013000, "grossProfit": 721025000, "grossProfitRatio": 0.1733634076, "researchAndDevelopmentExpenses": 0, "generalAndAdministrativeExpenses": 0, "sellingAndMarketingExpenses": 0, "sellingGeneralAndAdministrativeExpenses": 134299000, "otherExpenses": 480100000, "operatingExpenses": 570409000, "costAndExpenses": 4008422000, "interestIncome": 5478000, "interestExpense": 317626000, "depreciationAndAmortization": 525508000, "ebitda": 681602000, "ebitdaratio": 0.1638845329, "operatingIncome": -681588000, "operatingIncomeRatio": -0.1638811668, "totalOtherIncomeExpensesNet": -855872000, "incomeBeforeTax": -1017404000, "incomeBeforeTaxRatio": -0.2446248387, "incomeTaxExpense": -333717000, "netIncome": -683955000, "netIncomeRatio": -0.1644502887, "eps": -32.38, "epsdiluted": -32.36, "weightedAverageShsOut": 21119514, "weightedAverageShsOutDil": 21138100, "link": "https://www.sec.gov/Archives/edgar/data/1037676/000104746913002059/0001047469-13-002059-index.htm", "finalLink": "https://www.sec.gov/Archives/edgar/data/1037676/000104746913002059/a2213264z10-k.htm", "calculatedOtherExpenses": 1268314000, "calculatedOperatingExpenses": 1402613000, "calculatedNetInterest": -312148000, "calculatedOtherIncome": -23668000, "calculatedIncomeNonControlling": 268000, "calculatedEbitda": -156080000}, {"date": "2011-12-31", "symbol": "ARCH", "reportedCurrency": "USD", "cik": "0001037676", "fillingDate": "2012-02-29", "acceptedDate": "2012-02-29 16:25:29", "calendarYear": "2011", "period": "FY", "revenue": 4285895000, "costOfRevenue": 3267910000, "grossProfit": 1017985000, "grossProfitRatio": 0.2375198179, "researchAndDevelopmentExpenses": 0, "generalAndAdministrativeExpenses": 0, "sellingAndMarketingExpenses": 0, "sellingGeneralAndAdministrativeExpenses": 119056000, "otherExpenses": 430677000, "operatingExpenses": 549733000, "costAndExpenses": 3817643000, "interestIncome": 3309000, "interestExpense": 230186000, "depreciationAndAmortization": 466587000, "ebitda": 938148000, "ebitdaratio": 0.2188919701, "operatingIncome": 413576000, "operatingIncomeRatio": 0.0964969977, "totalOtherIncomeExpensesNet": -106124000, "incomeBeforeTax": 135251000, "incomeBeforeTaxRatio": 0.031557236, "incomeTaxExpense": -7589000, "netIncome": 141683000, "netIncomeRatio": 0.0330579727, "eps": 7.5, "epsdiluted": 7.4, "weightedAverageShsOut": 19008600, "weightedAverageShsOutDil": 19090500, "link": "https://www.sec.gov/Archives/edgar/data/1037676/000104746912001909/0001047469-12-001909-index.htm", "finalLink": "https://www.sec.gov/Archives/edgar/data/1037676/000104746912001909/a2207536z10-k.htm", "calculatedOtherExpenses": 485353000, "calculatedOperatingExpenses": 604409000, "calculatedNetInterest": -226877000, "calculatedOtherIncome": -51448000, "calculatedIncomeNonControlling": 1157000, "calculatedEbitda": 880163000}, {"date": "2010-12-31", "symbol": "ARCH", "reportedCurrency": "USD", "cik": "0001037676", "fillingDate": "2011-03-01", "acceptedDate": "2011-03-01 16:58:43", "calendarYear": "2010", "period": "FY", "revenue": 3186268000, "costOfRevenue": 2395812000, "grossProfit": 790456000, "grossProfitRatio": 0.2480820822, "researchAndDevelopmentExpenses": 0, "generalAndAdministrativeExpenses": 0, "sellingAndMarketingExpenses": 0, "sellingGeneralAndAdministrativeExpenses": 118177000, "otherExpenses": 348295000, "operatingExpenses": 466472000, "costAndExpenses": 2862284000, "interestIncome": 2449000, "interestExpense": 142549000, "depreciationAndAmortization": 365066000, "ebitda": 727105000, "ebitdaratio": 0.2281995739, "operatingIncome": 323984000, "operatingIncomeRatio": 0.1016813401, "totalOtherIncomeExpensesNet": -6776000, "incomeBeforeTax": 177108000, "incomeBeforeTaxRatio": 0.0555847782, "incomeTaxExpense": 17714000, "netIncome": 158857000, "netIncomeRatio": 0.0498567603, "eps": 9.8, "epsdiluted": 9.7, "weightedAverageShsOut": 16239800, "weightedAverageShsOutDil": 16321000, "link": "https://www.sec.gov/Archives/edgar/data/1037676/000095012311020753/0000950123-11-020753-index.htm", "finalLink": "https://www.sec.gov/Archives/edgar/data/1037676/000095012311020753/c62065e10vk.htm", "calculatedOtherExpenses": 348295000, "calculatedOperatingExpenses": 466472000, "calculatedNetInterest": -140100000, "calculatedOtherIncome": -6776000, "calculatedIncomeNonControlling": 537000, "calculatedEbitda": 689050000}, {"date": "2009-12-31", "symbol": "ARCH", "reportedCurrency": "USD", "cik": "0001037676", "fillingDate": "2010-03-01", "acceptedDate": "2010-03-01 16:36:22", "calendarYear": "2009", "period": "FY", "revenue": 2576081000, "costOfRevenue": 2070715000, "grossProfit": 505366000, "grossProfitRatio": 0.1961762848, "researchAndDevelopmentExpenses": 0, "generalAndAdministrativeExpenses": 0, "sellingAndMarketingExpenses": 0, "sellingGeneralAndAdministrativeExpenses": 97787000, "otherExpenses": 270139000, "operatingExpenses": 367926000, "costAndExpenses": 2438641000, "interestIncome": 7622000, "interestExpense": 105932000, "depreciationAndAmortization": 321231000, "ebitda": 466293000, "ebitdaratio": 0.1810086717, "operatingIncome": 123714000, "operatingIncomeRatio": 0.048024111, "totalOtherIncomeExpensesNet": -13726000, "incomeBeforeTax": 25404000, "incomeBeforeTaxRatio": 0.0098614912, "incomeTaxExpense": -16775000, "netIncome": 42169000, "netIncomeRatio": 0.0163694387, "eps": 2.8, "epsdiluted": 2.8, "weightedAverageShsOut": 15096300, "weightedAverageShsOutDil": 15127200, "link": "https://www.sec.gov/Archives/edgar/data/1037676/000095012310019343/0000950123-10-019343-index.htm", "finalLink": "https://www.sec.gov/Archives/edgar/data/1037676/000095012310019343/c55409e10vk.htm", "calculatedOtherExpenses": 283865000, "calculatedOperatingExpenses": 381652000, "calculatedNetInterest": -98310000, "calculatedOtherIncome": 0, "calculatedIncomeNonControlling": 10000, "calculatedEbitda": 444945000}, {"date": "2008-12-31", "symbol": "ARCH", "reportedCurrency": "USD", "cik": "0001037676", "fillingDate": "2009-02-27", "acceptedDate": "2009-02-27 15:05:20", "calendarYear": "2008", "period": "FY", "revenue": 2983806000, "costOfRevenue": 2183922000, "grossProfit": 799884000, "grossProfitRatio": 0.2680750692, "researchAndDevelopmentExpenses": 0, "generalAndAdministrativeExpenses": 0, "sellingAndMarketingExpenses": 0, "sellingGeneralAndAdministrativeExpenses": 107121000, "otherExpenses": 232374000, "operatingExpenses": 339495000, "costAndExpenses": 2523417000, "interestIncome": 11854000, "interestExpense": 76139000, "depreciationAndAmortization": 292848000, "ebitda": 765091000, "ebitdaratio": 0.2564144586, "operatingIncome": 460389000, "operatingIncomeRatio": 0.1542958892, "totalOtherIncomeExpensesNet": -64285000, "incomeBeforeTax": 396104000, "incomeBeforeTaxRatio": 0.132751258, "incomeTaxExpense": 41774000, "netIncome": 354330000, "netIncomeRatio": 0.118751018, "eps": 24.7, "epsdiluted": 24.5, "weightedAverageShsOut": 14360400, "weightedAverageShsOutDil": 14441600, "link": "https://www.sec.gov/Archives/edgar/data/1037676/000095015209001922/0000950152-09-001922-index.htm", "finalLink": "https://www.sec.gov/Archives/edgar/data/1037676/000095015209001922/c48697e10vk.htm", "calculatedOtherExpenses": 232374000, "calculatedOperatingExpenses": 339495000, "calculatedNetInterest": -64285000, "calculatedOtherIncome": 0, "calculatedIncomeNonControlling": 0, "calculatedEbitda": 753237000}, {"date": "2007-12-31", "symbol": "ARCH", "reportedCurrency": "USD", "cik": "0001037676", "fillingDate": "2008-02-29", "acceptedDate": "2008-02-29 13:41:46", "calendarYear": "2007", "period": "FY", "revenue": 2413644000, "costOfRevenue": 1888285000, "grossProfit": 525359000, "grossProfitRatio": 0.2176621739, "researchAndDevelopmentExpenses": 0, "generalAndAdministrativeExpenses": 0, "sellingAndMarketingExpenses": 0, "sellingGeneralAndAdministrativeExpenses": 84446000, "otherExpenses": 211296000, "operatingExpenses": 295742000, "costAndExpenses": 2184027000, "interestIncome": 2600000, "interestExpense": -74865000, "depreciationAndAmortization": 242062000, "ebitda": 443186000, "ebitdaratio": 0.1836169709, "operatingIncome": 229617000, "operatingIncomeRatio": 0.0951329194, "totalOtherIncomeExpensesNet": 28493000, "incomeBeforeTax": 155079000, "incomeBeforeTaxRatio": 0.0642509832, "incomeTaxExpense": -19850000, "netIncome": 174929000, "netIncomeRatio": 0.0724750626, "eps": 12.3, "epsdiluted": 12.1, "weightedAverageShsOut": 14251800, "weightedAverageShsOutDil": 14401900, "link": "https://www.sec.gov/Archives/edgar/data/1037676/000095013708003067/0000950137-08-003067-index.htm", "finalLink": "https://www.sec.gov/Archives/edgar/data/1037676/000095013708003067/c21942e10vk.htm", "calculatedOtherExpenses": 211296000, "calculatedOperatingExpenses": 295742000, "calculatedNetInterest": 77465000, "calculatedOtherIncome": -152003000, "calculatedIncomeNonControlling": 0, "calculatedEbitda": 471679000}, {"date": "2006-12-31", "symbol": "ARCH", "reportedCurrency": "USD", "cik": "0001037676", "fillingDate": "2007-03-01", "acceptedDate": "2007-03-01 14:40:23", "calendarYear": "2006", "period": "FY", "revenue": 2500431000, "costOfRevenue": 1909822000, "grossProfit": 590609000, "grossProfitRatio": 0.2362028786, "researchAndDevelopmentExpenses": 0, "generalAndAdministrativeExpenses": 0, "sellingAndMarketingExpenses": 0, "sellingGeneralAndAdministrativeExpenses": 75388000, "otherExpenses": 178554000, "operatingExpenses": 253942000, "costAndExpenses": 2163764000, "interestIncome": 3725000, "interestExpense": -64364000, "depreciationAndAmortization": 208354000, "ebitda": 522668000, "ebitdaratio": 0.209031163, "operatingIncome": 336667000, "operatingIncomeRatio": 0.1346435874, "totalOtherIncomeExpensesNet": 22353000, "incomeBeforeTax": 268581000, "incomeBeforeTaxRatio": 0.1074138818, "incomeTaxExpense": 7650000, "netIncome": 260931000, "netIncomeRatio": 0.1043544093, "eps": 18.3, "epsdiluted": 18, "weightedAverageShsOut": 14237869, "weightedAverageShsOutDil": 14475167, "link": "https://www.sec.gov/Archives/edgar/data/1037676/000095013707003097/0000950137-07-003097-index.htm", "finalLink": "https://www.sec.gov/Archives/edgar/data/1037676/000095013707003097/c11428e10vk.htm", "calculatedOtherExpenses": 178554000, "calculatedOperatingExpenses": 253942000, "calculatedNetInterest": 68089000, "calculatedOtherIncome": -136175000, "calculatedIncomeNonControlling": 0, "calculatedEbitda": 545021000}, {"date": "2005-12-31", "symbol": "ARCH", "reportedCurrency": "USD", "cik": "0001037676", "fillingDate": "2006-03-14", "acceptedDate": "2006-03-14 15:33:24", "calendarYear": "2005", "period": "FY", "revenue": 2508773000, "costOfRevenue": 2174007000, "grossProfit": 334766000, "grossProfitRatio": 0.1334381389, "researchAndDevelopmentExpenses": 0, "generalAndAdministrativeExpenses": 0, "sellingAndMarketingExpenses": 0, "sellingGeneralAndAdministrativeExpenses": 172551000, "otherExpenses": 84358000, "operatingExpenses": 256909000, "costAndExpenses": 2430916000, "interestIncome": 0, "interestExpense": 0, "depreciationAndAmortization": 212301000, "ebitda": 173479000, "ebitdaratio": 0.0691489425, "operatingIncome": 3473000, "operatingIncomeRatio": 0.0013843421, "totalOtherIncomeExpensesNet": 116679000, "incomeBeforeTax": 3473000, "incomeBeforeTaxRatio": 0.0013843421, "incomeTaxExpense": -34650000, "netIncome": 38123000, "netIncomeRatio": 0.0151958746, "eps": 1.8, "epsdiluted": 1.7, "weightedAverageShsOut": 6338200, "weightedAverageShsOutDil": 6437100, "link": "https://www.sec.gov/Archives/edgar/data/1037676/000095013706002989/0000950137-06-002989-index.htm", "finalLink": "https://www.sec.gov/Archives/edgar/data/1037676/000095013706002989/c03072e10vk.htm", "calculatedOtherExpenses": 158742000, "calculatedOperatingExpenses": 331293000, "calculatedNetInterest": 0, "calculatedOtherIncome": 0, "calculatedIncomeNonControlling": 0, "calculatedEbitda": 215774000}, {"date": "2004-12-31", "symbol": "ARCH", "reportedCurrency": "USD", "cik": "0001037676", "fillingDate": "2005-03-11", "acceptedDate": "2005-03-10 20:53:20", "calendarYear": "2004", "period": "FY", "revenue": 1907168000, "costOfRevenue": 1638284000, "grossProfit": 268884000, "grossProfitRatio": 0.1409860065, "researchAndDevelopmentExpenses": 0, "generalAndAdministrativeExpenses": 0, "sellingAndMarketingExpenses": 0, "sellingGeneralAndAdministrativeExpenses": 94095000, "otherExpenses": -3257000, "operatingExpenses": 90838000, "costAndExpenses": 1729122000, "interestIncome": 6130000, "interestExpense": -62634000, "depreciationAndAmortization": 166322000, "ebitda": 193583000, "ebitdaratio": 0.1015028566, "operatingIncome": 113576000, "operatingIncomeRatio": 0.0595521737, "totalOtherIncomeExpensesNet": 161613000, "incomeBeforeTax": 113576000, "incomeBeforeTaxRatio": 0.0595521737, "incomeTaxExpense": -130000, "netIncome": 113706000, "netIncomeRatio": 0.0596203376, "eps": 19.1, "epsdiluted": 17.8, "weightedAverageShsOut": 5576911, "weightedAverageShsOutDil": 5984213, "link": "https://www.sec.gov/Archives/edgar/data/1037676/000095013705002871/0000950137-05-002871-index.htm", "finalLink": "https://www.sec.gov/Archives/edgar/data/1037676/000095013705002871/c91583e10vk.htm", "calculatedOtherExpenses": 61213000, "calculatedOperatingExpenses": 155308000, "calculatedNetInterest": 68764000, "calculatedOtherIncome": -68764000, "calculatedIncomeNonControlling": 0, "calculatedEbitda": 279898000}, {"date": "2003-12-31", "symbol": "ARCH", "reportedCurrency": "USD", "cik": "0001037676", "fillingDate": "2004-03-08", "acceptedDate": "2004-03-08 15:29:47", "calendarYear": "2003", "period": "FY", "revenue": 1435488000, "costOfRevenue": 1418362000, "grossProfit": 17126000, "grossProfitRatio": 0.0119304376, "researchAndDevelopmentExpenses": 0, "generalAndAdministrativeExpenses": 0, "sellingAndMarketingExpenses": 0, "sellingGeneralAndAdministrativeExpenses": 82492000, "otherExpenses": -62994000, "operatingExpenses": 19498000, "costAndExpenses": 1437860000, "interestIncome": 2636000, "interestExpense": -50133000, "depreciationAndAmortization": 158464000, "ebitda": 63867000, "ebitdaratio": 0.04449149, "operatingIncome": -6524000, "operatingIncomeRatio": -0.0045447959, "totalOtherIncomeExpensesNet": 126615000, "incomeBeforeTax": -2870000, "incomeBeforeTaxRatio": -0.0019993201, "incomeTaxExpense": -23210000, "netIncome": 16686000, "netIncomeRatio": 0.0116239216, "eps": 1.9, "epsdiluted": 1.9, "weightedAverageShsOut": 5314211, "weightedAverageShsOutDil": 5314211, "link": "https://www.sec.gov/Archives/edgar/data/1037676/000095013704001558/0000950137-04-001558-index.htm", "finalLink": "https://www.sec.gov/Archives/edgar/data/1037676/000095013704001558/c83419e10vk.htm", "calculatedOtherExpenses": -58842000, "calculatedOperatingExpenses": 23650000, "calculatedNetInterest": 52769000, "calculatedOtherIncome": -49115000, "calculatedIncomeNonControlling": 3654000, "calculatedEbitda": 151940000}, {"date": "2002-12-31", "symbol": "ARCH", "reportedCurrency": "USD", "cik": "0001037676", "fillingDate": "2003-03-13", "acceptedDate": "2003-03-13 17:19:50", "calendarYear": "2002", "period": "FY", "revenue": 1534139000, "costOfRevenue": 1412541000, "grossProfit": 121598000, "grossProfitRatio": 0.0792613968, "researchAndDevelopmentExpenses": 0, "generalAndAdministrativeExpenses": 0, "sellingAndMarketingExpenses": 0, "sellingGeneralAndAdministrativeExpenses": 70137000, "otherExpenses": 22184000, "operatingExpenses": 92321000, "costAndExpenses": 1504862000, "interestIncome": 0, "interestExpense": 0, "depreciationAndAmortization": 174752000, "ebitda": 193937000, "ebitdaratio": 0.1264142297, "operatingIncome": -21562000, "operatingIncomeRatio": -0.014054789, "totalOtherIncomeExpensesNet": 10092000, "incomeBeforeTax": -21562000, "incomeBeforeTaxRatio": -0.014054789, "incomeTaxExpense": -19000000, "netIncome": -2562000, "netIncomeRatio": -0.0016699921, "eps": -0.5, "epsdiluted": -0.49, "weightedAverageShsOut": 5124000, "weightedAverageShsOutDil": 5274000, "link": "https://www.sec.gov/Archives/edgar/data/1037676/000095013403003881/0000950134-03-003881-index.htm", "finalLink": "https://www.sec.gov/Archives/edgar/data/1037676/000095013403003881/c75311e10vk.txt", "calculatedOtherExpenses": 73023000, "calculatedOperatingExpenses": 143160000, "calculatedNetInterest": 0, "calculatedOtherIncome": 0, "calculatedIncomeNonControlling": 0, "calculatedEbitda": 153190000}, {"date": "2001-12-31", "symbol": "ARCH", "reportedCurrency": "USD", "cik": "0001037676", "fillingDate": "2002-03-15", "acceptedDate": "2002-03-15 00:00:00", "calendarYear": "2001", "period": "FY", "revenue": 1462478000, "costOfRevenue": 1336788000, "grossProfit": 125690000, "grossProfitRatio": 0.0859431732, "researchAndDevelopmentExpenses": 0, "generalAndAdministrativeExpenses": 0, "sellingAndMarketingExpenses": 0, "sellingGeneralAndAdministrativeExpenses": 62024000, "otherExpenses": 1210000, "operatingExpenses": 63234000, "costAndExpenses": 1400022000, "interestIncome": 0, "interestExpense": 0, "depreciationAndAmortization": 177504000, "ebitda": 213710000, "ebitdaratio": 0.1461286939, "operatingIncome": 2509000, "operatingIncomeRatio": 0.0017155814, "totalOtherIncomeExpensesNet": 26250000, "incomeBeforeTax": 2509000, "incomeBeforeTaxRatio": 0.0017155814, "incomeTaxExpense": -4700000, "netIncome": 7209000, "netIncomeRatio": 0.0049293049, "eps": 1.5, "epsdiluted": 1.5, "weightedAverageShsOut": 4806000, "weightedAverageShsOutDil": 4806000, "link": "https://www.sec.gov/Archives/edgar/data/1037676/000095013602000709/0000950136-02-000709-index.htm", "finalLink": "https://www.sec.gov/Archives/edgar/data/1037676/000095013602000709/file001.txt", "calculatedOtherExpenses": 61157000, "calculatedOperatingExpenses": 123181000, "calculatedNetInterest": 0, "calculatedOtherIncome": 0, "calculatedIncomeNonControlling": 0, "calculatedEbitda": 180013000}, {"date": "2000-12-31", "symbol": "ARCH", "reportedCurrency": "USD", "cik": "0001037676", "fillingDate": "2001-03-16", "acceptedDate": "2001-03-16 00:00:00", "calendarYear": "2000", "period": "FY", "revenue": 1391784000, "costOfRevenue": 1075669000, "grossProfit": 316115000, "grossProfitRatio": 0.2271293534, "researchAndDevelopmentExpenses": 0, "generalAndAdministrativeExpenses": 0, "sellingAndMarketingExpenses": 0, "sellingGeneralAndAdministrativeExpenses": 53456000, "otherExpenses": 201512000, "operatingExpenses": 254968000, "costAndExpenses": 1330637000, "interestIncome": 0, "interestExpense": 0, "depreciationAndAmortization": 201512000, "ebitda": 249822000, "ebitdaratio": 0.1794976807, "operatingIncome": -16736000, "operatingIncomeRatio": -0.0120248544, "totalOtherIncomeExpensesNet": 12837000, "incomeBeforeTax": -16736000, "incomeBeforeTaxRatio": -0.0120248544, "incomeTaxExpense": -4000000, "netIncome": -12736000, "netIncomeRatio": -0.0091508452, "eps": -3.3, "epsdiluted": -3.3, "weightedAverageShsOut": 3859394, "weightedAverageShsOutDil": 3859394, "link": "https://www.sec.gov/Archives/edgar/data/1037676/000095013101500129/0000950131-01-500129-index.htm", "finalLink": "https://www.sec.gov/Archives/edgar/data/1037676/000095013101500129/d10k405.txt", "calculatedOtherExpenses": 279395000, "calculatedOperatingExpenses": 332851000, "calculatedNetInterest": 0, "calculatedOtherIncome": 0, "calculatedIncomeNonControlling": 0, "calculatedEbitda": 184776000}, {"date": "1999-12-31", "symbol": "ARCH", "reportedCurrency": "USD", "cik": "0001037676", "fillingDate": "2000-03-17", "acceptedDate": "2000-03-17 00:00:00", "calendarYear": "1999", "period": "FY", "revenue": 1556300000, "costOfRevenue": 1226900000, "grossProfit": 329400000, "grossProfitRatio": 0.2116558504, "researchAndDevelopmentExpenses": 0, "generalAndAdministrativeExpenses": 0, "sellingAndMarketingExpenses": 0, "sellingGeneralAndAdministrativeExpenses": 67200000, "otherExpenses": 235700000, "operatingExpenses": 302900000, "costAndExpenses": 1529800000, "interestIncome": 0, "interestExpense": 3800000, "depreciationAndAmortization": 235700000, "ebitda": 615700000, "ebitdaratio": 0.3956178115, "operatingIncome": -412000000, "operatingIncomeRatio": -0.2647304504, "totalOtherIncomeExpensesNet": -353500000, "incomeBeforeTax": -415800000, "incomeBeforeTaxRatio": -0.267172139, "incomeTaxExpense": -65700000, "netIncome": -346300000, "netIncomeRatio": -0.2225149393, "eps": -90.2, "epsdiluted": -90.2, "weightedAverageShsOut": 3839246, "weightedAverageShsOutDil": 3839246, "link": "https://www.sec.gov/Archives/edgar/data/1037676/000095013100001830/0000950131-00-001830-index.html", "finalLink": "https://www.sec.gov/Archives/edgar/data/1037676/000095013100001830/", "calculatedOtherExpenses": 674200000, "calculatedOperatingExpenses": 741400000, "calculatedNetInterest": -3800000, "calculatedOtherIncome": 0, "calculatedIncomeNonControlling": -3800000, "calculatedEbitda": -176300000}, {"date": "1998-12-31", "symbol": "ARCH", "reportedCurrency": "USD", "cik": "0001037676", "fillingDate": "1999-03-02", "acceptedDate": "1999-03-02 00:00:00", "calendarYear": "1998", "period": "FY", "revenue": 1498800000, "costOfRevenue": 1143600000, "grossProfit": 355200000, "grossProfitRatio": 0.2369895917, "researchAndDevelopmentExpenses": 0, "generalAndAdministrativeExpenses": 0, "sellingAndMarketingExpenses": 0, "sellingGeneralAndAdministrativeExpenses": 69800000, "otherExpenses": 204300000, "operatingExpenses": 274100000, "costAndExpenses": 1417700000, "interestIncome": 0, "interestExpense": 0, "depreciationAndAmortization": 204300000, "ebitda": 277900000, "ebitdaratio": 0.1854149987, "operatingIncome": 24900000, "operatingIncomeRatio": 0.0166132906, "totalOtherIncomeExpensesNet": 7500000, "incomeBeforeTax": 26400000, "incomeBeforeTaxRatio": 0.0176140913, "incomeTaxExpense": -5100000, "netIncome": 30000000, "netIncomeRatio": 0.0200160128, "eps": 7.6, "epsdiluted": 7.6, "weightedAverageShsOut": 3947368, "weightedAverageShsOutDil": 3947368, "link": "https://www.sec.gov/Archives/edgar/data/1037676/000095012499001626/0000950124-99-001626-index.html", "finalLink": "https://www.sec.gov/Archives/edgar/data/1037676/", "calculatedOtherExpenses": 260500000, "calculatedOperatingExpenses": 330300000, "calculatedNetInterest": 0, "calculatedOtherIncome": 1500000, "calculatedIncomeNonControlling": 1500000, "calculatedEbitda": 229200000}, {"date": "1997-12-31", "symbol": "ARCH", "reportedCurrency": "USD", "cik": "0001037676", "fillingDate": "1998-03-17", "acceptedDate": "1998-03-17 00:00:00", "calendarYear": "1997", "period": "FY", "revenue": 1034800000, "costOfRevenue": 793300000, "grossProfit": 241500000, "grossProfitRatio": 0.2333784306, "researchAndDevelopmentExpenses": 0, "generalAndAdministrativeExpenses": 0, "sellingAndMarketingExpenses": 0, "sellingGeneralAndAdministrativeExpenses": 28900000, "otherExpenses": 143600000, "operatingExpenses": 172500000, "costAndExpenses": 965800000, "interestIncome": 0, "interestExpense": 0, "depreciationAndAmortization": 143600000, "ebitda": 239000000, "ebitdaratio": 0.2309625048, "operatingIncome": 24800000, "operatingIncomeRatio": 0.0239659838, "totalOtherIncomeExpensesNet": -26400000, "incomeBeforeTax": 24800000, "incomeBeforeTaxRatio": 0.0239659838, "incomeTaxExpense": -5500000, "netIncome": 30300000, "netIncomeRatio": 0.0292810205, "eps": 5, "epsdiluted": 5, "weightedAverageShsOut": 6060000, "weightedAverageShsOutDil": 6060000, "link": "https://www.sec.gov/Archives/edgar/data/1037676/000103767698000014/0001037676-98-000014-index.html", "finalLink": "https://www.sec.gov/Archives/edgar/data/1037676/", "calculatedOtherExpenses": 187800000, "calculatedOperatingExpenses": 216700000, "calculatedNetInterest": 0, "calculatedOtherIncome": 0, "calculatedIncomeNonControlling": 0, "calculatedEbitda": 168400000}, {"date": "1996-12-31", "symbol": "ARCH", "reportedCurrency": "USD", "cik": "0001037676", "fillingDate": "1996-12-31", "acceptedDate": "1996-12-31 00:00:00", "calendarYear": "1996", "period": "FY", "revenue": 577200000, "costOfRevenue": 448400000, "grossProfit": 128800000, "grossProfitRatio": 0.2231462231, "researchAndDevelopmentExpenses": 0, "generalAndAdministrativeExpenses": 0, "sellingAndMarketingExpenses": 0, "sellingGeneralAndAdministrativeExpenses": 26900000, "otherExpenses": 70200000, "operatingExpenses": 97100000, "costAndExpenses": 545500000, "interestIncome": 0, "interestExpense": 0, "depreciationAndAmortization": 70200000, "ebitda": 101500000, "ebitdaratio": 0.1758489258, "operatingIncome": 14300000, "operatingIncomeRatio": 0.0247747748, "totalOtherIncomeExpensesNet": 400000, "incomeBeforeTax": 14300000, "incomeBeforeTaxRatio": 0.0247747748, "incomeTaxExpense": -2200000, "netIncome": 16500000, "netIncomeRatio": 0.0285862786, "eps": 6.1, "epsdiluted": 6.1, "weightedAverageShsOut": 2703600, "weightedAverageShsOutDil": 2703600, "link": null, "finalLink": null, "calculatedOtherExpenses": 87600000, "calculatedOperatingExpenses": 114500000, "calculatedNetInterest": 0, "calculatedOtherIncome": 0, "calculatedIncomeNonControlling": 0, "calculatedEbitda": 84500000}, {"date": "1995-12-31", "symbol": "ARCH", "reportedCurrency": "USD", "cik": "0001037676", "fillingDate": "1995-12-31", "acceptedDate": "1995-12-31 00:00:00", "calendarYear": "1995", "period": "FY", "revenue": 636000000, "costOfRevenue": 469700000, "grossProfit": 166300000, "grossProfitRatio": 0.2614779874, "researchAndDevelopmentExpenses": 0, "generalAndAdministrativeExpenses": 0, "sellingAndMarketingExpenses": 0, "sellingGeneralAndAdministrativeExpenses": 27900000, "otherExpenses": 70900000, "operatingExpenses": 98800000, "costAndExpenses": 568500000, "interestIncome": 0, "interestExpense": 0, "depreciationAndAmortization": 70900000, "ebitda": 138300000, "ebitdaratio": 0.2174528302, "operatingIncome": 46800000, "operatingIncomeRatio": 0.0735849057, "totalOtherIncomeExpensesNet": 100000, "incomeBeforeTax": 46800000, "incomeBeforeTaxRatio": 0.0735849057, "incomeTaxExpense": 5400000, "netIncome": 41400000, "netIncomeRatio": 0.0650943396, "eps": 11.88, "epsdiluted": 11.88, "weightedAverageShsOut": 3484277, "weightedAverageShsOutDil": 3484277, "link": null, "finalLink": null, "calculatedOtherExpenses": 91600000, "calculatedOperatingExpenses": 119500000, "calculatedNetInterest": 0, "calculatedOtherIncome": 0, "calculatedIncomeNonControlling": 0, "calculatedEbitda": 117700000}, {"date": "1994-12-31", "symbol": "ARCH", "reportedCurrency": "USD", "cik": "0001037676", "fillingDate": "1994-12-31", "acceptedDate": "1994-12-31 00:00:00", "calendarYear": "1994", "period": "FY", "revenue": 610100000, "costOfRevenue": 449900000, "grossProfit": 160200000, "grossProfitRatio": 0.2625799049, "researchAndDevelopmentExpenses": 0, "generalAndAdministrativeExpenses": 0, "sellingAndMarketingExpenses": 0, "sellingGeneralAndAdministrativeExpenses": 33800000, "otherExpenses": 71800000, "operatingExpenses": 105600000, "costAndExpenses": 555500000, "interestIncome": 0, "interestExpense": 0, "depreciationAndAmortization": 71800000, "ebitda": 126000000, "ebitdaratio": 0.2065235207, "operatingIncome": 32800000, "operatingIncomeRatio": 0.0537616784, "totalOtherIncomeExpensesNet": 400000, "incomeBeforeTax": 32800000, "incomeBeforeTaxRatio": 0.0537616784, "incomeTaxExpense": 600000, "netIncome": 32200000, "netIncomeRatio": 0.0527782331, "eps": 8.4, "epsdiluted": 8.4, "weightedAverageShsOut": 3523810, "weightedAverageShsOutDil": 3523810, "link": null, "finalLink": null, "calculatedOtherExpenses": 93600000, "calculatedOperatingExpenses": 127400000, "calculatedNetInterest": 0, "calculatedOtherIncome": 0, "calculatedIncomeNonControlling": 0, "calculatedEbitda": 104600000}, {"date": "1993-12-31", "symbol": "ARCH", "reportedCurrency": "USD", "cik": "0001037676", "fillingDate": "1993-12-31", "acceptedDate": "1993-12-31 00:00:00", "calendarYear": "1993", "period": "FY", "revenue": 498300000, "costOfRevenue": 386100000, "grossProfit": 112200000, "grossProfitRatio": 0.2251655629, "researchAndDevelopmentExpenses": 0, "generalAndAdministrativeExpenses": 0, "sellingAndMarketingExpenses": 0, "sellingGeneralAndAdministrativeExpenses": 35800000, "otherExpenses": 71200000, "operatingExpenses": 107000000, "costAndExpenses": 493100000, "interestIncome": 0, "interestExpense": -18800000, "depreciationAndAmortization": 71200000, "ebitda": 75300000, "ebitdaratio": 0.1511137869, "operatingIncome": -37900000, "operatingIncomeRatio": -0.0760585992, "totalOtherIncomeExpensesNet": 1100000, "incomeBeforeTax": -19100000, "incomeBeforeTaxRatio": -0.0383303231, "incomeTaxExpense": -64500000, "netIncome": 26600000, "netIncomeRatio": 0.0533814971, "eps": -9.3, "epsdiluted": -9.3, "weightedAverageShsOut": 3450980, "weightedAverageShsOutDil": 3450980, "link": null, "finalLink": null, "calculatedOtherExpenses": 114300000, "calculatedOperatingExpenses": 150100000, "calculatedNetInterest": 18800000, "calculatedOtherIncome": 0, "calculatedIncomeNonControlling": 18800000, "calculatedEbitda": 33300000}, {"date": "1992-12-31", "symbol": "ARCH", "reportedCurrency": "USD", "cik": "0001037676", "fillingDate": "1992-12-31", "acceptedDate": "1992-12-31 00:00:00", "calendarYear": "1992", "period": "FY", "revenue": 579700000, "costOfRevenue": 422800000, "grossProfit": 156900000, "grossProfitRatio": 0.2706572365, "researchAndDevelopmentExpenses": 0, "generalAndAdministrativeExpenses": 0, "sellingAndMarketingExpenses": 0, "sellingGeneralAndAdministrativeExpenses": 32000000, "otherExpenses": 67000000, "operatingExpenses": 99000000, "costAndExpenses": 521800000, "interestIncome": 0, "interestExpense": 0, "depreciationAndAmortization": 67000000, "ebitda": 123700000, "ebitdaratio": 0.2133862343, "operatingIncome": 37400000, "operatingIncomeRatio": 0.064516129, "totalOtherIncomeExpensesNet": 1200000, "incomeBeforeTax": 37400000, "incomeBeforeTaxRatio": 0.064516129, "incomeTaxExpense": 1700000, "netIncome": 35700000, "netIncomeRatio": 0.0615835777, "eps": 10.05, "epsdiluted": 9.4, "weightedAverageShsOut": 3313433, "weightedAverageShsOutDil": 3495935, "link": null, "finalLink": null, "calculatedOtherExpenses": 87500000, "calculatedOperatingExpenses": 119500000, "calculatedNetInterest": 0, "calculatedOtherIncome": 0, "calculatedIncomeNonControlling": 0, "calculatedEbitda": 104400000}, {"date": "1991-12-31", "symbol": "ARCH", "reportedCurrency": "USD", "cik": "0001037676", "fillingDate": "1991-12-31", "acceptedDate": "1991-12-31 00:00:00", "calendarYear": "1991", "period": "FY", "revenue": 444000000, "costOfRevenue": 327100000, "grossProfit": 116900000, "grossProfitRatio": 0.2632882883, "researchAndDevelopmentExpenses": 0, "generalAndAdministrativeExpenses": 0, "sellingAndMarketingExpenses": 0, "sellingGeneralAndAdministrativeExpenses": 23400000, "otherExpenses": 37200000, "operatingExpenses": 60600000, "costAndExpenses": 387700000, "interestIncome": 0, "interestExpense": 0, "depreciationAndAmortization": 37200000, "ebitda": 92700000, "ebitdaratio": 0.2087837838, "operatingIncome": 47300000, "operatingIncomeRatio": 0.1065315315, "totalOtherIncomeExpensesNet": 800000, "incomeBeforeTax": 47300000, "incomeBeforeTaxRatio": 0.1065315315, "incomeTaxExpense": 8700000, "netIncome": 38600000, "netIncomeRatio": 0.0869369369, "eps": 12, "epsdiluted": 11.1, "weightedAverageShsOut": 3000000, "weightedAverageShsOutDil": 3000000, "link": null, "finalLink": null, "calculatedOtherExpenses": 46200000, "calculatedOperatingExpenses": 69600000, "calculatedNetInterest": 0, "calculatedOtherIncome": 0, "calculatedIncomeNonControlling": 0, "calculatedEbitda": 84500000}, {"date": "1990-12-31", "symbol": "ARCH", "reportedCurrency": "USD", "cik": "0001037676", "fillingDate": "1990-12-31", "acceptedDate": "1990-12-31 00:00:00", "calendarYear": "1990", "period": "FY", "revenue": 407400000, "costOfRevenue": 316400000, "grossProfit": 91000000, "grossProfitRatio": 0.2233676976, "researchAndDevelopmentExpenses": 0, "generalAndAdministrativeExpenses": 0, "sellingAndMarketingExpenses": 0, "sellingGeneralAndAdministrativeExpenses": 20700000, "otherExpenses": 29400000, "operatingExpenses": 50100000, "costAndExpenses": 366500000, "interestIncome": 0, "interestExpense": 0, "depreciationAndAmortization": 29400000, "ebitda": 70000000, "ebitdaratio": 0.1718213058, "operatingIncome": 31100000, "operatingIncomeRatio": 0.0763377516, "totalOtherIncomeExpensesNet": 300000, "incomeBeforeTax": 31100000, "incomeBeforeTaxRatio": 0.0763377516, "incomeTaxExpense": 4700000, "netIncome": 26400000, "netIncomeRatio": 0.0648011782, "eps": 8, "epsdiluted": 7.45, "weightedAverageShsOut": 3000000, "weightedAverageShsOutDil": 3000000, "link": null, "finalLink": null, "calculatedOtherExpenses": 39200000, "calculatedOperatingExpenses": 59900000, "calculatedNetInterest": 0, "calculatedOtherIncome": 0, "calculatedIncomeNonControlling": 0, "calculatedEbitda": 60500000}, {"date": "1989-12-31", "symbol": "ARCH", "reportedCurrency": "USD", "cik": "0001037676", "fillingDate": "1989-12-31", "acceptedDate": "1989-12-31 00:00:00", "calendarYear": "1989", "period": "FY", "revenue": 316400000, "costOfRevenue": 242700000, "grossProfit": 73700000, "grossProfitRatio": 0.2329329962, "researchAndDevelopmentExpenses": 0, "generalAndAdministrativeExpenses": 0, "sellingAndMarketingExpenses": 0, "sellingGeneralAndAdministrativeExpenses": 18000000, "otherExpenses": 23600000, "operatingExpenses": 41600000, "costAndExpenses": 284300000, "interestIncome": 0, "interestExpense": 0, "depreciationAndAmortization": 23600000, "ebitda": 53700000, "ebitdaratio": 0.169721871, "operatingIncome": 30500000, "operatingIncomeRatio": 0.0963969659, "totalOtherIncomeExpensesNet": 2000000, "incomeBeforeTax": 30500000, "incomeBeforeTaxRatio": 0.0963969659, "incomeTaxExpense": 6300000, "netIncome": 24200000, "netIncomeRatio": 0.0764854614, "eps": 7.35, "epsdiluted": 6.8, "weightedAverageShsOut": 2307800, "weightedAverageShsOutDil": 2307800, "link": null, "finalLink": null, "calculatedOtherExpenses": 25200000, "calculatedOperatingExpenses": 43200000, "calculatedNetInterest": 0, "calculatedOtherIncome": 0, "calculatedIncomeNonControlling": 0, "calculatedEbitda": 54100000}, {"date": "1988-12-31", "symbol": "ARCH", "reportedCurrency": "USD", "cik": "0001037676", "fillingDate": "1988-12-31", "acceptedDate": "1988-12-31 00:00:00", "calendarYear": "1988", "period": "FY", "revenue": 253800000, "costOfRevenue": 190600000, "grossProfit": 63200000, "grossProfitRatio": 0.2490149724, "researchAndDevelopmentExpenses": 0, "generalAndAdministrativeExpenses": 0, "sellingAndMarketingExpenses": 0, "sellingGeneralAndAdministrativeExpenses": 11500000, "otherExpenses": 12500000, "operatingExpenses": 24000000, "costAndExpenses": 214600000, "interestIncome": 0, "interestExpense": 0, "depreciationAndAmortization": 12500000, "ebitda": 49000000, "ebitdaratio": 0.1930654058, "operatingIncome": 41700000, "operatingIncomeRatio": 0.1643026005, "totalOtherIncomeExpensesNet": 2700000, "incomeBeforeTax": 41700000, "incomeBeforeTaxRatio": 0.1643026005, "incomeTaxExpense": 10700000, "netIncome": 31000000, "netIncomeRatio": 0.12214342, "eps": 10.5, "epsdiluted": 9.05, "weightedAverageShsOut": 2952381, "weightedAverageShsOutDil": 2952381, "link": null, "finalLink": null, "calculatedOtherExpenses": 10000000, "calculatedOperatingExpenses": 21500000, "calculatedNetInterest": 0, "calculatedOtherIncome": 0, "calculatedIncomeNonControlling": 0, "calculatedEbitda": 54200000}, {"date": "1987-12-31", "symbol": "ARCH", "reportedCurrency": "USD", "cik": "0001037676", "fillingDate": "1987-12-31", "acceptedDate": "1987-12-31 00:00:00", "calendarYear": "1987", "period": "FY", "revenue": 219900000, "costOfRevenue": 175500000, "grossProfit": 44400000, "grossProfitRatio": 0.2019099591, "researchAndDevelopmentExpenses": 0, "generalAndAdministrativeExpenses": 0, "sellingAndMarketingExpenses": 0, "sellingGeneralAndAdministrativeExpenses": 10800000, "otherExpenses": 10400000, "operatingExpenses": 21200000, "costAndExpenses": 196700000, "interestIncome": 0, "interestExpense": 0, "depreciationAndAmortization": 10400000, "ebitda": 30000000, "ebitdaratio": 0.136425648, "operatingIncome": 26800000, "operatingIncomeRatio": 0.1218735789, "totalOtherIncomeExpensesNet": 3600000, "incomeBeforeTax": 26800000, "incomeBeforeTaxRatio": 0.1218735789, "incomeTaxExpense": 8300000, "netIncome": 18500000, "netIncomeRatio": 0.0841291496, "eps": 6.65, "epsdiluted": 5.75, "weightedAverageShsOut": 1153900, "weightedAverageShsOutDil": 1153900, "link": null, "finalLink": null, "calculatedOtherExpenses": 6800000, "calculatedOperatingExpenses": 17600000, "calculatedNetInterest": 0, "calculatedOtherIncome": 0, "calculatedIncomeNonControlling": 0, "calculatedEbitda": 37200000}]}