{"originalCurrency": "USD", "convertedCurrency": "USD", "report": [{"date": "2023-12-31", "symbol": "ARES", "reportedCurrency": "USD", "cik": "0001176948", "fillingDate": "2024-02-27", "acceptedDate": "2024-02-27 06:22:14", "calendarYear": "2023", "period": "FY", "revenue": 4986978000, "costOfRevenue": 1486698000, "grossProfit": 3500280000, "grossProfitRatio": 0.7018839867, "researchAndDevelopmentExpenses": 0, "generalAndAdministrativeExpenses": 1267668000, "sellingAndMarketingExpenses": 0, "sellingGeneralAndAdministrativeExpenses": 1267668000, "otherExpenses": 4819000, "operatingExpenses": 1311160000, "costAndExpenses": 2797858000, "interestIncome": 1014821000, "interestExpense": 860876000, "depreciationAndAmortization": 231712000, "ebitda": 2425651000, "ebitdaratio": 0.4863969723, "operatingIncome": 474300000, "operatingIncomeRatio": 0.0951076985, "totalOtherIncomeExpensesNet": 4819000, "incomeBeforeTax": 1333063000, "incomeBeforeTaxRatio": 0.267308779, "incomeTaxExpense": 172971000, "netIncome": 474326000, "netIncomeRatio": 0.0951129121, "eps": 2.46, "epsdiluted": 2.42, "weightedAverageShsOut": 184523524, "weightedAverageShsOutDil": 195773426, "link": "https://www.sec.gov/Archives/edgar/data/1176948/000162828024007014/0001628280-24-007014-index.htm", "finalLink": "https://www.sec.gov/Archives/edgar/data/1176948/000162828024007014/ares-20231231.htm", "calculatedOtherExpenses": 1758312000, "calculatedOperatingExpenses": 3025980000, "calculatedNetInterest": 153945000, "calculatedOtherIncome": 704818000, "calculatedIncomeNonControlling": 685766000, "calculatedEbitda": 706012000}, {"date": "2022-12-31", "symbol": "ARES", "reportedCurrency": "USD", "cik": "0001176948", "fillingDate": "2023-02-24", "acceptedDate": "2023-02-24 17:11:11", "calendarYear": "2022", "period": "FY", "revenue": 3055443000, "costOfRevenue": 2017419000, "grossProfit": 1038024000, "grossProfitRatio": 0.3397294599, "researchAndDevelopmentExpenses": 0, "generalAndAdministrativeExpenses": 695256000, "sellingAndMarketingExpenses": 0, "sellingGeneralAndAdministrativeExpenses": 695256000, "otherExpenses": 36410000, "operatingExpenses": 731666000, "costAndExpenses": 2749085000, "interestIncome": 595928000, "interestExpense": 482717000, "depreciationAndAmortization": 341341000, "ebitda": 1256746000, "ebitdaratio": 0.4113138422, "operatingIncome": 915405000, "operatingIncomeRatio": 0.299598127, "totalOtherIncomeExpensesNet": -404599000, "incomeBeforeTax": 510806000, "incomeBeforeTaxRatio": 0.167179031, "incomeTaxExpense": 71891000, "netIncome": 438915000, "netIncomeRatio": 0.1436502006, "eps": 2.5, "epsdiluted": 2.5, "weightedAverageShsOut": 175510798, "weightedAverageShsOutDil": 175510798, "link": "https://www.sec.gov/Archives/edgar/data/1176948/000162828023005081/0001628280-23-005081-index.htm", "finalLink": "https://www.sec.gov/Archives/edgar/data/1176948/000162828023005081/ares-20221231.htm", "calculatedOtherExpenses": -572637000, "calculatedOperatingExpenses": 122619000, "calculatedNetInterest": 113211000, "calculatedOtherIncome": -517810000, "calculatedIncomeNonControlling": 0, "calculatedEbitda": 1256746000}, {"date": "2021-12-31", "symbol": "ARES", "reportedCurrency": "USD", "cik": "0001176948", "fillingDate": "2022-02-28", "acceptedDate": "2022-02-28 17:20:58", "calendarYear": "2021", "period": "FY", "revenue": 4212091000, "costOfRevenue": 2903419000, "grossProfit": 1308672000, "grossProfitRatio": 0.3106941422, "researchAndDevelopmentExpenses": 0, "generalAndAdministrativeExpenses": 444178000, "sellingAndMarketingExpenses": 0, "sellingGeneralAndAdministrativeExpenses": 444178000, "otherExpenses": 62486000, "operatingExpenses": 506664000, "costAndExpenses": 3410083000, "interestIncome": 447683000, "interestExpense": 294808000, "depreciationAndAmortization": 113293000, "ebitda": 1377386000, "ebitdaratio": 0.3270076549, "operatingIncome": 1264093000, "operatingIncomeRatio": 0.3001105627, "totalOtherIncomeExpensesNet": -198403000, "incomeBeforeTax": 1065690000, "incomeBeforeTaxRatio": 0.2530073543, "incomeTaxExpense": 147385000, "netIncome": 918305000, "netIncomeRatio": 0.2180164199, "eps": 5.61, "epsdiluted": 5.1, "weightedAverageShsOut": 163703626, "weightedAverageShsOutDil": 180112271, "link": "https://www.sec.gov/Archives/edgar/data/1176948/000162828022004289/0001628280-22-004289-index.htm", "finalLink": "https://www.sec.gov/Archives/edgar/data/1176948/000162828022004289/ares-20211231.htm", "calculatedOtherExpenses": -399599000, "calculatedOperatingExpenses": 44579000, "calculatedNetInterest": 152875000, "calculatedOtherIncome": -351278000, "calculatedIncomeNonControlling": 0, "calculatedEbitda": 1377386000}, {"date": "2020-12-31", "symbol": "ARES", "reportedCurrency": "USD", "cik": "0001176948", "fillingDate": "2021-02-25", "acceptedDate": "2021-02-25 16:36:45", "calendarYear": "2020", "period": "FY", "revenue": 1764046000, "costOfRevenue": 1171368000, "grossProfit": 592678000, "grossProfitRatio": 0.3359764995, "researchAndDevelopmentExpenses": 0, "generalAndAdministrativeExpenses": 258999000, "sellingAndMarketingExpenses": 0, "sellingGeneralAndAdministrativeExpenses": 258999000, "otherExpenses": 20119000, "operatingExpenses": 279118000, "costAndExpenses": 1450486000, "interestIncome": 471723000, "interestExpense": 311224000, "depreciationAndAmortization": 41248000, "ebitda": 837822000, "ebitdaratio": 0.4749433972, "operatingIncome": 796574000, "operatingIncomeRatio": 0.451560787, "totalOtherIncomeExpensesNet": -417096000, "incomeBeforeTax": 379478000, "incomeBeforeTaxRatio": 0.2151179731, "incomeTaxExpense": 54993000, "netIncome": 324485000, "netIncomeRatio": 0.183943616, "eps": 2.4, "epsdiluted": 2.17, "weightedAverageShsOut": 135065436, "weightedAverageShsOutDil": 149508498, "link": "https://www.sec.gov/Archives/edgar/data/1176948/000162828021003314/0001628280-21-003314-index.htm", "finalLink": "https://www.sec.gov/Archives/edgar/data/1176948/000162828021003314/ares-20201231.htm", "calculatedOtherExpenses": -462895000, "calculatedOperatingExpenses": -203896000, "calculatedNetInterest": 160499000, "calculatedOtherIncome": -577595000, "calculatedIncomeNonControlling": 0, "calculatedEbitda": 837822000}, {"date": "2019-12-31", "symbol": "ARES", "reportedCurrency": "USD", "cik": "0001176948", "fillingDate": "2020-02-28", "acceptedDate": "2020-02-27 19:29:06", "calendarYear": "2019", "period": "FY", "revenue": 1765438000, "costOfRevenue": 1150533000, "grossProfit": 614905000, "grossProfitRatio": 0.3483016679, "researchAndDevelopmentExpenses": 0, "generalAndAdministrativeExpenses": 270219000, "sellingAndMarketingExpenses": 0, "sellingGeneralAndAdministrativeExpenses": 270219000, "otherExpenses": 42045000, "operatingExpenses": 312264000, "costAndExpenses": 1462797000, "interestIncome": 403105000, "interestExpense": 297416000, "depreciationAndAmortization": 39459000, "ebitda": 737365000, "ebitdaratio": 0.4176668906, "operatingIncome": 697906000, "operatingIncomeRatio": 0.3953160632, "totalOtherIncomeExpensesNet": -272726000, "incomeBeforeTax": 425180000, "incomeBeforeTaxRatio": 0.2408354187, "incomeTaxExpense": 52376000, "netIncome": 372804000, "netIncomeRatio": 0.2111679934, "eps": 3.45, "epsdiluted": 3.11, "weightedAverageShsOut": 107914953, "weightedAverageShsOutDil": 119877429, "link": "https://www.sec.gov/Archives/edgar/data/1176948/000162828020002489/0001628280-20-002489-index.htm", "finalLink": "https://www.sec.gov/Archives/edgar/data/1176948/000162828020002489/ares-20191231.htm", "calculatedOtherExpenses": -353220000, "calculatedOperatingExpenses": -83001000, "calculatedNetInterest": 105689000, "calculatedOtherIncome": -378415000, "calculatedIncomeNonControlling": 0, "calculatedEbitda": 737365000}, {"date": "2018-12-31", "symbol": "ARES", "reportedCurrency": "USD", "cik": "0001176948", "fillingDate": "2019-02-26", "acceptedDate": "2019-02-26 17:02:36", "calendarYear": "2018", "period": "FY", "revenue": 958461000, "costOfRevenue": 600634000, "grossProfit": 357827000, "grossProfitRatio": 0.3733349609, "researchAndDevelopmentExpenses": 0, "generalAndAdministrativeExpenses": 215964000, "sellingAndMarketingExpenses": 0, "sellingGeneralAndAdministrativeExpenses": 215964000, "otherExpenses": -851000, "operatingExpenses": 269728000, "costAndExpenses": 870362000, "interestIncome": 344903000, "interestExpense": 244343000, "depreciationAndAmortization": 28517000, "ebitda": 460668000, "ebitdaratio": 0.4806330148, "operatingIncome": 88099000, "operatingIncomeRatio": 0.0919171463, "totalOtherIncomeExpensesNet": -4318000, "incomeBeforeTax": 184341000, "incomeBeforeTaxRatio": 0.1923302044, "incomeTaxExpense": 32202000, "netIncome": 57020000, "netIncomeRatio": 0.0594912052, "eps": 0.59, "epsdiluted": 0.59, "weightedAverageShsOut": 96023147, "weightedAverageShsOutDil": 96023147, "link": "https://www.sec.gov/Archives/edgar/data/1176948/000162828019001988/0001628280-19-001988-index.htm", "finalLink": "https://www.sec.gov/Archives/edgar/data/1176948/000162828019001988/aresmanagement201810-k.htm", "calculatedOtherExpenses": 53764000, "calculatedOperatingExpenses": 269728000, "calculatedNetInterest": 100560000, "calculatedOtherIncome": -4318000, "calculatedIncomeNonControlling": 95119000, "calculatedEbitda": 116616000}, {"date": "2017-12-31", "symbol": "ARES", "reportedCurrency": "USD", "cik": "0001176948", "fillingDate": "2018-03-01", "acceptedDate": "2018-03-01 07:27:30", "calendarYear": "2017", "period": "FY", "revenue": 1415499000, "costOfRevenue": 993831000, "grossProfit": 421668000, "grossProfitRatio": 0.2978935344, "researchAndDevelopmentExpenses": 0, "generalAndAdministrativeExpenses": 196730000, "sellingAndMarketingExpenses": 0, "sellingGeneralAndAdministrativeExpenses": 196730000, "otherExpenses": 19470000, "operatingExpenses": 235750000, "costAndExpenses": 1229581000, "interestIncome": 200436000, "interestExpense": 147946000, "depreciationAndAmortization": 32809000, "ebitda": 438633000, "ebitdaratio": 0.3098787071, "operatingIncome": -89259000, "operatingIncomeRatio": -0.0630583278, "totalOtherIncomeExpensesNet": -88549000, "incomeBeforeTax": 149859000, "incomeBeforeTaxRatio": 0.1058700854, "incomeTaxExpense": -23052000, "netIncome": 76178000, "netIncomeRatio": 0.0538170638, "eps": 0.62, "epsdiluted": 0.62, "weightedAverageShsOut": 81838007, "weightedAverageShsOutDil": 82080777, "link": "https://www.sec.gov/Archives/edgar/data/1176948/000162828018002576/0001628280-18-002576-index.htm", "finalLink": "https://www.sec.gov/Archives/edgar/data/1176948/000162828018002576/aresmanagement201710-k.htm", "calculatedOtherExpenses": 314197000, "calculatedOperatingExpenses": 510927000, "calculatedNetInterest": 52490000, "calculatedOtherIncome": 186628000, "calculatedIncomeNonControlling": 96733000, "calculatedEbitda": -56450000}, {"date": "2016-12-31", "symbol": "ARES", "reportedCurrency": "USD", "cik": "0001176948", "fillingDate": "2017-02-27", "acceptedDate": "2017-02-27 06:08:08", "calendarYear": "2016", "period": "FY", "revenue": 1199205000, "costOfRevenue": 835571000, "grossProfit": 363634000, "grossProfitRatio": 0.3032292227, "researchAndDevelopmentExpenses": 0, "generalAndAdministrativeExpenses": 159776000, "sellingAndMarketingExpenses": 0, "sellingGeneralAndAdministrativeExpenses": 159776000, "otherExpenses": 35650000, "operatingExpenses": 180849000, "costAndExpenses": 1016420000, "interestIncome": 162724000, "interestExpense": 109433000, "depreciationAndAmortization": 37455000, "ebitda": 418614000, "ebitdaratio": 0.349076263, "operatingIncome": 182785000, "operatingIncomeRatio": 0.1524218128, "totalOtherIncomeExpensesNet": 61844000, "incomeBeforeTax": 297920000, "incomeBeforeTaxRatio": 0.2484312524, "incomeTaxExpense": 11019000, "netIncome": 111808000, "netIncomeRatio": 0.0932351016, "eps": 1.22, "epsdiluted": 1.2, "weightedAverageShsOut": 81890609, "weightedAverageShsOutDil": 82937030, "link": "https://www.sec.gov/Archives/edgar/data/1176948/000162828017001756/0001628280-17-001756-index.htm", "finalLink": "https://www.sec.gov/Archives/edgar/data/1176948/000162828017001756/aresmanagement201610k.htm", "calculatedOtherExpenses": 21073000, "calculatedOperatingExpenses": 180849000, "calculatedNetInterest": 53291000, "calculatedOtherIncome": 61844000, "calculatedIncomeNonControlling": 175093000, "calculatedEbitda": 220240000}, {"date": "2015-12-31", "symbol": "ARES", "reportedCurrency": "USD", "cik": "0001176948", "fillingDate": "2016-02-29", "acceptedDate": "2016-02-29 06:32:32", "calendarYear": "2015", "period": "FY", "revenue": 814442000, "costOfRevenue": 526137000, "grossProfit": 288305000, "grossProfitRatio": 0.3539908305, "researchAndDevelopmentExpenses": 0, "generalAndAdministrativeExpenses": 224798000, "sellingAndMarketingExpenses": 0, "sellingGeneralAndAdministrativeExpenses": 224798000, "otherExpenses": 21680000, "operatingExpenses": 242903000, "costAndExpenses": 769040000, "interestIncome": 131418000, "interestExpense": 97768000, "depreciationAndAmortization": 55275000, "ebitda": 198500000, "ebitdaratio": 0.2437251517, "operatingIncome": 45402000, "operatingIncomeRatio": 0.0557461428, "totalOtherIncomeExpensesNet": 2432000, "incomeBeforeTax": 81484000, "incomeBeforeTaxRatio": 0.1000488678, "incomeTaxExpense": 19064000, "netIncome": 19378000, "netIncomeRatio": 0.0237929773, "eps": 0.23, "epsdiluted": 0.23, "weightedAverageShsOut": 80673360, "weightedAverageShsOutDil": 81378260, "link": "https://www.sec.gov/Archives/edgar/data/1176948/000155837016003647/0001558370-16-003647-index.htm", "finalLink": "https://www.sec.gov/Archives/edgar/data/1176948/000155837016003647/ares-20151231x10k.htm", "calculatedOtherExpenses": 18105000, "calculatedOperatingExpenses": 242903000, "calculatedNetInterest": 33650000, "calculatedOtherIncome": 2432000, "calculatedIncomeNonControlling": 43042000, "calculatedEbitda": 100677000}, {"date": "2014-12-31", "symbol": "ARES", "reportedCurrency": "USD", "cik": "0001176948", "fillingDate": "2015-03-20", "acceptedDate": "2015-03-20 15:54:27", "calendarYear": "2014", "period": "FY", "revenue": 603889000, "costOfRevenue": 626400000, "grossProfit": -22511000, "grossProfitRatio": -0.0372767181, "researchAndDevelopmentExpenses": 0, "generalAndAdministrativeExpenses": 166839000, "sellingAndMarketingExpenses": 0, "sellingGeneralAndAdministrativeExpenses": 166839000, "otherExpenses": -2422000, "operatingExpenses": 233639000, "costAndExpenses": 860039000, "interestIncome": 945079000, "interestExpense": 674990000, "depreciationAndAmortization": 36129000, "ebitda": 686507000, "ebitdaratio": 1.1368099104, "operatingIncome": -256150000, "operatingIncomeRatio": -0.4241673553, "totalOtherIncomeExpensesNet": 542976000, "incomeBeforeTax": 556915000, "incomeBeforeTaxRatio": 0.9222141817, "incomeTaxExpense": 11253000, "netIncome": 34988000, "netIncomeRatio": 0.0579377998, "eps": 0.43, "epsdiluted": 0.43, "weightedAverageShsOut": 80358036, "weightedAverageShsOutDil": 80397861, "link": "https://www.sec.gov/Archives/edgar/data/1176948/000104746915002528/0001047469-15-002528-index.htm", "finalLink": "https://www.sec.gov/Archives/edgar/data/1176948/000104746915002528/a2223704z10-k.htm", "calculatedOtherExpenses": 66800000, "calculatedOperatingExpenses": 233639000, "calculatedNetInterest": 270089000, "calculatedOtherIncome": 542976000, "calculatedIncomeNonControlling": 510674000, "calculatedEbitda": -220021000}, {"date": "2013-12-31", "symbol": "ARES", "reportedCurrency": "USD", "cik": "0001176948", "fillingDate": "2013-12-31", "acceptedDate": "2013-12-30 19:00:00", "calendarYear": "2013", "period": "FY", "revenue": 478655000, "costOfRevenue": 528196000, "grossProfit": -49541000, "grossProfitRatio": -0.1035004335, "researchAndDevelopmentExpenses": 0, "generalAndAdministrativeExpenses": 138464000, "sellingAndMarketingExpenses": 0, "sellingGeneralAndAdministrativeExpenses": 138464000, "otherExpenses": 135237000, "operatingExpenses": 273701000, "costAndExpenses": 801897000, "interestIncome": 1242033000, "interestExpense": 543906000, "depreciationAndAmortization": 49532000, "ebitda": 968323000, "ebitdaratio": 2.023008221, "operatingIncome": -323242000, "operatingIncomeRatio": -0.675313117, "totalOtherIncomeExpensesNet": 497756000, "incomeBeforeTax": 872641000, "incomeBeforeTaxRatio": 1.8231105911, "incomeTaxExpense": 59263000, "netIncome": 966383000, "netIncomeRatio": 2.0189551974, "eps": 2.39, "epsdiluted": 2.39, "weightedAverageShsOut": 75459813, "weightedAverageShsOutDil": 75459817, "link": "", "finalLink": "", "calculatedOtherExpenses": 135237000, "calculatedOperatingExpenses": 273701000, "calculatedNetInterest": 698127000, "calculatedOtherIncome": 497756000, "calculatedIncomeNonControlling": -153005000, "calculatedEbitda": -273710000}, {"date": "2012-12-31", "symbol": "ARES", "reportedCurrency": "USD", "cik": "0001176948", "fillingDate": "2012-12-31", "acceptedDate": "2012-12-30 19:00:00", "calendarYear": "2012", "period": "FY", "revenue": 334046000, "costOfRevenue": 556444000, "grossProfit": -222398000, "grossProfitRatio": -0.6657705825, "researchAndDevelopmentExpenses": 0, "generalAndAdministrativeExpenses": 85582000, "sellingAndMarketingExpenses": 0, "sellingGeneralAndAdministrativeExpenses": 85582000, "otherExpenses": 7000, "operatingExpenses": 202087000, "costAndExpenses": 758531000, "interestIncome": 1415017000, "interestExpense": 458056000, "depreciationAndAmortization": 14177000, "ebitda": 1004716000, "ebitdaratio": 3.0077175, "operatingIncome": -424485000, "operatingIncomeRatio": -1.2707381618, "totalOtherIncomeExpensesNet": 729366000, "incomeBeforeTax": 1261842000, "incomeBeforeTaxRatio": 3.7774498123, "incomeTaxExpense": 26154000, "netIncome": 1235688000, "netIncomeRatio": 3.6991552062, "eps": 0, "epsdiluted": 0, "weightedAverageShsOut": 0, "weightedAverageShsOutDil": 0, "link": "", "finalLink": "", "calculatedOtherExpenses": 116505000, "calculatedOperatingExpenses": 202087000, "calculatedNetInterest": 956961000, "calculatedOtherIncome": 729366000, "calculatedIncomeNonControlling": 0, "calculatedEbitda": -410308000}, {"date": "2011-12-31", "symbol": "ARES", "reportedCurrency": "USD", "cik": "0001176948", "fillingDate": "2011-12-31", "acceptedDate": "2011-12-30 19:00:00", "calendarYear": "2011", "period": "FY", "revenue": 206965000, "costOfRevenue": 321235000, "grossProfit": -114270000, "grossProfitRatio": -0.5521223395, "researchAndDevelopmentExpenses": 0, "generalAndAdministrativeExpenses": 68575000, "sellingAndMarketingExpenses": 0, "sellingGeneralAndAdministrativeExpenses": 68575000, "otherExpenses": 78102000, "operatingExpenses": 146677000, "costAndExpenses": 467912000, "interestIncome": 1430970000, "interestExpense": 333912000, "depreciationAndAmortization": 19568000, "ebitda": 1189591000, "ebitdaratio": 5.7477882734, "operatingIncome": -260947000, "operatingIncomeRatio": -1.2608267098, "totalOtherIncomeExpensesNet": 116831000, "incomeBeforeTax": 952942000, "incomeBeforeTaxRatio": 4.6043630566, "incomeTaxExpense": 29573000, "netIncome": 97348000, "netIncomeRatio": 0.4703597227, "eps": 1.29, "epsdiluted": 1.22, "weightedAverageShsOut": 75459813, "weightedAverageShsOutDil": 80098497, "link": "", "finalLink": "", "calculatedOtherExpenses": 78102000, "calculatedOperatingExpenses": 146677000, "calculatedNetInterest": 1097058000, "calculatedOtherIncome": 116831000, "calculatedIncomeNonControlling": 826021000, "calculatedEbitda": -241379000}]}