{"originalCurrency": "USD", "convertedCurrency": "USD", "report": [{"date": "2023-12-31", "symbol": "ARLP", "reportedCurrency": "USD", "cik": "0001086600", "fillingDate": "2024-02-23", "acceptedDate": "2024-02-23 15:29:55", "calendarYear": "2023", "period": "FY", "revenue": 2566701000, "costOfRevenue": 1815208000, "grossProfit": 751493000, "grossProfitRatio": 0.292785564, "researchAndDevelopmentExpenses": 0, "generalAndAdministrativeExpenses": 79096000, "sellingAndMarketingExpenses": 0, "sellingGeneralAndAdministrativeExpenses": 79096000, "otherExpenses": 1289691000000, "operatingExpenses": 79096000, "costAndExpenses": 1894304000, "interestIncome": 9394000, "interestExpense": 42797000, "depreciationAndAmortization": 267982000, "ebitda": 940379000, "ebitdaratio": 0.3663765277, "operatingIncome": 672397000, "operatingIncomeRatio": 0.2619693529, "totalOtherIncomeExpensesNet": -37341000, "incomeBeforeTax": 644450000, "incomeBeforeTaxRatio": 0.251081057, "incomeTaxExpense": 8279999, "netIncome": 630118000, "netIncomeRatio": 0.2454972356, "eps": 4.81, "epsdiluted": 4.81, "weightedAverageShsOut": 127180312, "weightedAverageShsOutDil": 127180312, "link": "https://www.sec.gov/Archives/edgar/data/1086600/000155837024001616/0001558370-24-001616-index.htm", "finalLink": "https://www.sec.gov/Archives/edgar/data/1086600/000155837024001616/arlp-20231231x10k.htm", "calculatedOtherExpenses": 0, "calculatedOperatingExpenses": 79096000, "calculatedNetInterest": -33403000, "calculatedOtherIncome": 5456000, "calculatedIncomeNonControlling": 6052001, "calculatedEbitda": 940379000}, {"date": "2022-12-31", "symbol": "ARLP", "reportedCurrency": "USD", "cik": "0001086600", "fillingDate": "2023-02-24", "acceptedDate": "2023-02-24 15:45:45", "calendarYear": "2022", "period": "FY", "revenue": 2406511000, "costOfRevenue": 1400646000, "grossProfit": 1005865000, "grossProfitRatio": 0.4179764813, "researchAndDevelopmentExpenses": 0, "generalAndAdministrativeExpenses": 80334000, "sellingAndMarketingExpenses": 3289000, "sellingGeneralAndAdministrativeExpenses": 83623000, "otherExpenses": 1670965000, "operatingExpenses": 1754588000, "costAndExpenses": 1063204000, "interestIncome": 2035000, "interestExpense": -35297000, "depreciationAndAmortization": -289070000, "ebitda": 922242000, "ebitdaratio": 0.3832278348, "operatingIncome": 1211312000, "operatingIncomeRatio": 0.5033477927, "totalOtherIncomeExpensesNet": -578186000, "incomeBeforeTax": 633126000, "incomeBeforeTaxRatio": 0.2630887621, "incomeTaxExpense": 53978000, "netIncome": 586200000, "netIncomeRatio": 0.2435891629, "eps": 4.39, "epsdiluted": 4.39, "weightedAverageShsOut": 127195219, "weightedAverageShsOutDil": 127195219, "link": "https://www.sec.gov/Archives/edgar/data/1086600/000155837023002034/0001558370-23-002034-index.htm", "finalLink": "https://www.sec.gov/Archives/edgar/data/1086600/000155837023002034/arlp-20221231x10k.htm", "calculatedOtherExpenses": -289070000, "calculatedOperatingExpenses": -205447000, "calculatedNetInterest": 37332000, "calculatedOtherIncome": -615518000, "calculatedIncomeNonControlling": -7052000, "calculatedEbitda": 922242000}, {"date": "2021-12-31", "symbol": "ARLP", "reportedCurrency": "USD", "cik": "0001086600", "fillingDate": "2022-02-25", "acceptedDate": "2022-02-25 12:33:17", "calendarYear": "2021", "period": "FY", "revenue": 1569976000, "costOfRevenue": 1280613000, "grossProfit": 289363000, "grossProfitRatio": 0.1843104608, "researchAndDevelopmentExpenses": 0, "generalAndAdministrativeExpenses": 70160000, "sellingAndMarketingExpenses": 0, "sellingGeneralAndAdministrativeExpenses": 70160000, "otherExpenses": -3020000, "operatingExpenses": 70160000, "costAndExpenses": 1350773000, "interestIncome": 88000, "interestExpense": 39229000, "depreciationAndAmortization": 261377000, "ebitda": 218401000, "ebitdaratio": 0.1391110437, "operatingIncome": -42976000, "operatingIncomeRatio": -0.0273736669, "totalOtherIncomeExpensesNet": 222148000, "incomeBeforeTax": 179172000, "incomeBeforeTaxRatio": 0.1141240376, "incomeTaxExpense": 417000, "netIncome": 182771000, "netIncomeRatio": 0.1164164293, "eps": 1.36, "epsdiluted": 1.36, "weightedAverageShsOut": 127195219, "weightedAverageShsOutDil": 127195219, "link": "https://www.sec.gov/Archives/edgar/data/1086600/000155837022002091/0001558370-22-002091-index.htm", "finalLink": "https://www.sec.gov/Archives/edgar/data/1086600/000155837022002091/arlp-20211231x10k.htm", "calculatedOtherExpenses": 262179000, "calculatedOperatingExpenses": 332339000, "calculatedNetInterest": -39141000, "calculatedOtherIncome": 261289000, "calculatedIncomeNonControlling": -4016000, "calculatedEbitda": 218401000}, {"date": "2020-12-31", "symbol": "ARLP", "reportedCurrency": "USD", "cik": "0001086600", "fillingDate": "2021-02-23", "acceptedDate": "2021-02-23 10:41:42", "calendarYear": "2020", "period": "FY", "revenue": 1328129000, "costOfRevenue": 1194172000, "grossProfit": 133957000, "grossProfitRatio": 0.1008614374, "researchAndDevelopmentExpenses": 0, "generalAndAdministrativeExpenses": 59806000, "sellingAndMarketingExpenses": 0, "sellingGeneralAndAdministrativeExpenses": 59806000, "otherExpenses": -1593000, "operatingExpenses": 59806000, "costAndExpenses": 1253978000, "interestIncome": 135000, "interestExpense": 45613000, "depreciationAndAmortization": 313387000, "ebitda": 73600000, "ebitdaratio": 0.0554163037, "operatingIncome": -239787000, "operatingIncomeRatio": -0.1805449621, "totalOtherIncomeExpensesNet": 110771000, "incomeBeforeTax": -129016000, "incomeBeforeTaxRatio": -0.0971411663, "incomeTaxExpense": 35000, "netIncome": -129051000, "netIncomeRatio": -0.0971675191, "eps": -1.01, "epsdiluted": -1.01, "weightedAverageShsOut": 127164659, "weightedAverageShsOutDil": 127164659, "link": "https://www.sec.gov/Archives/edgar/data/1086600/000155837021001419/0001558370-21-001419-index.htm", "finalLink": "https://www.sec.gov/Archives/edgar/data/1086600/000155837021001419/arlp-20201231x10k.htm", "calculatedOtherExpenses": 313938000, "calculatedOperatingExpenses": 373744000, "calculatedNetInterest": -45478000, "calculatedOtherIncome": 156249000, "calculatedIncomeNonControlling": 0, "calculatedEbitda": 73600000}, {"date": "2019-12-31", "symbol": "ARLP", "reportedCurrency": "USD", "cik": "0001086600", "fillingDate": "2020-02-20", "acceptedDate": "2020-02-20 17:25:36", "calendarYear": "2019", "period": "FY", "revenue": 1961720000, "costOfRevenue": 1614035000, "grossProfit": 347685000, "grossProfitRatio": 0.1772347736, "researchAndDevelopmentExpenses": 0, "generalAndAdministrativeExpenses": 72997000, "sellingAndMarketingExpenses": 0, "sellingGeneralAndAdministrativeExpenses": 72997000, "otherExpenses": 561000, "operatingExpenses": 72997000, "costAndExpenses": 1687032000, "interestIncome": 379000, "interestExpense": 45875000, "depreciationAndAmortization": 309075000, "ebitda": 277831000, "ebitdaratio": 0.141626226, "operatingIncome": -31244000, "operatingIncomeRatio": -0.0159268397, "totalOtherIncomeExpensesNet": 437959000, "incomeBeforeTax": 406715000, "incomeBeforeTaxRatio": 0.2073257142, "incomeTaxExpense": -211000, "netIncome": 399414000, "netIncomeRatio": 0.2036039802, "eps": 3.07, "epsdiluted": 3.07, "weightedAverageShsOut": 128116670, "weightedAverageShsOutDil": 128116670, "link": "https://www.sec.gov/Archives/edgar/data/1086600/000155837020001103/0001558370-20-001103-index.htm", "finalLink": "https://www.sec.gov/Archives/edgar/data/1086600/000155837020001103/arlp-20191231x10kbc62ed.htm", "calculatedOtherExpenses": 305932000, "calculatedOperatingExpenses": 378929000, "calculatedNetInterest": -45496000, "calculatedOtherIncome": 483455000, "calculatedIncomeNonControlling": 7512000, "calculatedEbitda": 277831000}, {"date": "2018-12-31", "symbol": "ARLP", "reportedCurrency": "USD", "cik": "0001086600", "fillingDate": "2019-02-22", "acceptedDate": "2019-02-22 12:19:06", "calendarYear": "2018", "period": "FY", "revenue": 2002857000, "costOfRevenue": 1321564000, "grossProfit": 681293000, "grossProfitRatio": 0.3401605806, "researchAndDevelopmentExpenses": 0, "generalAndAdministrativeExpenses": 68298000, "sellingAndMarketingExpenses": 5016000, "sellingGeneralAndAdministrativeExpenses": 73314000, "otherExpenses": -2621000, "operatingExpenses": -289438000, "costAndExpenses": 1032126000, "interestIncome": 159000, "interestExpense": -24363000, "depreciationAndAmortization": -318451000, "ebitda": 611905000, "ebitdaratio": 0.3055160703, "operatingIncome": 293454000, "operatingIncomeRatio": 0.1465176995, "totalOtherIncomeExpensesNet": 74038000, "incomeBeforeTax": 367492000, "incomeBeforeTaxRatio": 0.1834838933, "incomeTaxExpense": 22000, "netIncome": 366604000, "netIncomeRatio": 0.1830405266, "eps": 2.8, "epsdiluted": 2.8, "weightedAverageShsOut": 130758169, "weightedAverageShsOutDil": 130758209, "link": "https://www.sec.gov/Archives/edgar/data/1086600/000155837019000892/0001558370-19-000892-index.htm", "finalLink": "https://www.sec.gov/Archives/edgar/data/1086600/000155837019000892/arlp-20181231x10k.htm", "calculatedOtherExpenses": 314525000, "calculatedOperatingExpenses": 387839000, "calculatedNetInterest": 24522000, "calculatedOtherIncome": 49516000, "calculatedIncomeNonControlling": 866000, "calculatedEbitda": -24997000}, {"date": "2017-12-31", "symbol": "ARLP", "reportedCurrency": "USD", "cik": "0001086600", "fillingDate": "2018-02-23", "acceptedDate": "2018-02-23 07:15:20", "calendarYear": "2017", "period": "FY", "revenue": 1796220000, "costOfRevenue": 1133555000, "grossProfit": 662665000, "grossProfitRatio": 0.3689219583, "researchAndDevelopmentExpenses": 0, "generalAndAdministrativeExpenses": 61760000, "sellingAndMarketingExpenses": 3312000, "sellingGeneralAndAdministrativeExpenses": 65072000, "otherExpenses": 2980000, "operatingExpenses": -325361000, "costAndExpenses": 808194000, "interestIncome": 94000, "interestExpense": -32893000, "depreciationAndAmortization": -272774000, "ebitda": 601386000, "ebitdaratio": 0.3348064268, "operatingIncome": 328612000, "operatingIncomeRatio": 0.1829464097, "totalOtherIncomeExpensesNet": -24201000, "incomeBeforeTax": 304411000, "incomeBeforeTaxRatio": 0.1694731158, "incomeTaxExpense": 210000, "netIncome": 303638000, "netIncomeRatio": 0.1690427676, "eps": 2.8, "epsdiluted": 2.8, "weightedAverageShsOut": 98707696, "weightedAverageShsOutDil": 98707726, "link": "https://www.sec.gov/Archives/edgar/data/1086600/000155837018000985/0001558370-18-000985-index.htm", "finalLink": "https://www.sec.gov/Archives/edgar/data/1086600/000155837018000985/arlp-20171231x10k.htm", "calculatedOtherExpenses": 268981000, "calculatedOperatingExpenses": 334053000, "calculatedNetInterest": 32987000, "calculatedOtherIncome": -57188000, "calculatedIncomeNonControlling": 563000, "calculatedEbitda": 55838000}, {"date": "2016-12-31", "symbol": "ARLP", "reportedCurrency": "USD", "cik": "0001086600", "fillingDate": "2017-02-24", "acceptedDate": "2017-02-24 14:05:45", "calendarYear": "2016", "period": "FY", "revenue": 1931453000, "costOfRevenue": 1154303000, "grossProfit": 777150000, "grossProfitRatio": 0.402365473, "researchAndDevelopmentExpenses": 0, "generalAndAdministrativeExpenses": 72529000, "sellingAndMarketingExpenses": 2170000, "sellingGeneralAndAdministrativeExpenses": 74699000, "otherExpenses": 725000, "operatingExpenses": -406940000, "costAndExpenses": 747363000, "interestIncome": 10000, "interestExpense": -30659000, "depreciationAndAmortization": -340278000, "ebitda": 706220000, "ebitdaratio": 0.3656418251, "operatingIncome": 365942000, "operatingIncomeRatio": 0.1894646155, "totalOtherIncomeExpensesNet": -26391000, "incomeBeforeTax": 339551000, "incomeBeforeTaxRatio": 0.175800809, "incomeTaxExpense": 13000, "netIncome": 251815000, "netIncomeRatio": 0.1303759398, "eps": 3.39, "epsdiluted": 3.39, "weightedAverageShsOut": 74354162, "weightedAverageShsOutDil": 74354178, "link": "https://www.sec.gov/Archives/edgar/data/1086600/000155837017000983/0001558370-17-000983-index.htm", "finalLink": "https://www.sec.gov/Archives/edgar/data/1086600/000155837017000983/arlp-20161231x10k.htm", "calculatedOtherExpenses": 336509000, "calculatedOperatingExpenses": 411208000, "calculatedNetInterest": 30669000, "calculatedOtherIncome": -57060000, "calculatedIncomeNonControlling": 87723000, "calculatedEbitda": 25664000}, {"date": "2015-12-31", "symbol": "ARLP", "reportedCurrency": "USD", "cik": "0001086600", "fillingDate": "2016-02-26", "acceptedDate": "2016-02-26 14:31:26", "calendarYear": "2015", "period": "FY", "revenue": 2273733000, "costOfRevenue": 1420707000, "grossProfit": 853026000, "grossProfitRatio": 0.3751654218, "researchAndDevelopmentExpenses": 0, "generalAndAdministrativeExpenses": 67484000, "sellingAndMarketingExpenses": 0, "sellingGeneralAndAdministrativeExpenses": 67484000, "otherExpenses": 955000, "operatingExpenses": -517139999, "costAndExpenses": 903567001, "interestIncome": 1459000, "interestExpense": -29694000, "depreciationAndAmortization": -427305000, "ebitda": 788734000, "ebitdaratio": 0.3468894545, "operatingIncome": 361429000, "operatingIncomeRatio": 0.1589584177, "totalOtherIncomeExpensesNet": -55237000, "incomeBeforeTax": 306192000, "incomeBeforeTaxRatio": 0.1346648881, "incomeTaxExpense": 21000, "netIncome": 156367000, "netIncomeRatio": 0.0687710474, "eps": 2.11, "epsdiluted": 2.11, "weightedAverageShsOut": 74174389, "weightedAverageShsOutDil": 74174410, "link": "https://www.sec.gov/Archives/edgar/data/1086600/000110465916100435/0001104659-16-100435-index.htm", "finalLink": "https://www.sec.gov/Archives/edgar/data/1086600/000110465916100435/a15-23386_110k.htm", "calculatedOtherExpenses": 424113000, "calculatedOperatingExpenses": 491597000, "calculatedNetInterest": 31153000, "calculatedOtherIncome": -86390000, "calculatedIncomeNonControlling": 149804000, "calculatedEbitda": -65876000}, {"date": "2014-12-31", "symbol": "ARLP", "reportedCurrency": "USD", "cik": "0001086600", "fillingDate": "2015-02-27", "acceptedDate": "2015-02-27 12:48:52", "calendarYear": "2014", "period": "FY", "revenue": 2300721000, "costOfRevenue": 1416395000, "grossProfit": 884326000, "grossProfitRatio": 0.3843690739, "researchAndDevelopmentExpenses": 0, "generalAndAdministrativeExpenses": 72552000, "sellingAndMarketingExpenses": 0, "sellingGeneralAndAdministrativeExpenses": 72552000, "otherExpenses": 1566000, "operatingExpenses": -355200000, "costAndExpenses": 1061195000, "interestIncome": 1671000, "interestExpense": -31913000, "depreciationAndAmortization": -277296000, "ebitda": 814504000, "ebitdaratio": 0.354021196, "operatingIncome": 537208000, "operatingIncomeRatio": 0.2334954999, "totalOtherIncomeExpensesNet": -39995000, "incomeBeforeTax": 497213000, "incomeBeforeTaxRatio": 0.2161118189, "incomeTaxExpense": -16000, "netIncome": 353330000, "netIncomeRatio": 0.1535735971, "eps": 4.77, "epsdiluted": 4.77, "weightedAverageShsOut": 74044417, "weightedAverageShsOutDil": 74044424, "link": "https://www.sec.gov/Archives/edgar/data/1086600/000110465915014977/0001104659-15-014977-index.htm", "finalLink": "https://www.sec.gov/Archives/edgar/data/1086600/000110465915014977/a14-25717_110k.htm", "calculatedOtherExpenses": 274566000, "calculatedOperatingExpenses": 347118000, "calculatedNetInterest": 33584000, "calculatedOtherIncome": -73579000, "calculatedIncomeNonControlling": 143899000, "calculatedEbitda": 259912000}, {"date": "2013-12-31", "symbol": "ARLP", "reportedCurrency": "USD", "cik": "0001086600", "fillingDate": "2014-02-28", "acceptedDate": "2014-02-28 11:20:22", "calendarYear": "2013", "period": "FY", "revenue": 2205561000, "costOfRevenue": 1429635000, "grossProfit": 775926000, "grossProfitRatio": 0.3518043709, "researchAndDevelopmentExpenses": 0, "generalAndAdministrativeExpenses": 63697000, "sellingAndMarketingExpenses": 0, "sellingGeneralAndAdministrativeExpenses": 63697000, "otherExpenses": 1891000, "operatingExpenses": -354958000, "costAndExpenses": 1074677000, "interestIncome": 962000, "interestExpense": -26082000, "depreciationAndAmortization": -267915000, "ebitda": 715233000, "ebitdaratio": 0.324286202, "operatingIncome": 447318000, "operatingIncomeRatio": 0.2028137059, "totalOtherIncomeExpensesNet": -52432000, "incomeBeforeTax": 394886000, "incomeBeforeTaxRatio": 0.1790410694, "incomeTaxExpense": 1396000, "netIncome": 268428999, "netIncomeRatio": 0.1217055429, "eps": 3.63, "epsdiluted": 3.63, "weightedAverageShsOut": 73904383, "weightedAverageShsOutDil": 73904384, "link": "https://www.sec.gov/Archives/edgar/data/1086600/000110465914014605/0001104659-14-014605-index.htm", "finalLink": "https://www.sec.gov/Archives/edgar/data/1086600/000110465914014605/a13-25091_110k.htm", "calculatedOtherExpenses": 264911000, "calculatedOperatingExpenses": 328608000, "calculatedNetInterest": 27044000, "calculatedOtherIncome": -79476000, "calculatedIncomeNonControlling": 125061001, "calculatedEbitda": 179403000}, {"date": "2012-12-31", "symbol": "ARLP", "reportedCurrency": "USD", "cik": "0001086600", "fillingDate": "2013-03-01", "acceptedDate": "2013-03-01 13:08:38", "calendarYear": "2012", "period": "FY", "revenue": 2034301000, "costOfRevenue": 1363932000, "grossProfit": 670369000, "grossProfitRatio": 0.3295328469, "researchAndDevelopmentExpenses": 0, "generalAndAdministrativeExpenses": 58737000, "sellingAndMarketingExpenses": 0, "sellingGeneralAndAdministrativeExpenses": 58737000, "otherExpenses": 3115000, "operatingExpenses": -307425000, "costAndExpenses": 1056507000, "interestIncome": 229000, "interestExpense": -28455000, "depreciationAndAmortization": -220975000, "ebitda": 614485000, "ebitdaratio": 0.3020619859, "operatingIncome": 393510000, "operatingIncomeRatio": 0.193437451, "totalOtherIncomeExpensesNet": -59021000, "incomeBeforeTax": 334489000, "incomeBeforeTaxRatio": 0.164424537, "incomeTaxExpense": 1082000, "netIncome": 225717000, "netIncomeRatio": 0.1109555567, "eps": 3.06, "epsdiluted": 3.06, "weightedAverageShsOut": 73726044, "weightedAverageShsOutDil": 73726067, "link": "https://www.sec.gov/Archives/edgar/data/1086600/000104746913002040/0001047469-13-002040-index.htm", "finalLink": "https://www.sec.gov/Archives/edgar/data/1086600/000104746913002040/a2213192z10-k.htm", "calculatedOtherExpenses": 218122000, "calculatedOperatingExpenses": 276859000, "calculatedNetInterest": 28684000, "calculatedOtherIncome": -87705000, "calculatedIncomeNonControlling": 107690000, "calculatedEbitda": 172535000}, {"date": "2011-12-31", "symbol": "ARLP", "reportedCurrency": "USD", "cik": "0001086600", "fillingDate": "2012-02-28", "acceptedDate": "2012-02-28 15:51:03", "calendarYear": "2011", "period": "FY", "revenue": 1843560000, "costOfRevenue": 1217969000, "grossProfit": 625591000, "grossProfitRatio": 0.3393385623, "researchAndDevelopmentExpenses": 0, "generalAndAdministrativeExpenses": 52334000, "sellingAndMarketingExpenses": 0, "sellingGeneralAndAdministrativeExpenses": 52334000, "otherExpenses": 160335000, "operatingExpenses": 212669000, "costAndExpenses": 1430638000, "interestIncome": 375000, "interestExpense": 21954000, "depreciationAndAmortization": 160335000, "ebitda": 571211000, "ebitdaratio": 0.3098412853, "operatingIncome": 412922000, "operatingIncomeRatio": 0.2239807763, "totalOtherIncomeExpensesNet": -24000000, "incomeBeforeTax": 388922000, "incomeBeforeTaxRatio": 0.2109624856, "incomeTaxExpense": -431000, "netIncome": 389353000, "netIncomeRatio": 0.2111962724, "eps": 5.29, "epsdiluted": 5.29, "weightedAverageShsOut": 73538252, "weightedAverageShsOutDil": 73538252, "link": "https://www.sec.gov/Archives/edgar/data/1086600/000119312512085069/0001193125-12-085069-index.htm", "finalLink": "https://www.sec.gov/Archives/edgar/data/1086600/000119312512085069/d261336d10k.htm", "calculatedOtherExpenses": 160335000, "calculatedOperatingExpenses": 212669000, "calculatedNetInterest": -21579000, "calculatedOtherIncome": -2421000, "calculatedIncomeNonControlling": 0, "calculatedEbitda": 573257000}, {"date": "2010-12-31", "symbol": "ARLP", "reportedCurrency": "USD", "cik": "0001086600", "fillingDate": "2011-02-28", "acceptedDate": "2011-02-28 15:27:47", "calendarYear": "2010", "period": "FY", "revenue": 1610065000, "costOfRevenue": 1060597000, "grossProfit": 549468000, "grossProfitRatio": 0.341270694, "researchAndDevelopmentExpenses": 0, "generalAndAdministrativeExpenses": 50818000, "sellingAndMarketingExpenses": 0, "sellingGeneralAndAdministrativeExpenses": 50818000, "otherExpenses": 146881000, "operatingExpenses": 197699000, "costAndExpenses": 1258296000, "interestIncome": 200000, "interestExpense": 30062000, "depreciationAndAmortization": 146881000, "ebitda": 499701000, "ebitdaratio": 0.3103607618, "operatingIncome": 351769000, "operatingIncomeRatio": 0.2184812414, "totalOtherIncomeExpensesNet": -29011000, "incomeBeforeTax": 322758000, "incomeBeforeTaxRatio": 0.2004627142, "incomeTaxExpense": 1741000, "netIncome": 321017000, "netIncomeRatio": 0.1993813914, "eps": 4.37, "epsdiluted": 4.37, "weightedAverageShsOut": 73420862, "weightedAverageShsOutDil": 73420862, "link": "https://www.sec.gov/Archives/edgar/data/1086600/000119312511049710/0001193125-11-049710-index.htm", "finalLink": "https://www.sec.gov/Archives/edgar/data/1086600/000119312511049710/d10k.htm", "calculatedOtherExpenses": 146881000, "calculatedOperatingExpenses": 197699000, "calculatedNetInterest": -29862000, "calculatedOtherIncome": 851000, "calculatedIncomeNonControlling": 0, "calculatedEbitda": 498650000}, {"date": "2009-12-31", "symbol": "ARLP", "reportedCurrency": "USD", "cik": "0001086600", "fillingDate": "2010-02-26", "acceptedDate": "2010-02-26 15:25:24", "calendarYear": "2009", "period": "FY", "revenue": 1231031000, "costOfRevenue": 850784000, "grossProfit": 380247000, "grossProfitRatio": 0.3088849915, "researchAndDevelopmentExpenses": 0, "generalAndAdministrativeExpenses": 41117000, "sellingAndMarketingExpenses": 0, "sellingGeneralAndAdministrativeExpenses": 41117000, "otherExpenses": 117524000, "operatingExpenses": 158641000, "costAndExpenses": 1009425000, "interestIncome": 1049000, "interestExpense": 30847000, "depreciationAndAmortization": 117524000, "ebitda": 341236000, "ebitdaratio": 0.277195294, "operatingIncome": 221606000, "operatingIncomeRatio": 0.1800165877, "totalOtherIncomeExpensesNet": -28551000, "incomeBeforeTax": 193055000, "incomeBeforeTaxRatio": 0.156823833, "incomeTaxExpense": 708000, "netIncome": 192157000, "netIncomeRatio": 0.1560943632, "eps": 2.62, "epsdiluted": 2.62, "weightedAverageShsOut": 73311110, "weightedAverageShsOutDil": 73311110, "link": "https://www.sec.gov/Archives/edgar/data/1086600/000119312510042724/0001193125-10-042724-index.htm", "finalLink": "https://www.sec.gov/Archives/edgar/data/1086600/000119312510042724/d10k.htm", "calculatedOtherExpenses": 117524000, "calculatedOperatingExpenses": 158641000, "calculatedNetInterest": -29798000, "calculatedOtherIncome": 1247000, "calculatedIncomeNonControlling": 190000, "calculatedEbitda": 339130000}, {"date": "2008-12-31", "symbol": "ARLP", "reportedCurrency": "USD", "cik": "0001086600", "fillingDate": "2009-03-02", "acceptedDate": "2009-03-02 15:06:00", "calendarYear": "2008", "period": "FY", "revenue": 1156549000, "costOfRevenue": 870385000, "grossProfit": 286164000, "grossProfitRatio": 0.2474292053, "researchAndDevelopmentExpenses": 0, "generalAndAdministrativeExpenses": 37176000, "sellingAndMarketingExpenses": 0, "sellingGeneralAndAdministrativeExpenses": 37176000, "otherExpenses": 97329000, "operatingExpenses": 134505000, "costAndExpenses": 1004890000, "interestIncome": 3727000, "interestExpense": 22145000, "depreciationAndAmortization": 105300, "ebitda": 261119000, "ebitdaratio": 0.2257742646, "operatingIncome": 151659000, "operatingIncomeRatio": 0.1311306309, "totalOtherIncomeExpensesNet": -17543000, "incomeBeforeTax": 134116000, "incomeBeforeTaxRatio": 0.115962229, "incomeTaxExpense": -480000, "netIncome": 134176000, "netIncomeRatio": 0.1160141075, "eps": 1.83, "epsdiluted": 1.82, "weightedAverageShsOut": 73209414, "weightedAverageShsOutDil": 73539766, "link": "https://www.sec.gov/Archives/edgar/data/1086600/000119312509042393/0001193125-09-042393-index.htm", "finalLink": "https://www.sec.gov/Archives/edgar/data/1086600/000119312509042393/d10k.htm", "calculatedOtherExpenses": 97329000, "calculatedOperatingExpenses": 134505000, "calculatedNetInterest": -18418000, "calculatedOtherIncome": 875000, "calculatedIncomeNonControlling": 420000, "calculatedEbitda": 151764300}, {"date": "2007-12-31", "symbol": "ARLP", "reportedCurrency": "USD", "cik": "0001086600", "fillingDate": "2008-02-29", "acceptedDate": "2008-02-29 13:06:32", "calendarYear": "2007", "period": "FY", "revenue": 1033334000, "costOfRevenue": 744742000, "grossProfit": 288592000, "grossProfitRatio": 0.2792824005, "researchAndDevelopmentExpenses": 0, "generalAndAdministrativeExpenses": 34479000, "sellingAndMarketingExpenses": 0, "sellingGeneralAndAdministrativeExpenses": 34479000, "otherExpenses": 85310000, "operatingExpenses": 119789000, "costAndExpenses": 864531000, "interestIncome": 1704000, "interestExpense": -11656000, "depreciationAndAmortization": 85300, "ebitda": 257369000, "ebitdaratio": 0.2490666135, "operatingIncome": 180294000, "operatingIncomeRatio": 0.1744779519, "totalOtherIncomeExpensesNet": -8567000, "incomeBeforeTax": 171727000, "incomeBeforeTaxRatio": 0.1661873121, "incomeTaxExpense": 1669000, "netIncome": 170390000, "netIncomeRatio": 0.164893442, "eps": 2.33, "epsdiluted": 2.32, "weightedAverageShsOut": 73096300, "weightedAverageShsOutDil": 73600424, "link": "https://www.sec.gov/Archives/edgar/data/1086600/000119312508043252/0001193125-08-043252-index.htm", "finalLink": "https://www.sec.gov/Archives/edgar/data/1086600/000119312508043252/d10k.htm", "calculatedOtherExpenses": 73819000, "calculatedOperatingExpenses": 108298000, "calculatedNetInterest": 13360000, "calculatedOtherIncome": -21927000, "calculatedIncomeNonControlling": -332000, "calculatedEbitda": 180379300}, {"date": "2006-12-31", "symbol": "ARLP", "reportedCurrency": "USD", "cik": "0001086600", "fillingDate": "2007-03-01", "acceptedDate": "2007-03-01 10:56:11", "calendarYear": "2006", "period": "FY", "revenue": 967557000, "costOfRevenue": 686848000, "grossProfit": 280709000, "grossProfitRatio": 0.2901214089, "researchAndDevelopmentExpenses": 0, "generalAndAdministrativeExpenses": 30884000, "sellingAndMarketingExpenses": 0, "sellingGeneralAndAdministrativeExpenses": 30884000, "otherExpenses": 66489000, "operatingExpenses": 97373000, "costAndExpenses": 784221000, "interestIncome": 3002000, "interestExpense": -12177000, "depreciationAndAmortization": 66500, "ebitda": 241859000, "ebitdaratio": 0.2499687357, "operatingIncome": 183336000, "operatingIncomeRatio": 0.1894834103, "totalOtherIncomeExpensesNet": -8239000, "incomeBeforeTax": 175097000, "incomeBeforeTaxRatio": 0.1809681497, "incomeTaxExpense": 2443000, "netIncome": 172927000, "netIncomeRatio": 0.1787253878, "eps": 2.37, "epsdiluted": 2.35, "weightedAverageShsOut": 72850700, "weightedAverageShsOutDil": 73620766, "link": "https://www.sec.gov/Archives/edgar/data/1086600/000119312507043725/0001193125-07-043725-index.htm", "finalLink": "https://www.sec.gov/Archives/edgar/data/1086600/000119312507043725/d10k.htm", "calculatedOtherExpenses": 66489000, "calculatedOperatingExpenses": 97373000, "calculatedNetInterest": 15179000, "calculatedOtherIncome": -23418000, "calculatedIncomeNonControlling": -273000, "calculatedEbitda": 183402500}, {"date": "2005-12-31", "symbol": "ARLP", "reportedCurrency": "USD", "cik": "0001086600", "fillingDate": "2006-03-16", "acceptedDate": "2006-03-16 13:35:07", "calendarYear": "2005", "period": "FY", "revenue": 838718000, "costOfRevenue": 575670000, "grossProfit": 263048000, "grossProfitRatio": 0.3136310417, "researchAndDevelopmentExpenses": 0, "generalAndAdministrativeExpenses": 33484000, "sellingAndMarketingExpenses": 0, "sellingGeneralAndAdministrativeExpenses": 33484000, "otherExpenses": 67453000, "operatingExpenses": 100937000, "costAndExpenses": 676607000, "interestIncome": 0, "interestExpense": 11816000, "depreciationAndAmortization": 55637000, "ebitda": 218329000, "ebitdaratio": 0.2603127631, "operatingIncome": 162111000, "operatingIncomeRatio": 0.1932842743, "totalOtherIncomeExpensesNet": 581000, "incomeBeforeTax": 162692000, "incomeBeforeTaxRatio": 0.1939769982, "incomeTaxExpense": 2682000, "netIncome": 160010000, "netIncomeRatio": 0.1907792607, "eps": 2.2, "epsdiluted": 2.16, "weightedAverageShsOut": 72577054, "weightedAverageShsOutDil": 73954122, "link": "https://www.sec.gov/Archives/edgar/data/1086600/000119312506056322/0001193125-06-056322-index.htm", "finalLink": "https://www.sec.gov/Archives/edgar/data/1086600/000119312506056322/d10k.htm", "calculatedOtherExpenses": 67453000, "calculatedOperatingExpenses": 100937000, "calculatedNetInterest": -11816000, "calculatedOtherIncome": 12397000, "calculatedIncomeNonControlling": 0, "calculatedEbitda": 217748000}, {"date": "2004-12-31", "symbol": "ARLP", "reportedCurrency": "USD", "cik": "0001086600", "fillingDate": "2005-03-15", "acceptedDate": "2005-03-15 10:52:25", "calendarYear": "2004", "period": "FY", "revenue": 653289000, "costOfRevenue": 476201000, "grossProfit": 177088000, "grossProfitRatio": 0.2710714554, "researchAndDevelopmentExpenses": 0, "generalAndAdministrativeExpenses": 45400000, "sellingAndMarketingExpenses": 0, "sellingGeneralAndAdministrativeExpenses": 45400000, "otherExpenses": 68627000, "operatingExpenses": 114027000, "costAndExpenses": 590228000, "interestIncome": 0, "interestExpense": 14963000, "depreciationAndAmortization": 53664000, "ebitda": 132926000, "ebitdaratio": 0.2034719703, "operatingIncome": 78278000, "operatingIncomeRatio": 0.119821396, "totalOtherIncomeExpensesNet": 984000, "incomeBeforeTax": 79262000, "incomeBeforeTaxRatio": 0.1213276207, "incomeTaxExpense": 2641000, "netIncome": 76621000, "netIncomeRatio": 0.1172849994, "eps": 1.07, "epsdiluted": 1.04, "weightedAverageShsOut": 71763792, "weightedAverageShsOutDil": 73748672, "link": "https://www.sec.gov/Archives/edgar/data/1086600/000119312505050414/0001193125-05-050414-index.htm", "finalLink": "https://www.sec.gov/Archives/edgar/data/1086600/000119312505050414/d10k.htm", "calculatedOtherExpenses": 53410000, "calculatedOperatingExpenses": 98810000, "calculatedNetInterest": -14963000, "calculatedOtherIncome": 15947000, "calculatedIncomeNonControlling": 0, "calculatedEbitda": 131942000}, {"date": "2003-12-31", "symbol": "ARLP", "reportedCurrency": "USD", "cik": "0001086600", "fillingDate": "2004-03-15", "acceptedDate": "2004-03-15 06:03:09", "calendarYear": "2003", "period": "FY", "revenue": 542747000, "costOfRevenue": 396896000, "grossProfit": 145851000, "grossProfitRatio": 0.2687274181, "researchAndDevelopmentExpenses": 0, "generalAndAdministrativeExpenses": 28270000, "sellingAndMarketingExpenses": 0, "sellingGeneralAndAdministrativeExpenses": 28270000, "otherExpenses": 68476000, "operatingExpenses": 96746000, "costAndExpenses": 493642000, "interestIncome": 0, "interestExpense": 0, "depreciationAndAmortization": 52495000, "ebitda": 100226000, "ebitdaratio": 0.1846643095, "operatingIncome": 49105000, "operatingIncomeRatio": 0.0904749358, "totalOtherIncomeExpensesNet": 1374000, "incomeBeforeTax": 50479000, "incomeBeforeTaxRatio": 0.0930065021, "incomeTaxExpense": 2577000, "netIncome": 47902000, "netIncomeRatio": 0.0882584335, "eps": 0.33, "epsdiluted": 0.32, "weightedAverageShsOut": 140645872, "weightedAverageShsOutDil": 145302712, "link": "https://www.sec.gov/Archives/edgar/data/1086600/000095012904001265/0000950129-04-001265-index.htm", "finalLink": "https://www.sec.gov/Archives/edgar/data/1086600/000095012904001265/h13618e10vk.txt", "calculatedOtherExpenses": 68476000, "calculatedOperatingExpenses": 96746000, "calculatedNetInterest": 0, "calculatedOtherIncome": 1374000, "calculatedIncomeNonControlling": 0, "calculatedEbitda": 101600000}, {"date": "2002-12-31", "symbol": "ARLP", "reportedCurrency": "USD", "cik": "0001086600", "fillingDate": "2003-03-20", "acceptedDate": "2003-03-19 18:13:26", "calendarYear": "2002", "period": "FY", "revenue": 517742000, "costOfRevenue": 398842000, "grossProfit": 118900000, "grossProfitRatio": 0.2296510617, "researchAndDevelopmentExpenses": 0, "generalAndAdministrativeExpenses": 19408000, "sellingAndMarketingExpenses": 0, "sellingGeneralAndAdministrativeExpenses": 19408000, "otherExpenses": 63556000, "operatingExpenses": 82964000, "costAndExpenses": 481806000, "interestIncome": 0, "interestExpense": 0, "depreciationAndAmortization": 47218000, "ebitda": 82626000, "ebitdaratio": 0.159589139, "operatingIncome": 35936000, "operatingIncomeRatio": 0.0694090879, "totalOtherIncomeExpensesNet": 528000, "incomeBeforeTax": 36464000, "incomeBeforeTaxRatio": 0.0704289009, "incomeTaxExpense": 175000, "netIncome": 36289000, "netIncomeRatio": 0.0700908947, "eps": 0.58, "epsdiluted": 0.56, "weightedAverageShsOut": 61621244, "weightedAverageShsOutDil": 63370832, "link": "https://www.sec.gov/Archives/edgar/data/1086600/000095012903001453/0000950129-03-001453-index.htm", "finalLink": "https://www.sec.gov/Archives/edgar/data/1086600/000095012903001453/h03349e10vk.txt", "calculatedOtherExpenses": 63556000, "calculatedOperatingExpenses": 82964000, "calculatedNetInterest": 0, "calculatedOtherIncome": 528000, "calculatedIncomeNonControlling": 0, "calculatedEbitda": 83154000}, {"date": "2001-12-31", "symbol": "ARLP", "reportedCurrency": "USD", "cik": "0001086600", "fillingDate": "2002-04-01", "acceptedDate": "2002-04-01 00:00:00", "calendarYear": "2001", "period": "FY", "revenue": 446300000, "costOfRevenue": 326067000, "grossProfit": 120233000, "grossProfitRatio": 0.2693995071, "researchAndDevelopmentExpenses": 0, "generalAndAdministrativeExpenses": 49568000, "sellingAndMarketingExpenses": 0, "sellingGeneralAndAdministrativeExpenses": 49568000, "otherExpenses": 62256000, "operatingExpenses": 111824000, "costAndExpenses": 437891000, "interestIncome": 0, "interestExpense": 17100000, "depreciationAndAmortization": 45451000, "ebitda": 53108000, "ebitdaratio": 0.1189961909, "operatingIncome": 8409000, "operatingIncomeRatio": 0.0188415864, "totalOtherIncomeExpensesNet": 752000, "incomeBeforeTax": 17100000, "incomeBeforeTaxRatio": 0.0383150347, "incomeTaxExpense": -17100000, "netIncome": 17100000, "netIncomeRatio": 0.0383150347, "eps": 0.14, "epsdiluted": 0.13, "weightedAverageShsOut": 123242488, "weightedAverageShsOutDil": 125476400, "link": "https://www.sec.gov/Archives/edgar/data/1086600/000095012902001677/0000950129-02-001677-index.htm", "finalLink": "https://www.sec.gov/Archives/edgar/data/1086600/000095012902001677/h95100e10-k.txt", "calculatedOtherExpenses": 62256000, "calculatedOperatingExpenses": 111824000, "calculatedNetInterest": -17100000, "calculatedOtherIncome": 25791000, "calculatedIncomeNonControlling": 17100000, "calculatedEbitda": 53860000}, {"date": "2000-12-31", "symbol": "ARLP", "reportedCurrency": "USD", "cik": "0001086600", "fillingDate": "2001-03-27", "acceptedDate": "2001-03-27 00:00:00", "calendarYear": "2000", "period": "FY", "revenue": 363469000, "costOfRevenue": 287750000, "grossProfit": 75719000, "grossProfitRatio": 0.2083231307, "researchAndDevelopmentExpenses": 0, "generalAndAdministrativeExpenses": 15176000, "sellingAndMarketingExpenses": 0, "sellingGeneralAndAdministrativeExpenses": 15176000, "otherExpenses": 55704000, "operatingExpenses": 70880000, "costAndExpenses": 358630000, "interestIncome": 0, "interestExpense": 1276000, "depreciationAndAmortization": 39141000, "ebitda": 23772000, "ebitdaratio": 0.0654031018, "operatingIncome": 14305000, "operatingIncomeRatio": 0.039356864, "totalOtherIncomeExpensesNet": 20208000, "incomeBeforeTax": 14305000, "incomeBeforeTaxRatio": 0.039356864, "incomeTaxExpense": -1276000, "netIncome": 15581000, "netIncomeRatio": 0.0428674798, "eps": 0.25, "epsdiluted": 0.25, "weightedAverageShsOut": 61621244, "weightedAverageShsOutDil": 62204248, "link": "https://www.sec.gov/Archives/edgar/data/1086600/000095012901001676/0000950129-01-001676-index.htm", "finalLink": "https://www.sec.gov/Archives/edgar/data/1086600/000095012901001676/h85211e10-k.txt", "calculatedOtherExpenses": 46238000, "calculatedOperatingExpenses": 61414000, "calculatedNetInterest": -1276000, "calculatedOtherIncome": 1276000, "calculatedIncomeNonControlling": 0, "calculatedEbitda": 53446000}, {"date": "1999-12-31", "symbol": "ARLP", "reportedCurrency": "USD", "cik": "0001086600", "fillingDate": "2000-03-29", "acceptedDate": "2000-03-29 00:00:00", "calendarYear": "1999", "period": "FY", "revenue": 346828000, "costOfRevenue": 242011000, "grossProfit": 104817000, "grossProfitRatio": 0.3022160841, "researchAndDevelopmentExpenses": 0, "generalAndAdministrativeExpenses": 15157000, "sellingAndMarketingExpenses": 0, "sellingGeneralAndAdministrativeExpenses": 15157000, "otherExpenses": 63870000, "operatingExpenses": 79027000, "costAndExpenses": 321038000, "interestIncome": 0, "interestExpense": 0, "depreciationAndAmortization": 39703000, "ebitda": 64321000, "ebitdaratio": 0.1854550382, "operatingIncome": 25790000, "operatingIncomeRatio": 0.0743596249, "totalOtherIncomeExpensesNet": 1172000, "incomeBeforeTax": 20975000, "incomeBeforeTaxRatio": 0.0604766628, "incomeTaxExpense": 4498000, "netIncome": 16477000, "netIncomeRatio": 0.0475076983, "eps": 0.12, "epsdiluted": 0.12, "weightedAverageShsOut": 61621244, "weightedAverageShsOutDil": 61621244, "link": "https://www.sec.gov/Archives/edgar/data/1086600/000095012900001504/0000950129-00-001504-index.html", "finalLink": "https://www.sec.gov/Archives/edgar/data/1086600/000095012900001504/", "calculatedOtherExpenses": 63870000, "calculatedOperatingExpenses": 79027000, "calculatedNetInterest": 0, "calculatedOtherIncome": -4815000, "calculatedIncomeNonControlling": 0, "calculatedEbitda": 65493000}, {"date": "1998-12-31", "symbol": "ARLP", "reportedCurrency": "USD", "cik": "0001086600", "fillingDate": "1998-12-31", "acceptedDate": "1998-12-31 00:00:00", "calendarYear": "1998", "period": "FY", "revenue": 403300000, "costOfRevenue": 370200000, "grossProfit": 33100000, "grossProfitRatio": 0.0820728986, "researchAndDevelopmentExpenses": 0, "generalAndAdministrativeExpenses": 15300000, "sellingAndMarketingExpenses": 0, "sellingGeneralAndAdministrativeExpenses": 15300000, "otherExpenses": 5200000, "operatingExpenses": 20500000, "costAndExpenses": 390700000, "interestIncome": 0, "interestExpense": -3800000, "depreciationAndAmortization": 39800000, "ebitda": 52400000, "ebitdaratio": 0.1299280932, "operatingIncome": 12600000, "operatingIncomeRatio": 0.0312422514, "totalOtherIncomeExpensesNet": -100000, "incomeBeforeTax": 12500000, "incomeBeforeTaxRatio": 0.030994297, "incomeTaxExpense": 3800000, "netIncome": 8700000, "netIncomeRatio": 0.0215720307, "eps": 0.14, "epsdiluted": 0.14, "weightedAverageShsOut": 61621244, "weightedAverageShsOutDil": 61621244, "link": null, "finalLink": null, "calculatedOtherExpenses": 5200000, "calculatedOperatingExpenses": 20500000, "calculatedNetInterest": 3800000, "calculatedOtherIncome": -3900000, "calculatedIncomeNonControlling": 0, "calculatedEbitda": 52400000}]}