{"originalCurrency": "USD", "convertedCurrency": "USD", "report": [{"date": "2023-09-29", "symbol": "ARMK", "reportedCurrency": "USD", "cik": "0001584509", "fillingDate": "2023-11-21", "acceptedDate": "2023-11-21 16:29:21", "calendarYear": "2023", "period": "FY", "revenue": 18853857000, "costOfRevenue": 17037797000, "grossProfit": 1816060000, "grossProfitRatio": 0.0963229964, "researchAndDevelopmentExpenses": 0, "generalAndAdministrativeExpenses": 0, "sellingAndMarketingExpenses": 0, "sellingGeneralAndAdministrativeExpenses": 406772000, "otherExpenses": 0, "operatingExpenses": 953134000, "costAndExpenses": 17990931000, "interestIncome": 30246000, "interestExpense": 439585000, "depreciationAndAmortization": 546362000, "ebitda": 1409288000, "ebitdaratio": 0.0747479945, "operatingIncome": 862926000, "operatingIncomeRatio": 0.0457692026, "totalOtherIncomeExpensesNet": 427803000, "incomeBeforeTax": 851144000, "incomeBeforeTaxRatio": 0.0451442906, "incomeTaxExpense": 177614000, "netIncome": 674108000, "netIncomeRatio": 0.0357543817, "eps": 2.59, "epsdiluted": 2.57, "weightedAverageShsOut": 260591999, "weightedAverageShsOutDil": 262594000, "link": "https://www.sec.gov/Archives/edgar/data/1584509/000158450923000237/0001584509-23-000237-index.htm", "finalLink": "https://www.sec.gov/Archives/edgar/data/1584509/000158450923000237/cik0-20230929.htm", "calculatedOtherExpenses": 546362000, "calculatedOperatingExpenses": 953134000, "calculatedNetInterest": -409339000, "calculatedOtherIncome": 397557000, "calculatedIncomeNonControlling": -578000, "calculatedEbitda": 1409288000}, {"date": "2022-09-30", "symbol": "ARMK", "reportedCurrency": "USD", "cik": "0001584509", "fillingDate": "2022-11-22", "acceptedDate": "2022-11-22 16:19:07", "calendarYear": "2022", "period": "FY", "revenue": 16326624000, "costOfRevenue": 14767570000, "grossProfit": 1559054000, "grossProfitRatio": 0.0954915113, "researchAndDevelopmentExpenses": 0, "generalAndAdministrativeExpenses": 0, "sellingAndMarketingExpenses": 0, "sellingGeneralAndAdministrativeExpenses": 398362000, "otherExpenses": 532327000, "operatingExpenses": 930689000, "costAndExpenses": 15698259000, "interestIncome": 17617000, "interestExpense": 381533000, "depreciationAndAmortization": 532327000, "ebitda": 1160692000, "ebitdaratio": 0.0710919784, "operatingIncome": 628365000, "operatingIncomeRatio": 0.0384871361, "totalOtherIncomeExpensesNet": -372727000, "incomeBeforeTax": 255638000, "incomeBeforeTaxRatio": 0.0156577379, "incomeTaxExpense": 61461000, "netIncome": 194484000, "netIncomeRatio": 0.0119120769, "eps": 0.76, "epsdiluted": 0.75, "weightedAverageShsOut": 257314000, "weightedAverageShsOutDil": 259074000, "link": "https://www.sec.gov/Archives/edgar/data/1584509/000158450922000236/0001584509-22-000236-index.htm", "finalLink": "https://www.sec.gov/Archives/edgar/data/1584509/000158450922000236/cik0-20220930.htm", "calculatedOtherExpenses": 532327000, "calculatedOperatingExpenses": 930689000, "calculatedNetInterest": -363916000, "calculatedOtherIncome": -8811000, "calculatedIncomeNonControlling": -307000, "calculatedEbitda": 1160692000}, {"date": "2021-10-01", "symbol": "ARMK", "reportedCurrency": "USD", "cik": "0001584509", "fillingDate": "2021-11-23", "acceptedDate": "2021-11-23 16:43:12", "calendarYear": "2021", "period": "FY", "revenue": 12095965000, "costOfRevenue": 11007080000, "grossProfit": 1088885000, "grossProfitRatio": 0.0900205151, "researchAndDevelopmentExpenses": 0, "generalAndAdministrativeExpenses": 0, "sellingAndMarketingExpenses": 0, "sellingGeneralAndAdministrativeExpenses": 346749000, "otherExpenses": 550692000, "operatingExpenses": 897441000, "costAndExpenses": 11904521000, "interestIncome": 15250000, "interestExpense": 401366000, "depreciationAndAmortization": 550692000, "ebitda": 742136000, "ebitdaratio": 0.0613540135, "operatingIncome": 191444000, "operatingIncomeRatio": 0.0158270961, "totalOtherIncomeExpensesNet": -324296000, "incomeBeforeTax": -132852000, "incomeBeforeTaxRatio": -0.0109831667, "incomeTaxExpense": -40633000, "netIncome": -92219000, "netIncomeRatio": -0.0076239473, "eps": -0.36, "epsdiluted": -0.36, "weightedAverageShsOut": 254748000, "weightedAverageShsOutDil": 254748000, "link": "https://www.sec.gov/Archives/edgar/data/1584509/000158450921000256/0001584509-21-000256-index.htm", "finalLink": "https://www.sec.gov/Archives/edgar/data/1584509/000158450921000256/cik0-20211001.htm", "calculatedOtherExpenses": 550692000, "calculatedOperatingExpenses": 897441000, "calculatedNetInterest": -386116000, "calculatedOtherIncome": 61820000, "calculatedIncomeNonControlling": 0, "calculatedEbitda": 742136000}, {"date": "2020-10-02", "symbol": "ARMK", "reportedCurrency": "USD", "cik": "0001584509", "fillingDate": "2020-11-24", "acceptedDate": "2020-11-24 16:43:31", "calendarYear": "2020", "period": "FY", "revenue": 12829559000, "costOfRevenue": 11993667000, "grossProfit": 835892000, "grossProfitRatio": 0.0651536035, "researchAndDevelopmentExpenses": 0, "generalAndAdministrativeExpenses": 0, "sellingAndMarketingExpenses": 0, "sellingGeneralAndAdministrativeExpenses": 307016000, "otherExpenses": 595195000, "operatingExpenses": 902211000, "costAndExpenses": 12895878000, "interestIncome": 14990000, "interestExpense": 382800000, "depreciationAndAmortization": 595195000, "ebitda": 528876000, "ebitdaratio": 0.0412232408, "operatingIncome": -66319000, "operatingIncomeRatio": -0.0051692346, "totalOtherIncomeExpensesNet": -581400000, "incomeBeforeTax": -647719000, "incomeBeforeTaxRatio": -0.0504864587, "incomeTaxExpense": -186284000, "netIncome": -461435000, "netIncomeRatio": -0.0359665519, "eps": -1.83, "epsdiluted": -1.83, "weightedAverageShsOut": 251828000, "weightedAverageShsOutDil": 251828000, "link": "https://www.sec.gov/Archives/edgar/data/1584509/000158450920000230/0001584509-20-000230-index.htm", "finalLink": "https://www.sec.gov/Archives/edgar/data/1584509/000158450920000230/cik0-20201002.htm", "calculatedOtherExpenses": 595195000, "calculatedOperatingExpenses": 902211000, "calculatedNetInterest": -367810000, "calculatedOtherIncome": -213590000, "calculatedIncomeNonControlling": 0, "calculatedEbitda": 528876000}, {"date": "2019-09-27", "symbol": "ARMK", "reportedCurrency": "USD", "cik": "0001584509", "fillingDate": "2019-11-26", "acceptedDate": "2019-11-26 16:15:39", "calendarYear": "2019", "period": "FY", "revenue": 16227341000, "costOfRevenue": 14532662000, "grossProfit": 1694679000, "grossProfitRatio": 0.1044335606, "researchAndDevelopmentExpenses": 0, "generalAndAdministrativeExpenses": 0, "sellingAndMarketingExpenses": 0, "sellingGeneralAndAdministrativeExpenses": 367256000, "otherExpenses": 592573000, "operatingExpenses": 959829000, "costAndExpenses": 15492491000, "interestIncome": 28985000, "interestExpense": 334987000, "depreciationAndAmortization": 436264000, "ebitda": 1327423000, "ebitdaratio": 0.0818016334, "operatingIncome": 891159000, "operatingIncomeRatio": 0.0549171303, "totalOtherIncomeExpensesNet": -334987000, "incomeBeforeTax": 556172000, "incomeBeforeTaxRatio": 0.0342737606, "incomeTaxExpense": 107706000, "netIncome": 448549000, "netIncomeRatio": 0.0276415588, "eps": 1.82, "epsdiluted": 1.78, "weightedAverageShsOut": 246854000, "weightedAverageShsOutDil": 252010000, "link": "https://www.sec.gov/Archives/edgar/data/1584509/000158450919000237/0001584509-19-000237-index.htm", "finalLink": "https://www.sec.gov/Archives/edgar/data/1584509/000158450919000237/fy2019aramark10-k.htm", "calculatedOtherExpenses": 436264000, "calculatedOperatingExpenses": 803520000, "calculatedNetInterest": -306002000, "calculatedOtherIncome": -28985000, "calculatedIncomeNonControlling": -83000, "calculatedEbitda": 1327423000}, {"date": "2018-09-28", "symbol": "ARMK", "reportedCurrency": "USD", "cik": "0001584509", "fillingDate": "2018-11-21", "acceptedDate": "2018-11-21 16:35:54", "calendarYear": "2018", "period": "FY", "revenue": 15789633000, "costOfRevenue": 13990185000, "grossProfit": 1799448000, "grossProfitRatio": 0.1139638901, "researchAndDevelopmentExpenses": 0, "generalAndAdministrativeExpenses": 0, "sellingAndMarketingExpenses": 377129000, "sellingGeneralAndAdministrativeExpenses": 377129000, "otherExpenses": 596181999, "operatingExpenses": 973311000, "costAndExpenses": 14963496000, "interestIncome": 9238000, "interestExpense": 354261000, "depreciationAndAmortization": 596182000, "ebitda": 1422319000, "ebitdaratio": 0.0900792944, "operatingIncome": 826137000, "operatingIncomeRatio": 0.0523214821, "totalOtherIncomeExpensesNet": -354261000, "incomeBeforeTax": 471876000, "incomeBeforeTaxRatio": 0.0298851785, "incomeTaxExpense": -96564000, "netIncome": 567885000, "netIncomeRatio": 0.0359656871, "eps": 2.31, "epsdiluted": 2.24, "weightedAverageShsOut": 245771000, "weightedAverageShsOutDil": 253352000, "link": "https://www.sec.gov/Archives/edgar/data/1584509/000158450918000226/0001584509-18-000226-index.htm", "finalLink": "https://www.sec.gov/Archives/edgar/data/1584509/000158450918000226/fy2018aramark10-k.htm", "calculatedOtherExpenses": 596182000, "calculatedOperatingExpenses": 973311000, "calculatedNetInterest": -345023000, "calculatedOtherIncome": -9238000, "calculatedIncomeNonControlling": 555000, "calculatedEbitda": 1422319000}, {"date": "2017-09-29", "symbol": "ARMK", "reportedCurrency": "USD", "cik": "0001584509", "fillingDate": "2017-11-22", "acceptedDate": "2017-11-22 16:05:51", "calendarYear": "2017", "period": "FY", "revenue": 14604412000, "costOfRevenue": 12988973000, "grossProfit": 1615439000, "grossProfitRatio": 0.1106130805, "researchAndDevelopmentExpenses": 0, "generalAndAdministrativeExpenses": 0, "sellingAndMarketingExpenses": 299170000, "sellingGeneralAndAdministrativeExpenses": 299170000, "otherExpenses": 508211999.99999964, "operatingExpenses": 807382000, "costAndExpenses": 13796355000, "interestIncome": 5942000, "interestExpense": 287415000, "depreciationAndAmortization": 508212000, "ebitda": 1316269000, "ebitdaratio": 0.090128175, "operatingIncome": 808057000, "operatingIncomeRatio": 0.0553296497, "totalOtherIncomeExpensesNet": -287415000, "incomeBeforeTax": 520642000, "incomeBeforeTaxRatio": 0.0356496379, "incomeTaxExpense": 146455000, "netIncome": 373923000, "netIncomeRatio": 0.0256034272, "eps": 1.53, "epsdiluted": 1.49, "weightedAverageShsOut": 244453000, "weightedAverageShsOutDil": 251557000, "link": "https://www.sec.gov/Archives/edgar/data/1584509/000158450917000247/0001584509-17-000247-index.htm", "finalLink": "https://www.sec.gov/Archives/edgar/data/1584509/000158450917000247/fy2017aramark10-k.htm", "calculatedOtherExpenses": 508212000, "calculatedOperatingExpenses": 807382000, "calculatedNetInterest": -281473000, "calculatedOtherIncome": -5942000, "calculatedIncomeNonControlling": 264000, "calculatedEbitda": 1316269000}, {"date": "2016-09-30", "symbol": "ARMK", "reportedCurrency": "USD", "cik": "0001584509", "fillingDate": "2016-11-23", "acceptedDate": "2016-11-23 16:03:49", "calendarYear": "2016", "period": "FY", "revenue": 14415829000, "costOfRevenue": 12890408000, "grossProfit": 1525421000, "grossProfitRatio": 0.1058156975, "researchAndDevelopmentExpenses": 0, "generalAndAdministrativeExpenses": 0, "sellingAndMarketingExpenses": 0, "sellingGeneralAndAdministrativeExpenses": 283342000, "otherExpenses": 495765000, "operatingExpenses": 779107000, "costAndExpenses": 13669515000, "interestIncome": 5288000, "interestExpense": 315383000, "depreciationAndAmortization": 495765000, "ebitda": 1242079000, "ebitdaratio": 0.0861607751, "operatingIncome": 746314000, "operatingIncomeRatio": 0.0517704532, "totalOtherIncomeExpensesNet": -315383000, "incomeBeforeTax": 430931000, "incomeBeforeTaxRatio": 0.0298929045, "incomeTaxExpense": 142699000, "netIncome": 287806000, "netIncomeRatio": 0.019964582, "eps": 1.19, "epsdiluted": 1.16, "weightedAverageShsOut": 242286000, "weightedAverageShsOutDil": 248763000, "link": "https://www.sec.gov/Archives/edgar/data/1584509/000158450916000514/0001584509-16-000514-index.htm", "finalLink": "https://www.sec.gov/Archives/edgar/data/1584509/000158450916000514/fy2016aramark10-k.htm", "calculatedOtherExpenses": 495765000, "calculatedOperatingExpenses": 779107000, "calculatedNetInterest": -310095000, "calculatedOtherIncome": -5288000, "calculatedIncomeNonControlling": 426000, "calculatedEbitda": 1242079000}, {"date": "2015-10-02", "symbol": "ARMK", "reportedCurrency": "USD", "cik": "0001584509", "fillingDate": "2015-12-01", "acceptedDate": "2015-12-01 16:44:36", "calendarYear": "2015", "period": "FY", "revenue": 14329135000, "costOfRevenue": 12880424000, "grossProfit": 1448711000, "grossProfitRatio": 0.1011024741, "researchAndDevelopmentExpenses": 0, "generalAndAdministrativeExpenses": 0, "sellingAndMarketingExpenses": 316740000, "sellingGeneralAndAdministrativeExpenses": 316740000, "otherExpenses": 504032999.99999917, "operatingExpenses": 820773000, "costAndExpenses": 13701197000, "interestIncome": 4932000, "interestExpense": 285942000, "depreciationAndAmortization": 504033000, "ebitda": 1131971000, "ebitdaratio": 0.07899786, "operatingIncome": 627938000, "operatingIncomeRatio": 0.0438224638, "totalOtherIncomeExpensesNet": -285942000, "incomeBeforeTax": 341996000, "incomeBeforeTaxRatio": 0.0238671769, "incomeTaxExpense": 105020000, "netIncome": 235946000, "netIncomeRatio": 0.0164661719, "eps": 0.99, "epsdiluted": 0.96, "weightedAverageShsOut": 237616000, "weightedAverageShsOutDil": 246616000, "link": "https://www.sec.gov/Archives/edgar/data/1584509/000158450915000215/0001584509-15-000215-index.htm", "finalLink": "https://www.sec.gov/Archives/edgar/data/1584509/000158450915000215/fy2015aramark10-k.htm", "calculatedOtherExpenses": 504033000, "calculatedOperatingExpenses": 820773000, "calculatedNetInterest": -281010000, "calculatedOtherIncome": -4932000, "calculatedIncomeNonControlling": 1030000, "calculatedEbitda": 1131971000}, {"date": "2014-10-03", "symbol": "ARMK", "reportedCurrency": "USD", "cik": "0001584509", "fillingDate": "2014-12-03", "acceptedDate": "2014-12-02 19:26:35", "calendarYear": "2014", "period": "FY", "revenue": 14832913000, "costOfRevenue": 13363918000, "grossProfit": 1468995000, "grossProfitRatio": 0.0990361772, "researchAndDevelopmentExpenses": 0, "generalAndAdministrativeExpenses": 0, "sellingAndMarketingExpenses": 0, "sellingGeneralAndAdministrativeExpenses": 382851000, "otherExpenses": 521581000, "operatingExpenses": 904432000, "costAndExpenses": 14268350000, "interestIncome": 4338000, "interestExpense": 334886000, "depreciationAndAmortization": 521581000, "ebitda": 1086144000, "ebitdaratio": 0.073225266, "operatingIncome": 564563000, "operatingIncomeRatio": 0.0380615055, "totalOtherIncomeExpensesNet": -334886000, "incomeBeforeTax": 229677000, "incomeBeforeTaxRatio": 0.0154842815, "incomeTaxExpense": 80218000, "netIncome": 148956000, "netIncomeRatio": 0.0100422621, "eps": 0.66, "epsdiluted": 0.63, "weightedAverageShsOut": 225866000, "weightedAverageShsOutDil": 237451000, "link": "https://www.sec.gov/Archives/edgar/data/1584509/000158450914000122/0001584509-14-000122-index.htm", "finalLink": "https://www.sec.gov/Archives/edgar/data/1584509/000158450914000122/fy2014aramark10-k.htm", "calculatedOtherExpenses": 521581000, "calculatedOperatingExpenses": 904432000, "calculatedNetInterest": -330548000, "calculatedOtherIncome": -4338000, "calculatedIncomeNonControlling": 503000, "calculatedEbitda": 1086144000}, {"date": "2013-09-30", "symbol": "ARMK", "reportedCurrency": "USD", "cik": "0001584509", "fillingDate": "2013-09-30", "acceptedDate": "2013-09-29 20:00:00", "calendarYear": "2013", "period": "FY", "revenue": 13945657000, "costOfRevenue": 12661145000, "grossProfit": 1284512000, "grossProfitRatio": 0.092108389, "researchAndDevelopmentExpenses": 0, "generalAndAdministrativeExpenses": 0, "sellingAndMarketingExpenses": 0, "sellingGeneralAndAdministrativeExpenses": 227902000, "otherExpenses": 542136000, "operatingExpenses": 770038000, "costAndExpenses": 13431183000, "interestIncome": 6430000, "interestExpense": 425625000, "depreciationAndAmortization": 542136000, "ebitda": 1058390000, "ebitdaratio": 0.0758938786, "operatingIncome": 514474000, "operatingIncomeRatio": 0.0368913419, "totalOtherIncomeExpensesNet": -423845000, "incomeBeforeTax": 90629000, "incomeBeforeTaxRatio": 0.0064987257, "incomeTaxExpense": 19233000, "netIncome": 69356000, "netIncomeRatio": 0.0049733046, "eps": 0.3, "epsdiluted": 0.3, "weightedAverageShsOut": 229837345, "weightedAverageShsOutDil": 229837345, "link": "", "finalLink": "", "calculatedOtherExpenses": 542136000, "calculatedOperatingExpenses": 770038000, "calculatedNetInterest": -419195000, "calculatedOtherIncome": -4650000, "calculatedIncomeNonControlling": 2040000, "calculatedEbitda": 1056610000}, {"date": "2012-09-30", "symbol": "ARMK", "reportedCurrency": "USD", "cik": "0001584509", "fillingDate": "2012-09-30", "acceptedDate": "2012-09-29 20:00:00", "calendarYear": "2012", "period": "FY", "revenue": 13505426000, "costOfRevenue": 12191419000, "grossProfit": 1314007000, "grossProfitRatio": 0.0972947466, "researchAndDevelopmentExpenses": 0, "generalAndAdministrativeExpenses": 0, "sellingAndMarketingExpenses": 0, "sellingGeneralAndAdministrativeExpenses": 203019000, "otherExpenses": 529213000, "operatingExpenses": 732232000, "costAndExpenses": 12923651000, "interestIncome": 5477000, "interestExpense": 459083000, "depreciationAndAmortization": 529213000, "ebitda": 1113264000, "ebitdaratio": 0.0824308689, "operatingIncome": 581775000, "operatingIncomeRatio": 0.0430771306, "totalOtherIncomeExpensesNet": -456807000, "incomeBeforeTax": 124968000, "incomeBeforeTaxRatio": 0.0092531698, "incomeTaxExpense": 18066000, "netIncome": 103551000, "netIncomeRatio": 0.0076673627, "eps": 0.45, "epsdiluted": 0.45, "weightedAverageShsOut": 229837345, "weightedAverageShsOutDil": 229837345, "link": "", "finalLink": "", "calculatedOtherExpenses": 529213000, "calculatedOperatingExpenses": 732232000, "calculatedNetInterest": -453606000, "calculatedOtherIncome": -3201000, "calculatedIncomeNonControlling": 3351000, "calculatedEbitda": 1110988000}, {"date": "2011-09-30", "symbol": "ARMK", "reportedCurrency": "USD", "cik": "0001584509", "fillingDate": "2011-09-30", "acceptedDate": "2011-09-29 20:00:00", "calendarYear": "2011", "period": "FY", "revenue": 13082377000, "costOfRevenue": 11836780000, "grossProfit": 1245597000, "grossProfitRatio": 0.0952118258, "researchAndDevelopmentExpenses": 0, "generalAndAdministrativeExpenses": 0, "sellingAndMarketingExpenses": 0, "sellingGeneralAndAdministrativeExpenses": 187992000, "otherExpenses": 510516000, "operatingExpenses": 698508000, "costAndExpenses": 12535288000, "interestIncome": 18653000, "interestExpense": 466140000, "depreciationAndAmortization": 516290000, "ebitda": 1078399000, "ebitdaratio": 0.0824314266, "operatingIncome": 547089000, "operatingIncomeRatio": 0.0418187765, "totalOtherIncomeExpensesNet": -451120000, "incomeBeforeTax": 95969000, "incomeBeforeTaxRatio": 0.0073357464, "incomeTaxExpense": -734000, "netIncome": 83846000, "netIncomeRatio": 0.0064090799, "eps": 0.36, "epsdiluted": 0.36, "weightedAverageShsOut": 229837345, "weightedAverageShsOutDil": 229837345, "link": "", "finalLink": "", "calculatedOtherExpenses": 510516000, "calculatedOperatingExpenses": 698508000, "calculatedNetInterest": -447487000, "calculatedOtherIncome": -3633000, "calculatedIncomeNonControlling": 12857000, "calculatedEbitda": 1063379000}]}