{"originalCurrency": "USD", "convertedCurrency": "USD", "report": [{"date": "2023-12-31", "symbol": "AROC", "reportedCurrency": "USD", "cik": "0001389050", "fillingDate": "2024-02-21", "acceptedDate": "2024-02-21 16:19:40", "calendarYear": "2023", "period": "FY", "revenue": 990337000, "costOfRevenue": 615260000, "grossProfit": 375077000, "grossProfitRatio": 0.3787367331, "researchAndDevelopmentExpenses": 0, "generalAndAdministrativeExpenses": 0, "sellingAndMarketingExpenses": 0, "sellingGeneralAndAdministrativeExpenses": 116639000, "otherExpenses": -1086000, "operatingExpenses": 116639000, "costAndExpenses": 731899000, "interestIncome": 0, "interestExpense": 111488000, "depreciationAndAmortization": 169560000, "ebitda": 426912000, "ebitdaratio": 0.4310775019, "operatingIncome": 257352000, "operatingIncomeRatio": 0.2598630567, "totalOtherIncomeExpensesNet": -4703000, "incomeBeforeTax": 142247000, "incomeBeforeTaxRatio": 0.1436349445, "incomeTaxExpense": 37249000, "netIncome": 104998000, "netIncomeRatio": 0.1060224954, "eps": 0.67, "epsdiluted": 0.67, "weightedAverageShsOut": 154126000, "weightedAverageShsOutDil": 154344000, "link": "https://www.sec.gov/Archives/edgar/data/1389050/000138905024000007/0001389050-24-000007-index.htm", "finalLink": "https://www.sec.gov/Archives/edgar/data/1389050/000138905024000007/aroc-20231231x10k.htm", "calculatedOtherExpenses": 1086000, "calculatedOperatingExpenses": 117725000, "calculatedNetInterest": -111488000, "calculatedOtherIncome": -3617000, "calculatedIncomeNonControlling": 0, "calculatedEbitda": 426912000}, {"date": "2022-12-31", "symbol": "AROC", "reportedCurrency": "USD", "cik": "0001389050", "fillingDate": "2023-02-22", "acceptedDate": "2023-02-22 16:42:19", "calendarYear": "2022", "period": "FY", "revenue": 845568000, "costOfRevenue": 583743000, "grossProfit": 261825000, "grossProfitRatio": 0.3096439317, "researchAndDevelopmentExpenses": 0, "generalAndAdministrativeExpenses": 0, "sellingAndMarketingExpenses": 0, "sellingGeneralAndAdministrativeExpenses": 117184000, "otherExpenses": -1845000, "operatingExpenses": 117184000, "costAndExpenses": 700927000, "interestIncome": 101259000, "interestExpense": 101259000, "depreciationAndAmortization": 167465000, "ebitda": 142796000, "ebitdaratio": 0.1688758326, "operatingIncome": -24669000, "operatingIncomeRatio": -0.0291744721, "totalOtherIncomeExpensesNet": 85258000, "incomeBeforeTax": 60589000, "incomeBeforeTaxRatio": 0.071654793, "incomeTaxExpense": 16293000, "netIncome": 44296000, "netIncomeRatio": 0.0523860884, "eps": 0.28, "epsdiluted": 0.28, "weightedAverageShsOut": 153281000, "weightedAverageShsOutDil": 153410000, "link": "https://www.sec.gov/Archives/edgar/data/1389050/000138905023000013/0001389050-23-000013-index.htm", "finalLink": "https://www.sec.gov/Archives/edgar/data/1389050/000138905023000013/aroc-20221231x10k.htm", "calculatedOtherExpenses": 169310000, "calculatedOperatingExpenses": 286494000, "calculatedNetInterest": 0, "calculatedOtherIncome": 85258000, "calculatedIncomeNonControlling": 0, "calculatedEbitda": 142796000}, {"date": "2021-12-31", "symbol": "AROC", "reportedCurrency": "USD", "cik": "0001389050", "fillingDate": "2022-02-23", "acceptedDate": "2022-02-23 14:33:09", "calendarYear": "2021", "period": "FY", "revenue": 781461000, "costOfRevenue": 537863000, "grossProfit": 243598000, "grossProfitRatio": 0.3117212503, "researchAndDevelopmentExpenses": 0, "generalAndAdministrativeExpenses": 0, "sellingAndMarketingExpenses": 0, "sellingGeneralAndAdministrativeExpenses": 107167000, "otherExpenses": 4707000, "operatingExpenses": 107167000, "costAndExpenses": 645030000, "interestIncome": 108135000, "interestExpense": 108135000, "depreciationAndAmortization": 182826000, "ebitda": 141138000, "ebitdaratio": 0.1806078614, "operatingIncome": -41688000, "operatingIncomeRatio": -0.0533462322, "totalOtherIncomeExpensesNet": 80649000, "incomeBeforeTax": 38961000, "incomeBeforeTaxRatio": 0.0498566147, "incomeTaxExpense": 10744000, "netIncome": 28217000, "netIncomeRatio": 0.0361080079, "eps": 0.18, "epsdiluted": 0.18, "weightedAverageShsOut": 151684000, "weightedAverageShsOutDil": 151830000, "link": "https://www.sec.gov/Archives/edgar/data/1389050/000138905022000007/0001389050-22-000007-index.htm", "finalLink": "https://www.sec.gov/Archives/edgar/data/1389050/000138905022000007/aroc-20211231x10k.htm", "calculatedOtherExpenses": 178119000, "calculatedOperatingExpenses": 285286000, "calculatedNetInterest": 0, "calculatedOtherIncome": 80649000, "calculatedIncomeNonControlling": 0, "calculatedEbitda": 141138000}, {"date": "2020-12-31", "symbol": "AROC", "reportedCurrency": "USD", "cik": "0001389050", "fillingDate": "2021-02-23", "acceptedDate": "2021-02-22 21:00:47", "calendarYear": "2020", "period": "FY", "revenue": 874970000, "costOfRevenue": 570331000, "grossProfit": 304639000, "grossProfitRatio": 0.3481707944, "researchAndDevelopmentExpenses": 0, "generalAndAdministrativeExpenses": 0, "sellingAndMarketingExpenses": 0, "sellingGeneralAndAdministrativeExpenses": 105100000, "otherExpenses": 1359000, "operatingExpenses": 105100000, "costAndExpenses": 675431000, "interestIncome": 105716000, "interestExpense": 105716000, "depreciationAndAmortization": 196615000, "ebitda": 200898000, "ebitdaratio": 0.2296055865, "operatingIncome": 4283000, "operatingIncomeRatio": 0.004895025, "totalOtherIncomeExpensesNet": -90265000, "incomeBeforeTax": -85982000, "incomeBeforeTaxRatio": -0.0982685121, "incomeTaxExpense": -17537000, "netIncome": -68445000, "netIncomeRatio": -0.0782255392, "eps": -0.45, "epsdiluted": -0.45, "weightedAverageShsOut": 150828000, "weightedAverageShsOutDil": 150828000, "link": "https://www.sec.gov/Archives/edgar/data/1389050/000138905021000011/0001389050-21-000011-index.htm", "finalLink": "https://www.sec.gov/Archives/edgar/data/1389050/000138905021000011/aroc-20201231x10k.htm", "calculatedOtherExpenses": 195256000, "calculatedOperatingExpenses": 300356000, "calculatedNetInterest": 0, "calculatedOtherIncome": -90265000, "calculatedIncomeNonControlling": 0, "calculatedEbitda": 200898000}, {"date": "2019-12-31", "symbol": "AROC", "reportedCurrency": "USD", "cik": "0001389050", "fillingDate": "2020-02-21", "acceptedDate": "2020-02-21 12:48:51", "calendarYear": "2019", "period": "FY", "revenue": 965485000, "costOfRevenue": 644322000, "grossProfit": 321163000, "grossProfitRatio": 0.3326442151, "researchAndDevelopmentExpenses": 0, "generalAndAdministrativeExpenses": 0, "sellingAndMarketingExpenses": 0, "sellingGeneralAndAdministrativeExpenses": 117727000, "otherExpenses": 216000, "operatingExpenses": 117727000, "costAndExpenses": 762049000, "interestIncome": 104681000, "interestExpense": 104681000, "depreciationAndAmortization": 188084000, "ebitda": 203652000, "ebitdaratio": 0.2109323293, "operatingIncome": 15568000, "operatingIncomeRatio": 0.0161245384, "totalOtherIncomeExpensesNet": 42890000, "incomeBeforeTax": 58458000, "incomeBeforeTaxRatio": 0.0605478076, "incomeTaxExpense": -39145000, "netIncome": 97330000, "netIncomeRatio": 0.1008094377, "eps": 0.7, "epsdiluted": 0.7, "weightedAverageShsOut": 137492000, "weightedAverageShsOutDil": 137528000, "link": "https://www.sec.gov/Archives/edgar/data/1389050/000138905020000028/0001389050-20-000028-index.htm", "finalLink": "https://www.sec.gov/Archives/edgar/data/1389050/000138905020000028/a201910karoc.htm", "calculatedOtherExpenses": 187868000, "calculatedOperatingExpenses": 305595000, "calculatedNetInterest": 0, "calculatedOtherIncome": 42890000, "calculatedIncomeNonControlling": 273000, "calculatedEbitda": 203652000}, {"date": "2018-12-31", "symbol": "AROC", "reportedCurrency": "USD", "cik": "0001389050", "fillingDate": "2019-02-20", "acceptedDate": "2019-02-20 16:59:30", "calendarYear": "2018", "period": "FY", "revenue": 904441000, "costOfRevenue": 639313000, "grossProfit": 265128000, "grossProfitRatio": 0.2931401827, "researchAndDevelopmentExpenses": 0, "generalAndAdministrativeExpenses": 0, "sellingAndMarketingExpenses": 0, "sellingGeneralAndAdministrativeExpenses": 101563000, "otherExpenses": 5812000, "operatingExpenses": 101563000, "costAndExpenses": 740876000, "interestIncome": 0, "interestExpense": 93328000, "depreciationAndAmortization": 174946000, "ebitda": 169377000, "ebitdaratio": 0.1872725805, "operatingIncome": 169377000, "operatingIncomeRatio": 0.1872725805, "totalOtherIncomeExpensesNet": -34927000, "incomeBeforeTax": 35310000, "incomeBeforeTaxRatio": 0.0390406892, "incomeTaxExpense": 6150000, "netIncome": 21063000, "netIncomeRatio": 0.0232884179, "eps": 0.19, "epsdiluted": 0.19, "weightedAverageShsOut": 109305000, "weightedAverageShsOutDil": 109421000, "link": "https://www.sec.gov/Archives/edgar/data/1389050/000138905019000021/0001389050-19-000021-index.htm", "finalLink": "https://www.sec.gov/Archives/edgar/data/1389050/000138905019000021/a201810karoc.htm", "calculatedOtherExpenses": -5812000, "calculatedOperatingExpenses": 95751000, "calculatedNetInterest": -93328000, "calculatedOtherIncome": -40739000, "calculatedIncomeNonControlling": 8097000, "calculatedEbitda": 344323000}, {"date": "2017-12-31", "symbol": "AROC", "reportedCurrency": "USD", "cik": "0001389050", "fillingDate": "2018-02-22", "acceptedDate": "2018-02-22 16:41:49", "calendarYear": "2017", "period": "FY", "revenue": 794655000, "costOfRevenue": 607485000, "grossProfit": 187170000, "grossProfitRatio": 0.2355361761, "researchAndDevelopmentExpenses": 0, "generalAndAdministrativeExpenses": 0, "sellingAndMarketingExpenses": 0, "sellingGeneralAndAdministrativeExpenses": 111483000, "otherExpenses": 1273000, "operatingExpenses": 111483000, "costAndExpenses": 718968000, "interestIncome": 0, "interestExpense": 88760000, "depreciationAndAmortization": 188563000, "ebitda": 265523000, "ebitdaratio": 0.3341361975, "operatingIncome": 76960000, "operatingIncomeRatio": 0.0968470594, "totalOtherIncomeExpensesNet": -29546000, "incomeBeforeTax": -42619000, "incomeBeforeTaxRatio": -0.0536320793, "incomeTaxExpense": -61083000, "netIncome": 18953000, "netIncomeRatio": 0.0238506018, "eps": 0.26, "epsdiluted": 0.26, "weightedAverageShsOut": 69552000, "weightedAverageShsOutDil": 69664000, "link": "https://www.sec.gov/Archives/edgar/data/1389050/000138905018000006/0001389050-18-000006-index.htm", "finalLink": "https://www.sec.gov/Archives/edgar/data/1389050/000138905018000006/a201710karoc.htm", "calculatedOtherExpenses": -1273000, "calculatedOperatingExpenses": 110210000, "calculatedNetInterest": -88760000, "calculatedOtherIncome": -30819000, "calculatedIncomeNonControlling": -489000, "calculatedEbitda": 265523000}, {"date": "2016-12-31", "symbol": "AROC", "reportedCurrency": "USD", "cik": "0001389050", "fillingDate": "2017-02-23", "acceptedDate": "2017-02-23 16:36:13", "calendarYear": "2016", "period": "FY", "revenue": 807069000, "costOfRevenue": 588905000, "grossProfit": 218164000, "grossProfitRatio": 0.2703164166, "researchAndDevelopmentExpenses": 0, "generalAndAdministrativeExpenses": 0, "sellingAndMarketingExpenses": 0, "sellingGeneralAndAdministrativeExpenses": 114470000, "otherExpenses": -4880000, "operatingExpenses": 114470000, "costAndExpenses": 703375000, "interestIncome": 0, "interestExpense": 83899000, "depreciationAndAmortization": 208986000, "ebitda": 98814000, "ebitdaratio": 0.1224356282, "operatingIncome": 98814000, "operatingIncomeRatio": 0.1224356282, "totalOtherIncomeExpensesNet": -109216000, "incomeBeforeTax": -89421000, "incomeBeforeTaxRatio": -0.1107972181, "incomeTaxExpense": -24604000, "netIncome": -54555000, "netIncomeRatio": -0.0675964509, "eps": -0.79, "epsdiluted": -0.79, "weightedAverageShsOut": 68993000, "weightedAverageShsOutDil": 68993000, "link": "https://www.sec.gov/Archives/edgar/data/1389050/000138905017000028/0001389050-17-000028-index.htm", "finalLink": "https://www.sec.gov/Archives/edgar/data/1389050/000138905017000028/a201610karoc.htm", "calculatedOtherExpenses": 4880000, "calculatedOperatingExpenses": 119350000, "calculatedNetInterest": -83899000, "calculatedOtherIncome": -104336000, "calculatedIncomeNonControlling": -10262000, "calculatedEbitda": 307800000}, {"date": "2015-12-31", "symbol": "AROC", "reportedCurrency": "USD", "cik": "0001389050", "fillingDate": "2016-02-29", "acceptedDate": "2016-02-29 10:03:25", "calendarYear": "2015", "period": "FY", "revenue": 998108000, "costOfRevenue": 724173000, "grossProfit": 273935000, "grossProfitRatio": 0.2744542675, "researchAndDevelopmentExpenses": 0, "generalAndAdministrativeExpenses": 0, "sellingAndMarketingExpenses": 0, "sellingGeneralAndAdministrativeExpenses": 131919000, "otherExpenses": 2079000, "operatingExpenses": 131919000, "costAndExpenses": 856092000, "interestIncome": 0, "interestExpense": 107617000, "depreciationAndAmortization": 229127000, "ebitda": 144095000, "ebitdaratio": 0.1443681445, "operatingIncome": 144095000, "operatingIncomeRatio": 0.1443681445, "totalOtherIncomeExpensesNet": -140584000, "incomeBeforeTax": -106185000, "incomeBeforeTaxRatio": -0.1063862828, "incomeTaxExpense": 53189000, "netIncome": -105818000, "netIncomeRatio": -0.1060185872, "eps": -1.55, "epsdiluted": -1.55, "weightedAverageShsOut": 68336065, "weightedAverageShsOutDil": 68433000, "link": "https://www.sec.gov/Archives/edgar/data/1389050/000138905016000047/0001389050-16-000047-index.htm", "finalLink": "https://www.sec.gov/Archives/edgar/data/1389050/000138905016000047/a201510karoc.htm", "calculatedOtherExpenses": -2079000, "calculatedOperatingExpenses": 129840000, "calculatedNetInterest": -107617000, "calculatedOtherIncome": -142663000, "calculatedIncomeNonControlling": -53556000, "calculatedEbitda": 373222000}, {"date": "2014-12-31", "symbol": "AROC", "reportedCurrency": "USD", "cik": "0001389050", "fillingDate": "2015-02-26", "acceptedDate": "2015-02-26 15:34:27", "calendarYear": "2014", "period": "FY", "revenue": 2899738000, "costOfRevenue": 2254515000, "grossProfit": 645223000, "grossProfitRatio": 0.2225107924, "researchAndDevelopmentExpenses": 0, "generalAndAdministrativeExpenses": 0, "sellingAndMarketingExpenses": 0, "sellingGeneralAndAdministrativeExpenses": 377754000, "otherExpenses": -1747000, "operatingExpenses": 377754000, "costAndExpenses": 2632269000, "interestIncome": 0, "interestExpense": 114178000, "depreciationAndAmortization": 386071000, "ebitda": 280275000, "ebitdaratio": 0.096655284, "operatingIncome": 280275000, "operatingIncomeRatio": 0.096655284, "totalOtherIncomeExpensesNet": -41426000, "incomeBeforeTax": 111865000, "incomeBeforeTaxRatio": 0.0385776232, "incomeTaxExpense": 58657000, "netIncome": 98166000, "netIncomeRatio": 0.0338534033, "eps": 1.46, "epsdiluted": 1.4, "weightedAverageShsOut": 66234000, "weightedAverageShsOutDil": 69090000, "link": "https://www.sec.gov/Archives/edgar/data/1389050/000110465915014353/0001104659-15-014353-index.htm", "finalLink": "https://www.sec.gov/Archives/edgar/data/1389050/000110465915014353/a14-24878_110k.htm", "calculatedOtherExpenses": -12806000, "calculatedOperatingExpenses": 364948000, "calculatedNetInterest": -114178000, "calculatedOtherIncome": -54232000, "calculatedIncomeNonControlling": -44958000, "calculatedEbitda": 666346000}, {"date": "2013-12-31", "symbol": "AROC", "reportedCurrency": "USD", "cik": "0001389050", "fillingDate": "2014-02-26", "acceptedDate": "2014-02-25 18:38:13", "calendarYear": "2013", "period": "FY", "revenue": 3160404000, "costOfRevenue": 2524903000, "grossProfit": 635501000, "grossProfitRatio": 0.2010822034, "researchAndDevelopmentExpenses": 0, "generalAndAdministrativeExpenses": 0, "sellingAndMarketingExpenses": 0, "sellingGeneralAndAdministrativeExpenses": 358173000, "otherExpenses": 24501000, "operatingExpenses": 358173000, "costAndExpenses": 2883076000, "interestIncome": 0, "interestExpense": 115745000, "depreciationAndAmortization": 327505000, "ebitda": 320829000, "ebitdaratio": 0.101515186, "operatingIncome": 320829000, "operatingIncomeRatio": 0.101515186, "totalOtherIncomeExpensesNet": 14864000, "incomeBeforeTax": 176447000, "incomeBeforeTaxRatio": 0.0558305204, "incomeTaxExpense": 84719000, "netIncome": 123164000, "netIncomeRatio": 0.038970967, "eps": 1.88, "epsdiluted": 1.86, "weightedAverageShsOut": 65655000, "weightedAverageShsOutDil": 66204000, "link": "https://www.sec.gov/Archives/edgar/data/1389050/000110465914013254/0001104659-14-013254-index.htm", "finalLink": "https://www.sec.gov/Archives/edgar/data/1389050/000110465914013254/a13-25567_110k.htm", "calculatedOtherExpenses": -43501000, "calculatedOperatingExpenses": 314672000, "calculatedNetInterest": -115745000, "calculatedOtherIncome": -28637000, "calculatedIncomeNonControlling": -31436000, "calculatedEbitda": 648334000}, {"date": "2012-12-31", "symbol": "AROC", "reportedCurrency": "USD", "cik": "0001389050", "fillingDate": "2013-02-26", "acceptedDate": "2013-02-26 15:42:35", "calendarYear": "2012", "period": "FY", "revenue": 2803602000, "costOfRevenue": 2320226000, "grossProfit": 483376000, "grossProfitRatio": 0.1724124894, "researchAndDevelopmentExpenses": 0, "generalAndAdministrativeExpenses": 0, "sellingAndMarketingExpenses": 0, "sellingGeneralAndAdministrativeExpenses": 376359000, "otherExpenses": -430000, "operatingExpenses": 376359000, "costAndExpenses": 2696585000, "interestIncome": 0, "interestExpense": 134376000, "depreciationAndAmortization": 350847000, "ebitda": 158070000, "ebitdaratio": 0.0563810412, "operatingIncome": 158070000, "operatingIncomeRatio": 0.0563810412, "totalOtherIncomeExpensesNet": -139028000, "incomeBeforeTax": -166387000, "incomeBeforeTaxRatio": -0.0593475821, "incomeTaxExpense": -62375000, "netIncome": -39486000, "netIncomeRatio": -0.0140840248, "eps": -0.62, "epsdiluted": -0.62, "weightedAverageShsOut": 63413445, "weightedAverageShsOutDil": 63436000, "link": "https://www.sec.gov/Archives/edgar/data/1389050/000110465913014349/0001104659-13-014349-index.htm", "finalLink": "https://www.sec.gov/Archives/edgar/data/1389050/000110465913014349/a12-30087_310k.htm", "calculatedOtherExpenses": -51053000, "calculatedOperatingExpenses": 325306000, "calculatedNetInterest": -134376000, "calculatedOtherIncome": -190081000, "calculatedIncomeNonControlling": -64526000, "calculatedEbitda": 508917000}, {"date": "2011-12-31", "symbol": "AROC", "reportedCurrency": "USD", "cik": "0001389050", "fillingDate": "2012-02-24", "acceptedDate": "2012-02-23 19:04:57", "calendarYear": "2011", "period": "FY", "revenue": 2683470000, "costOfRevenue": 1945373000, "grossProfit": 738097000, "grossProfitRatio": 0.275053196, "researchAndDevelopmentExpenses": 0, "generalAndAdministrativeExpenses": 0, "sellingAndMarketingExpenses": 0, "sellingGeneralAndAdministrativeExpenses": 359382000, "otherExpenses": 365870000, "operatingExpenses": 720298000, "costAndExpenses": 2665671000, "interestIncome": 0, "interestExpense": 149473000, "depreciationAndAmortization": 365870000, "ebitda": 383669000, "ebitdaratio": 0.1429749541, "operatingIncome": 12374000, "operatingIncomeRatio": 0.0046111937, "totalOtherIncomeExpensesNet": -215446000, "incomeBeforeTax": -347120000, "incomeBeforeTaxRatio": -0.1293549024, "incomeTaxExpense": -13465000, "netIncome": -340608000, "netIncomeRatio": -0.1269281937, "eps": -5.44, "epsdiluted": -5.44, "weightedAverageShsOut": 62624000, "weightedAverageShsOutDil": 62624000, "link": "https://www.sec.gov/Archives/edgar/data/1389050/000119312512075836/0001193125-12-075836-index.htm", "finalLink": "https://www.sec.gov/Archives/edgar/data/1389050/000119312512075836/d263396d10k.htm", "calculatedOtherExpenses": 366341000, "calculatedOperatingExpenses": 725723000, "calculatedNetInterest": -149473000, "calculatedOtherIncome": -210021000, "calculatedIncomeNonControlling": 6953000, "calculatedEbitda": 378244000}, {"date": "2010-12-31", "symbol": "AROC", "reportedCurrency": "USD", "cik": "0001389050", "fillingDate": "2011-02-24", "acceptedDate": "2011-02-24 17:13:52", "calendarYear": "2010", "period": "FY", "revenue": 2461533000, "costOfRevenue": 1657072000, "grossProfit": 804461000, "grossProfitRatio": 0.3268130064, "researchAndDevelopmentExpenses": 0, "generalAndAdministrativeExpenses": 0, "sellingAndMarketingExpenses": 0, "sellingGeneralAndAdministrativeExpenses": 358255000, "otherExpenses": 401478000, "operatingExpenses": 759733000, "costAndExpenses": 2416805000, "interestIncome": 0, "interestExpense": 136149000, "depreciationAndAmortization": 401478000, "ebitda": 445597000, "ebitdaratio": 0.1810241829, "operatingIncome": 44119000, "operatingIncomeRatio": 0.0179233835, "totalOtherIncomeExpensesNet": -133749000, "incomeBeforeTax": -225170000, "incomeBeforeTaxRatio": -0.0914755155, "incomeTaxExpense": -66606000, "netIncome": -101825000, "netIncomeRatio": -0.041366498, "eps": -1.64, "epsdiluted": -1.64, "weightedAverageShsOut": 61995000, "weightedAverageShsOutDil": 61995000, "link": "https://www.sec.gov/Archives/edgar/data/1389050/000095012311017946/0000950123-11-017946-index.htm", "finalLink": "https://www.sec.gov/Archives/edgar/data/1389050/000095012311017946/h78163e10vk.htm", "calculatedOtherExpenses": 402087000, "calculatedOperatingExpenses": 760342000, "calculatedNetInterest": -136149000, "calculatedOtherIncome": -133140000, "calculatedIncomeNonControlling": -56739000, "calculatedEbitda": 445597000}, {"date": "2009-12-31", "symbol": "AROC", "reportedCurrency": "USD", "cik": "0001389050", "fillingDate": "2010-02-25", "acceptedDate": "2010-02-25 17:29:21", "calendarYear": "2009", "period": "FY", "revenue": 2715601000, "costOfRevenue": 1800019000, "grossProfit": 915582000, "grossProfitRatio": 0.3371563054, "researchAndDevelopmentExpenses": 0, "generalAndAdministrativeExpenses": 0, "sellingAndMarketingExpenses": 0, "sellingGeneralAndAdministrativeExpenses": 337620000, "otherExpenses": 352785000, "operatingExpenses": 690405000, "costAndExpenses": 2490424000, "interestIncome": 0, "interestExpense": 122845000, "depreciationAndAmortization": 352785000, "ebitda": 486808000, "ebitdaratio": 0.1792634485, "operatingIncome": 134023000, "operatingIncomeRatio": 0.0493529793, "totalOtherIncomeExpensesNet": -299889000, "incomeBeforeTax": -197557000, "incomeBeforeTaxRatio": -0.0727489053, "incomeTaxExpense": 51667000, "netIncome": -549407000, "netIncomeRatio": -0.2023150676, "eps": -8.95, "epsdiluted": -8.95, "weightedAverageShsOut": 61406000, "weightedAverageShsOutDil": 61406000, "link": "https://www.sec.gov/Archives/edgar/data/1389050/000095012310017186/0000950123-10-017186-index.htm", "finalLink": "https://www.sec.gov/Archives/edgar/data/1389050/000095012310017186/h69660e10vk.htm", "calculatedOtherExpenses": 443939000, "calculatedOperatingExpenses": 781559000, "calculatedNetInterest": -122845000, "calculatedOtherIncome": -208735000, "calculatedIncomeNonControlling": 300183000, "calculatedEbitda": 486808000}, {"date": "2008-12-31", "symbol": "AROC", "reportedCurrency": "USD", "cik": "0001389050", "fillingDate": "2009-02-26", "acceptedDate": "2009-02-26 16:41:26", "calendarYear": "2008", "period": "FY", "revenue": 3178653000, "costOfRevenue": 2057647000, "grossProfit": 1121006000, "grossProfitRatio": 0.3526669945, "researchAndDevelopmentExpenses": 0, "generalAndAdministrativeExpenses": 0, "sellingAndMarketingExpenses": 0, "sellingGeneralAndAdministrativeExpenses": 374737000, "otherExpenses": 330868000, "operatingExpenses": 3026456000, "costAndExpenses": 5084103000, "interestIncome": 0, "interestExpense": 129723000, "depreciationAndAmortization": 373602000, "ebitda": -1531848000, "ebitdaratio": -0.4819173405, "operatingIncome": -898277000, "operatingIncomeRatio": -0.2825967477, "totalOtherIncomeExpensesNet": 1136896000, "incomeBeforeTax": -898277000, "incomeBeforeTaxRatio": -0.2825967477, "incomeTaxExpense": 37197000, "netIncome": -947349000, "netIncomeRatio": -0.2980347336, "eps": -14.67, "epsdiluted": -14.67, "weightedAverageShsOut": 64580000, "weightedAverageShsOutDil": 64580000, "link": "https://www.sec.gov/Archives/edgar/data/1389050/000095012909000640/0000950129-09-000640-index.htm", "finalLink": "https://www.sec.gov/Archives/edgar/data/1389050/000095012909000640/h65729e10vk.htm", "calculatedOtherExpenses": 1644546000, "calculatedOperatingExpenses": 2019283000, "calculatedNetInterest": -129723000, "calculatedOtherIncome": 129723000, "calculatedIncomeNonControlling": 11875000, "calculatedEbitda": -524675000}, {"date": "2007-12-31", "symbol": "AROC", "reportedCurrency": "USD", "cik": "0001389050", "fillingDate": "2008-02-29", "acceptedDate": "2008-02-29 14:02:26", "calendarYear": "2007", "period": "FY", "revenue": 2540485000, "costOfRevenue": 1718176000, "grossProfit": 822309000, "grossProfitRatio": 0.3236818954, "researchAndDevelopmentExpenses": 0, "generalAndAdministrativeExpenses": 0, "sellingAndMarketingExpenses": 0, "sellingGeneralAndAdministrativeExpenses": 265057000, "otherExpenses": 252716000, "operatingExpenses": 517773000, "costAndExpenses": 2235949000, "interestIncome": 0, "interestExpense": 392245000, "depreciationAndAmortization": 273836000, "ebitda": 712544000, "ebitdaratio": 0.2804755785, "operatingIncome": 257813000, "operatingIncomeRatio": 0.1014818037, "totalOtherIncomeExpensesNet": -121674000, "incomeBeforeTax": 52770000, "incomeBeforeTaxRatio": 0.0207716243, "incomeTaxExpense": 11894000, "netIncome": 34569000, "netIncomeRatio": 0.0136072443, "eps": 0.76, "epsdiluted": 0.75, "weightedAverageShsOut": 45580000, "weightedAverageShsOutDil": 46300000, "link": "https://www.sec.gov/Archives/edgar/data/1389050/000095012908001356/0000950129-08-001356-index.htm", "finalLink": "https://www.sec.gov/Archives/edgar/data/1389050/000095012908001356/h54306e10vk.htm", "calculatedOtherExpenses": 299439000, "calculatedOperatingExpenses": 564496000, "calculatedNetInterest": -392245000, "calculatedOtherIncome": 187202000, "calculatedIncomeNonControlling": 6307000, "calculatedEbitda": 531649000}, {"date": "2006-12-31", "symbol": "AROC", "reportedCurrency": "USD", "cik": "0001389050", "fillingDate": "2006-12-31", "acceptedDate": "2006-12-31 00:00:00", "calendarYear": "2006", "period": "FY", "revenue": 947707000, "costOfRevenue": 519056000, "grossProfit": 428651000, "grossProfitRatio": 0.4523032963, "researchAndDevelopmentExpenses": 0, "generalAndAdministrativeExpenses": 0, "sellingAndMarketingExpenses": 0, "sellingGeneralAndAdministrativeExpenses": 118762000, "otherExpenses": 122701000, "operatingExpenses": 241463000, "costAndExpenses": 760519000, "interestIncome": 0, "interestExpense": 55807000, "depreciationAndAmortization": 124642000, "ebitda": 310382000, "ebitdaratio": 0.3275083966, "operatingIncome": 187188000, "operatingIncomeRatio": 0.197516743, "totalOtherIncomeExpensesNet": 1448000, "incomeBeforeTax": 129933000, "incomeBeforeTaxRatio": 0.1371025011, "incomeTaxExpense": 42277000, "netIncome": 87656000, "netIncomeRatio": 0.0924927219, "eps": 2.93, "epsdiluted": 2.82, "weightedAverageShsOut": 29911000, "weightedAverageShsOutDil": 31032000, "link": null, "finalLink": null, "calculatedOtherExpenses": 122701000, "calculatedOperatingExpenses": 241463000, "calculatedNetInterest": -55807000, "calculatedOtherIncome": -1448000, "calculatedIncomeNonControlling": 0, "calculatedEbitda": 311830000}, {"date": "2005-12-31", "symbol": "AROC", "reportedCurrency": "USD", "cik": "0001389050", "fillingDate": "2005-12-31", "acceptedDate": "2005-12-31 00:00:00", "calendarYear": "2005", "period": "FY", "revenue": 613647000, "costOfRevenue": 342312000, "grossProfit": 271335000, "grossProfitRatio": 0.4421678913, "researchAndDevelopmentExpenses": 0, "generalAndAdministrativeExpenses": 0, "sellingAndMarketingExpenses": 0, "sellingGeneralAndAdministrativeExpenses": 65269000, "otherExpenses": 79899000, "operatingExpenses": 145168000, "costAndExpenses": 487480000, "interestIncome": 0, "interestExpense": 39269000, "depreciationAndAmortization": 82892000, "ebitda": 208583000, "ebitdaratio": 0.3399071453, "operatingIncome": 126167000, "operatingIncomeRatio": 0.2056019177, "totalOtherIncomeExpensesNet": 476000, "incomeBeforeTax": 86422000, "incomeBeforeTaxRatio": 0.1408334107, "incomeTaxExpense": 31053000, "netIncome": 55369000, "netIncomeRatio": 0.090229399, "eps": -1.28, "epsdiluted": -1.28, "weightedAverageShsOut": 31773000, "weightedAverageShsOutDil": 32758000, "link": null, "finalLink": null, "calculatedOtherExpenses": 79899000, "calculatedOperatingExpenses": 145168000, "calculatedNetInterest": -39269000, "calculatedOtherIncome": -476000, "calculatedIncomeNonControlling": 0, "calculatedEbitda": 209059000}, {"date": "2004-12-31", "symbol": "AROC", "reportedCurrency": "USD", "cik": "0001389050", "fillingDate": "2004-03-31", "acceptedDate": "2004-03-31 00:00:00", "calendarYear": "2004", "period": "FY", "revenue": 688786000, "costOfRevenue": 399305000, "grossProfit": 289481000, "grossProfitRatio": 0.4202771253, "researchAndDevelopmentExpenses": 0, "generalAndAdministrativeExpenses": 0, "sellingAndMarketingExpenses": 0, "sellingGeneralAndAdministrativeExpenses": 67516000, "otherExpenses": 85650000, "operatingExpenses": 153166000, "costAndExpenses": 552471000, "interestIncome": 0, "interestExpense": 102099000, "depreciationAndAmortization": 90533000, "ebitda": 241160000, "ebitdaratio": 0.3501232603, "operatingIncome": 136315000, "operatingIncomeRatio": 0.1979061711, "totalOtherIncomeExpensesNet": -14312000, "incomeBeforeTax": 48528000, "incomeBeforeTaxRatio": 0.0704543937, "incomeTaxExpense": 17741000, "netIncome": 33610000, "netIncomeRatio": 0.0487959976, "eps": 1, "epsdiluted": 0.98, "weightedAverageShsOut": 30848000, "weightedAverageShsOutDil": 31283000, "link": null, "finalLink": null, "calculatedOtherExpenses": 85650000, "calculatedOperatingExpenses": 153166000, "calculatedNetInterest": -102099000, "calculatedOtherIncome": 14312000, "calculatedIncomeNonControlling": -2823000, "calculatedEbitda": 226848000}, {"date": "2003-03-31", "symbol": "AROC", "reportedCurrency": "USD", "cik": "0001389050", "fillingDate": "2003-03-31", "acceptedDate": "2003-03-31 00:00:00", "calendarYear": "2003", "period": "FY", "revenue": 625218000, "costOfRevenue": 357250000, "grossProfit": 267968000, "grossProfitRatio": 0.4285993046, "researchAndDevelopmentExpenses": 0, "generalAndAdministrativeExpenses": 0, "sellingAndMarketingExpenses": 0, "sellingGeneralAndAdministrativeExpenses": 114015000, "otherExpenses": 63706000, "operatingExpenses": 177721000, "costAndExpenses": 534971000, "interestIncome": 0, "interestExpense": 35087000, "depreciationAndAmortization": 67686000, "ebitda": 157266000, "ebitdaratio": 0.2515378636, "operatingIncome": 90247000, "operatingIncomeRatio": 0.1443448525, "totalOtherIncomeExpensesNet": 667000, "incomeBeforeTax": 54493000, "incomeBeforeTaxRatio": 0.0871583992, "incomeTaxExpense": 20975000, "netIncome": 33518000, "netIncomeRatio": 0.0536101008, "eps": 1.09, "epsdiluted": 1.08, "weightedAverageShsOut": 30665000, "weightedAverageShsOutDil": 30928000, "link": null, "finalLink": null, "calculatedOtherExpenses": 63706000, "calculatedOperatingExpenses": 177721000, "calculatedNetInterest": -35087000, "calculatedOtherIncome": -667000, "calculatedIncomeNonControlling": 0, "calculatedEbitda": 157933000}, {"date": "2002-03-31", "symbol": "AROC", "reportedCurrency": "USD", "cik": "0001389050", "fillingDate": "2002-03-31", "acceptedDate": "2002-03-31 00:00:00", "calendarYear": "2002", "period": "FY", "revenue": 679989000, "costOfRevenue": 411643000, "grossProfit": 268346000, "grossProfitRatio": 0.3946328544, "researchAndDevelopmentExpenses": 0, "generalAndAdministrativeExpenses": 116291000, "sellingAndMarketingExpenses": 0, "sellingGeneralAndAdministrativeExpenses": 116291000, "otherExpenses": 48600000, "operatingExpenses": 164891000, "costAndExpenses": 576534000, "interestIncome": 0, "interestExpense": 23215000, "depreciationAndAmortization": 52015000, "ebitda": 155569000, "ebitdaratio": 0.2287816421, "operatingIncome": 103455000, "operatingIncomeRatio": 0.152142167, "totalOtherIncomeExpensesNet": -99000, "incomeBeforeTax": 80339000, "incomeBeforeTaxRatio": 0.1181474994, "incomeTaxExpense": 30931000, "netIncome": 49408000, "netIncomeRatio": 0.0726599989, "eps": 1.65, "epsdiluted": 1.63, "weightedAverageShsOut": 30008000, "weightedAverageShsOutDil": 30250000, "link": null, "finalLink": null, "calculatedOtherExpenses": 48600000, "calculatedOperatingExpenses": 164891000, "calculatedNetInterest": -23215000, "calculatedOtherIncome": 99000, "calculatedIncomeNonControlling": 0, "calculatedEbitda": 155470000}, {"date": "2001-03-31", "symbol": "AROC", "reportedCurrency": "USD", "cik": "0001389050", "fillingDate": "2001-03-31", "acceptedDate": "2001-03-31 00:00:00", "calendarYear": "2001", "period": "FY", "revenue": 232761000, "costOfRevenue": 123059000, "grossProfit": 109702000, "grossProfitRatio": 0.4713074785, "researchAndDevelopmentExpenses": 0, "generalAndAdministrativeExpenses": 35535000, "sellingAndMarketingExpenses": 0, "sellingGeneralAndAdministrativeExpenses": 35535000, "otherExpenses": 33491000, "operatingExpenses": 69026000, "costAndExpenses": 192085000, "interestIncome": 0, "interestExpense": 50121000, "depreciationAndAmortization": 34963000, "ebitda": 84338000, "ebitdaratio": 0.3623373331, "operatingIncome": 40676000, "operatingIncomeRatio": 0.1747543618, "totalOtherIncomeExpensesNet": -8699000, "incomeBeforeTax": 8757000, "incomeBeforeTaxRatio": 0.0376222821, "incomeTaxExpense": 3645000, "netIncome": -4391000, "netIncomeRatio": -0.0188648442, "eps": -0.3, "epsdiluted": -0.29, "weightedAverageShsOut": 14760000, "weightedAverageShsOutDil": 15079000, "link": null, "finalLink": null, "calculatedOtherExpenses": 33491000, "calculatedOperatingExpenses": 69026000, "calculatedNetInterest": -50121000, "calculatedOtherIncome": 18202000, "calculatedIncomeNonControlling": 9503000, "calculatedEbitda": 75639000}, {"date": "2000-03-31", "symbol": "AROC", "reportedCurrency": "USD", "cik": "0001389050", "fillingDate": "2000-03-31", "acceptedDate": "2000-03-31 00:00:00", "calendarYear": "2000", "period": "FY", "revenue": 136449000, "costOfRevenue": 66133000, "grossProfit": 70316000, "grossProfitRatio": 0.5153280713, "researchAndDevelopmentExpenses": 0, "generalAndAdministrativeExpenses": 16797000, "sellingAndMarketingExpenses": 0, "sellingGeneralAndAdministrativeExpenses": 16797000, "otherExpenses": 27168000, "operatingExpenses": 43965000, "costAndExpenses": 110098000, "interestIncome": 0, "interestExpense": 34327000, "depreciationAndAmortization": 27168000, "ebitda": 53519000, "ebitdaratio": 0.3922271325, "operatingIncome": 26351000, "operatingIncomeRatio": 0.1931197737, "totalOtherIncomeExpensesNet": -34327000, "incomeBeforeTax": -7976000, "incomeBeforeTaxRatio": -0.0584540744, "incomeTaxExpense": -1994000, "netIncome": -5982000, "netIncomeRatio": -0.0438405558, "eps": -0.0179, "epsdiluted": -0.0179, "weightedAverageShsOut": 333520000, "weightedAverageShsOutDil": 333520000, "link": null, "finalLink": null, "calculatedOtherExpenses": 27168000, "calculatedOperatingExpenses": 43965000, "calculatedNetInterest": -34327000, "calculatedOtherIncome": 0, "calculatedIncomeNonControlling": 0, "calculatedEbitda": 53519000}]}