{"originalCurrency": "USD", "convertedCurrency": "USD", "report": [{"date": "2023-12-31", "symbol": "ARVN", "reportedCurrency": "USD", "cik": "0001655759", "fillingDate": "2024-02-27", "acceptedDate": "2024-02-27 16:46:51", "calendarYear": "2023", "period": "FY", "revenue": 78500000, "costOfRevenue": 6700000, "grossProfit": 71800000, "grossProfitRatio": 0.9146496815, "researchAndDevelopmentExpenses": 379700000, "generalAndAdministrativeExpenses": 100300000, "sellingAndMarketingExpenses": -6700000, "sellingGeneralAndAdministrativeExpenses": 93600000, "otherExpenses": -1200000, "operatingExpenses": 473300000, "costAndExpenses": 480000000, "interestIncome": 38800000, "interestExpense": 0, "depreciationAndAmortization": 6700000, "ebitda": -394800000, "ebitdaratio": -5.0292993631, "operatingIncome": -401500000, "operatingIncomeRatio": -5.1146496815, "totalOtherIncomeExpensesNet": 37600000, "incomeBeforeTax": -363900000, "incomeBeforeTaxRatio": -4.6356687898, "incomeTaxExpense": 900000, "netIncome": -367300000, "netIncomeRatio": -4.6789808917, "eps": -6.62, "epsdiluted": -6.62, "weightedAverageShsOut": 55500000, "weightedAverageShsOutDil": 55500000, "link": "https://www.sec.gov/Archives/edgar/data/1655759/000165575924000018/0001655759-24-000018-index.htm", "finalLink": "https://www.sec.gov/Archives/edgar/data/1655759/000165575924000018/arvn-20231231.htm", "calculatedOtherExpenses": 0, "calculatedOperatingExpenses": 473300000, "calculatedNetInterest": 38800000, "calculatedOtherIncome": -1200000, "calculatedIncomeNonControlling": 2500000, "calculatedEbitda": -394800000}, {"date": "2022-12-31", "symbol": "ARVN", "reportedCurrency": "USD", "cik": "0001655759", "fillingDate": "2023-02-23", "acceptedDate": "2023-02-23 17:26:22", "calendarYear": "2022", "period": "FY", "revenue": 131400000, "costOfRevenue": 8199999, "grossProfit": 123200001, "grossProfitRatio": 0.937595137, "researchAndDevelopmentExpenses": 315000000, "generalAndAdministrativeExpenses": 79600000, "sellingAndMarketingExpenses": 0, "sellingGeneralAndAdministrativeExpenses": 79600000, "otherExpenses": 200000, "operatingExpenses": 394600000, "costAndExpenses": 394600000, "interestIncome": 12200000, "interestExpense": 12000000, "depreciationAndAmortization": 8200000, "ebitda": -263200000, "ebitdaratio": -2.00304414, "operatingIncome": -263200000, "operatingIncomeRatio": -2.00304414, "totalOtherIncomeExpensesNet": 12200000, "incomeBeforeTax": -251000000, "incomeBeforeTaxRatio": -1.9101978691, "incomeTaxExpense": 20900000, "netIncome": -271900000, "netIncomeRatio": -2.0692541857, "eps": -5.11, "epsdiluted": -5.11, "weightedAverageShsOut": 53200000, "weightedAverageShsOutDil": 53200000, "link": "https://www.sec.gov/Archives/edgar/data/1655759/000165575923000010/0001655759-23-000010-index.htm", "finalLink": "https://www.sec.gov/Archives/edgar/data/1655759/000165575923000010/arvn-20221231.htm", "calculatedOtherExpenses": -8199999, "calculatedOperatingExpenses": 386400001, "calculatedNetInterest": 200000, "calculatedOtherIncome": 12000000, "calculatedIncomeNonControlling": 0, "calculatedEbitda": -255000000}, {"date": "2021-12-31", "symbol": "ARVN", "reportedCurrency": "USD", "cik": "0001655759", "fillingDate": "2022-02-28", "acceptedDate": "2022-02-28 16:42:29", "calendarYear": "2021", "period": "FY", "revenue": 46700000, "costOfRevenue": 6000000, "grossProfit": 40700000, "grossProfitRatio": 0.8715203426, "researchAndDevelopmentExpenses": 180400000, "generalAndAdministrativeExpenses": 61600000, "sellingAndMarketingExpenses": 0, "sellingGeneralAndAdministrativeExpenses": 61600000, "otherExpenses": 2500000, "operatingExpenses": 242000000, "costAndExpenses": 242000000, "interestIncome": 4300000, "interestExpense": 100000, "depreciationAndAmortization": 6000000, "ebitda": -195300000, "ebitdaratio": -4.182012848, "operatingIncome": -195300000, "operatingIncomeRatio": -4.182012848, "totalOtherIncomeExpensesNet": 4300000, "incomeBeforeTax": -191000000, "incomeBeforeTaxRatio": -4.0899357602, "incomeTaxExpense": -7800000, "netIncome": -183200000, "netIncomeRatio": -3.9229122056, "eps": -3.66, "epsdiluted": -3.66, "weightedAverageShsOut": 50000000, "weightedAverageShsOutDil": 50000000, "link": "https://www.sec.gov/Archives/edgar/data/1655759/000162828022004262/0001628280-22-004262-index.htm", "finalLink": "https://www.sec.gov/Archives/edgar/data/1655759/000162828022004262/arvn-20211231.htm", "calculatedOtherExpenses": -6000000, "calculatedOperatingExpenses": 236000000, "calculatedNetInterest": 4200000, "calculatedOtherIncome": 100000, "calculatedIncomeNonControlling": 0, "calculatedEbitda": -189300000}, {"date": "2020-12-31", "symbol": "ARVN", "reportedCurrency": "USD", "cik": "0001655759", "fillingDate": "2021-03-01", "acceptedDate": "2021-03-01 16:12:31", "calendarYear": "2020", "period": "FY", "revenue": 21801777, "costOfRevenue": 0, "grossProfit": 21801777, "grossProfitRatio": 1, "researchAndDevelopmentExpenses": 108355853, "generalAndAdministrativeExpenses": 38303401, "sellingAndMarketingExpenses": 0, "sellingGeneralAndAdministrativeExpenses": 38303401, "otherExpenses": 2004561, "operatingExpenses": 146659254, "costAndExpenses": 146659254, "interestIncome": 5525413, "interestExpense": 65000, "depreciationAndAmortization": 4024506, "ebitda": -124857477, "ebitdaratio": -5.7269403774, "operatingIncome": -124857477, "operatingIncomeRatio": -5.7269403774, "totalOtherIncomeExpensesNet": 5525413, "incomeBeforeTax": -119332064, "incomeBeforeTaxRatio": -5.4735017242, "incomeTaxExpense": -7545358, "netIncome": -111786706, "netIncomeRatio": -5.1274125958, "eps": -2.83, "epsdiluted": -2.83, "weightedAverageShsOut": 39534497, "weightedAverageShsOutDil": 39534497, "link": "https://www.sec.gov/Archives/edgar/data/1655759/000156459021009857/0001564590-21-009857-index.htm", "finalLink": "https://www.sec.gov/Archives/edgar/data/1655759/000156459021009857/arvn-10k_20201231.htm", "calculatedOtherExpenses": 0, "calculatedOperatingExpenses": 146659254, "calculatedNetInterest": 5460413, "calculatedOtherIncome": 65000, "calculatedIncomeNonControlling": 0, "calculatedEbitda": -120832971}, {"date": "2019-12-31", "symbol": "ARVN", "reportedCurrency": "USD", "cik": "0001655759", "fillingDate": "2020-03-16", "acceptedDate": "2020-03-16 09:01:51", "calendarYear": "2019", "period": "FY", "revenue": 42976478, "costOfRevenue": 0, "grossProfit": 42976478, "grossProfitRatio": 1, "researchAndDevelopmentExpenses": 67193830, "generalAndAdministrativeExpenses": 27307162, "sellingAndMarketingExpenses": 0, "sellingGeneralAndAdministrativeExpenses": 27307162, "otherExpenses": 1435596, "operatingExpenses": 94500992, "costAndExpenses": 94500992, "interestIncome": 5907287, "interestExpense": 85569, "depreciationAndAmortization": 2252902, "ebitda": -51524514, "ebitdaratio": -1.198900338, "operatingIncome": -51524514, "operatingIncomeRatio": -1.198900338, "totalOtherIncomeExpensesNet": -18767713, "incomeBeforeTax": -70292227, "incomeBeforeTaxRatio": -1.6355976634, "incomeTaxExpense": -8160189, "netIncome": -62132038, "netIncomeRatio": -1.4457219598, "eps": -1.89, "epsdiluted": -1.89, "weightedAverageShsOut": 32927697, "weightedAverageShsOutDil": 32927697, "link": "https://www.sec.gov/Archives/edgar/data/1655759/000156459020011004/0001564590-20-011004-index.htm", "finalLink": "https://www.sec.gov/Archives/edgar/data/1655759/000156459020011004/arvn-10k_20191231.htm", "calculatedOtherExpenses": 0, "calculatedOperatingExpenses": 94500992, "calculatedNetInterest": 5821718, "calculatedOtherIncome": -24589431, "calculatedIncomeNonControlling": 0, "calculatedEbitda": -49271612}, {"date": "2018-12-31", "symbol": "ARVN", "reportedCurrency": "USD", "cik": "0001655759", "fillingDate": "2019-03-26", "acceptedDate": "2019-03-26 16:31:51", "calendarYear": "2018", "period": "FY", "revenue": 14323920, "costOfRevenue": 0, "grossProfit": 14323920, "grossProfitRatio": 1, "researchAndDevelopmentExpenses": 45193830, "generalAndAdministrativeExpenses": 12932168, "sellingAndMarketingExpenses": 0, "sellingGeneralAndAdministrativeExpenses": 12932168, "otherExpenses": 102730, "operatingExpenses": 58125998, "costAndExpenses": 58125998, "interestIncome": 2321612, "interestExpense": 57440, "depreciationAndAmortization": 706000, "ebitda": -43802078, "ebitdaratio": -3.0579672324, "operatingIncome": -43802078, "operatingIncomeRatio": -3.0579672324, "totalOtherIncomeExpensesNet": -91049, "incomeBeforeTax": -41480466, "incomeBeforeTaxRatio": -2.8958878575, "incomeTaxExpense": 2379052, "netIncome": -41480466, "netIncomeRatio": -2.8958878575, "eps": -4.4, "epsdiluted": -4.4, "weightedAverageShsOut": 9422799, "weightedAverageShsOutDil": 9422799, "link": "https://www.sec.gov/Archives/edgar/data/1655759/000156459019009357/0001564590-19-009357-index.htm", "finalLink": "https://www.sec.gov/Archives/edgar/data/1655759/000156459019009357/arvn-10k_20181231.htm", "calculatedOtherExpenses": 0, "calculatedOperatingExpenses": 58125998, "calculatedNetInterest": 2264172, "calculatedOtherIncome": 57440, "calculatedIncomeNonControlling": -2379052, "calculatedEbitda": -43096078}, {"date": "2017-12-31", "symbol": "ARVN", "reportedCurrency": "USD", "cik": "0001655759", "fillingDate": "2017-12-31", "acceptedDate": "2017-12-30 19:00:00", "calendarYear": "2017", "period": "FY", "revenue": 7578876, "costOfRevenue": 0, "grossProfit": 7578876, "grossProfitRatio": 1, "researchAndDevelopmentExpenses": 28792902, "generalAndAdministrativeExpenses": 3546241, "sellingAndMarketingExpenses": 0, "sellingGeneralAndAdministrativeExpenses": 3546241, "otherExpenses": 554159, "operatingExpenses": 32339143, "costAndExpenses": 32339143, "interestIncome": 201388, "interestExpense": 50357, "depreciationAndAmortization": 347395, "ebitda": -23657325, "ebitdaratio": -3.1214819981, "operatingIncome": -24760267, "operatingIncomeRatio": -3.267010438, "totalOtherIncomeExpensesNet": 560030, "incomeBeforeTax": -24049206, "incomeBeforeTaxRatio": -3.1731890059, "incomeTaxExpense": 604516, "netIncome": -24049206, "netIncomeRatio": -3.1731890059, "eps": -1.16, "epsdiluted": -1.16, "weightedAverageShsOut": 20731838, "weightedAverageShsOutDil": 20731838, "link": "", "finalLink": "", "calculatedOtherExpenses": 0, "calculatedOperatingExpenses": 32339143, "calculatedNetInterest": 151031, "calculatedOtherIncome": 560030, "calculatedIncomeNonControlling": -604516, "calculatedEbitda": -24412872}, {"date": "2016-12-31", "symbol": "ARVN", "reportedCurrency": "USD", "cik": "0001655759", "fillingDate": "2016-12-31", "acceptedDate": "2016-12-30 19:00:00", "calendarYear": "2016", "period": "FY", "revenue": 6669024, "costOfRevenue": 0, "grossProfit": 6669024, "grossProfitRatio": 1, "researchAndDevelopmentExpenses": 19942194, "generalAndAdministrativeExpenses": 3196250, "sellingAndMarketingExpenses": 0, "sellingGeneralAndAdministrativeExpenses": 3196250, "otherExpenses": 1656184, "operatingExpenses": 23138444, "costAndExpenses": 23138444, "interestIncome": 427773, "interestExpense": 67404, "depreciationAndAmortization": 436329, "ebitda": -13949134, "ebitdaratio": -2.0916304995, "operatingIncome": -16469420, "operatingIncomeRatio": -2.4695397707, "totalOtherIncomeExpensesNet": 1671000, "incomeBeforeTax": -14438051, "incomeBeforeTaxRatio": -2.1649421265, "incomeTaxExpense": -87408, "netIncome": -14350643, "netIncomeRatio": -2.1518355609, "eps": -0.8, "epsdiluted": -0.8, "weightedAverageShsOut": 17879297, "weightedAverageShsOutDil": 17879297, "link": "", "finalLink": "", "calculatedOtherExpenses": 0, "calculatedOperatingExpenses": 23138444, "calculatedNetInterest": 360369, "calculatedOtherIncome": 1671000, "calculatedIncomeNonControlling": 0, "calculatedEbitda": -16033091}]}