{"originalCurrency": "USD", "convertedCurrency": "USD", "report": [{"date": "2023-09-30", "symbol": "ARWR", "reportedCurrency": "USD", "cik": "0000879407", "fillingDate": "2023-11-29", "acceptedDate": "2023-11-29 16:09:07", "calendarYear": "2023", "period": "FY", "revenue": 240735000, "costOfRevenue": 12493000, "grossProfit": 228242000, "grossProfitRatio": 0.9481047625, "researchAndDevelopmentExpenses": 353188000, "generalAndAdministrativeExpenses": 92549000, "sellingAndMarketingExpenses": 0, "sellingGeneralAndAdministrativeExpenses": 92549000, "otherExpenses": 1538000, "operatingExpenses": 445737000, "costAndExpenses": 445737000, "interestIncome": 15299000, "interestExpense": 18326000, "depreciationAndAmortization": 12493000, "ebitda": -188165000, "ebitdaratio": -0.7816271003, "operatingIncome": -205002000, "operatingIncomeRatio": -0.8515670758, "totalOtherIncomeExpensesNet": 1538000, "incomeBeforeTax": -206491000, "incomeBeforeTaxRatio": -0.8577523002, "incomeTaxExpense": 2784000, "netIncome": -205275000, "netIncomeRatio": -0.8527011029, "eps": -1.92, "epsdiluted": -1.92, "weightedAverageShsOut": 106750000, "weightedAverageShsOutDil": 106750000, "link": "https://www.sec.gov/Archives/edgar/data/879407/000162828023040219/0001628280-23-040219-index.htm", "finalLink": "https://www.sec.gov/Archives/edgar/data/879407/000162828023040219/arwr-20230930.htm", "calculatedOtherExpenses": -12493000, "calculatedOperatingExpenses": 433244000, "calculatedNetInterest": -3027000, "calculatedOtherIncome": 1538000, "calculatedIncomeNonControlling": -4000000, "calculatedEbitda": -192509000}, {"date": "2022-09-30", "symbol": "ARWR", "reportedCurrency": "USD", "cik": "0000879407", "fillingDate": "2022-11-28", "acceptedDate": "2022-11-28 16:06:33", "calendarYear": "2022", "period": "FY", "revenue": 243231000, "costOfRevenue": 10421000, "grossProfit": 232810000, "grossProfitRatio": 0.9571559546, "researchAndDevelopmentExpenses": 297307000, "generalAndAdministrativeExpenses": 124431000, "sellingAndMarketingExpenses": 0, "sellingGeneralAndAdministrativeExpenses": 124431000, "otherExpenses": 5798000, "operatingExpenses": 421738000, "costAndExpenses": 421738000, "interestIncome": 5033000, "interestExpense": 5033000, "depreciationAndAmortization": 10421000, "ebitda": -178507000, "ebitdaratio": -0.7338990507, "operatingIncome": -178507000, "operatingIncomeRatio": -0.7338990507, "totalOtherIncomeExpensesNet": 5798000, "incomeBeforeTax": -172709000, "incomeBeforeTaxRatio": -0.7100616287, "incomeTaxExpense": 3785000, "netIncome": -176494000, "netIncomeRatio": -0.7256229675, "eps": -1.67, "epsdiluted": -1.67, "weightedAverageShsOut": 105426000, "weightedAverageShsOutDil": 105426000, "link": "https://www.sec.gov/Archives/edgar/data/879407/000162828022030869/0001628280-22-030869-index.htm", "finalLink": "https://www.sec.gov/Archives/edgar/data/879407/000162828022030869/arwr-20220930.htm", "calculatedOtherExpenses": -10421000, "calculatedOperatingExpenses": 411317000, "calculatedNetInterest": 0, "calculatedOtherIncome": 5798000, "calculatedIncomeNonControlling": 0, "calculatedEbitda": -168086000}, {"date": "2021-09-30", "symbol": "ARWR", "reportedCurrency": "USD", "cik": "0000879407", "fillingDate": "2021-11-22", "acceptedDate": "2021-11-22 16:33:04", "calendarYear": "2021", "period": "FY", "revenue": 138287000, "costOfRevenue": 0, "grossProfit": 138287000, "grossProfitRatio": 1, "researchAndDevelopmentExpenses": 206342000, "generalAndAdministrativeExpenses": 80981000, "sellingAndMarketingExpenses": 0, "sellingGeneralAndAdministrativeExpenses": 80981000, "otherExpenses": 2070000, "operatingExpenses": 287323000, "costAndExpenses": 287323000, "interestIncome": 6120000, "interestExpense": 6120000, "depreciationAndAmortization": 8267000, "ebitda": -140769000, "ebitdaratio": -1.0179481802, "operatingIncome": -149036000, "operatingIncomeRatio": -1.0777296492, "totalOtherIncomeExpensesNet": 8190000, "incomeBeforeTax": -140846000, "incomeBeforeTaxRatio": -1.0185049932, "incomeTaxExpense": 2000, "netIncome": -140848000, "netIncomeRatio": -1.0185194559, "eps": -1.36, "epsdiluted": -1.36, "weightedAverageShsOut": 103745000, "weightedAverageShsOutDil": 103745000, "link": "https://www.sec.gov/Archives/edgar/data/879407/000156459021057888/0001564590-21-057888-index.htm", "finalLink": "https://www.sec.gov/Archives/edgar/data/879407/000156459021057888/arwr-10k_20210930.htm", "calculatedOtherExpenses": 0, "calculatedOperatingExpenses": 287323000, "calculatedNetInterest": 0, "calculatedOtherIncome": 8190000, "calculatedIncomeNonControlling": 0, "calculatedEbitda": -140769000}, {"date": "2020-09-30", "symbol": "ARWR", "reportedCurrency": "USD", "cik": "0000879407", "fillingDate": "2020-11-23", "acceptedDate": "2020-11-23 16:34:31", "calendarYear": "2020", "period": "FY", "revenue": 87992066, "costOfRevenue": 0, "grossProfit": 87992066, "grossProfitRatio": 1, "researchAndDevelopmentExpenses": 128874979, "generalAndAdministrativeExpenses": 52275890, "sellingAndMarketingExpenses": 0, "sellingGeneralAndAdministrativeExpenses": 52275890, "otherExpenses": -582524, "operatingExpenses": 181150869, "costAndExpenses": 181150869, "interestIncome": 9190501, "interestExpense": 9190501000, "depreciationAndAmortization": 5942264, "ebitda": -87216539, "ebitdaratio": -0.9911863986, "operatingIncome": -93158803, "operatingIncomeRatio": -1.0587182144, "totalOtherIncomeExpensesNet": 8607977, "incomeBeforeTax": -84550826, "incomeBeforeTaxRatio": -0.960891474, "incomeTaxExpense": 2400, "netIncome": -84553226, "netIncomeRatio": -0.9609187492, "eps": -0.84, "epsdiluted": -0.84, "weightedAverageShsOut": 100722224, "weightedAverageShsOutDil": 100722224, "link": "https://www.sec.gov/Archives/edgar/data/879407/000156459020054893/0001564590-20-054893-index.htm", "finalLink": "https://www.sec.gov/Archives/edgar/data/879407/000156459020054893/arwr-10k_20200930.htm", "calculatedOtherExpenses": 0, "calculatedOperatingExpenses": 181150869, "calculatedNetInterest": -9181310499, "calculatedOtherIncome": 9189918476, "calculatedIncomeNonControlling": 0, "calculatedEbitda": -87216539}, {"date": "2019-09-30", "symbol": "ARWR", "reportedCurrency": "USD", "cik": "0000879407", "fillingDate": "2019-11-25", "acceptedDate": "2019-11-25 16:11:55", "calendarYear": "2019", "period": "FY", "revenue": 168795577, "costOfRevenue": 0, "grossProfit": 168795577, "grossProfitRatio": 1, "researchAndDevelopmentExpenses": 81048686, "generalAndAdministrativeExpenses": 26556257, "sellingAndMarketingExpenses": 0, "sellingGeneralAndAdministrativeExpenses": 26556257, "otherExpenses": 0, "operatingExpenses": 107604943, "costAndExpenses": 107604943, "interestIncome": 6957768, "interestExpense": 6957768000, "depreciationAndAmortization": 4439144, "ebitda": 65629778, "ebitdaratio": 0.3888121903, "operatingIncome": 61190634, "operatingIncomeRatio": 0.3625132547, "totalOtherIncomeExpensesNet": 6957768, "incomeBeforeTax": 68148402, "incomeBeforeTaxRatio": 0.4037333395, "incomeTaxExpense": 173553, "netIncome": 67974849, "netIncomeRatio": 0.402705155, "eps": 0.72, "epsdiluted": 0.69, "weightedAverageShsOut": 93858857, "weightedAverageShsOutDil": 98607815, "link": "https://www.sec.gov/Archives/edgar/data/879407/000156459019044376/0001564590-19-044376-index.htm", "finalLink": "https://www.sec.gov/Archives/edgar/data/879407/000156459019044376/arwr-10k_20190930.htm", "calculatedOtherExpenses": 0, "calculatedOperatingExpenses": 107604943, "calculatedNetInterest": -6950810232, "calculatedOtherIncome": 6957768000, "calculatedIncomeNonControlling": 0, "calculatedEbitda": 65629778}, {"date": "2018-09-30", "symbol": "ARWR", "reportedCurrency": "USD", "cik": "0000879407", "fillingDate": "2018-12-11", "acceptedDate": "2018-12-11 16:11:48", "calendarYear": "2018", "period": "FY", "revenue": 16142321, "costOfRevenue": 0, "grossProfit": 16142321, "grossProfitRatio": 1, "researchAndDevelopmentExpenses": 52968505, "generalAndAdministrativeExpenses": 19110051, "sellingAndMarketingExpenses": 0, "sellingGeneralAndAdministrativeExpenses": 19110051, "otherExpenses": 7493, "operatingExpenses": 72078556, "costAndExpenses": 72078556, "interestIncome": 0, "interestExpense": 0, "depreciationAndAmortization": 4699275, "ebitda": -51669101, "ebitdaratio": -3.2008470777, "operatingIncome": -55936235, "operatingIncomeRatio": -3.4651915917, "totalOtherIncomeExpensesNet": 439634, "incomeBeforeTax": -54448078, "incomeBeforeTaxRatio": -3.3730018131, "incomeTaxExpense": 2400, "netIncome": -54450478, "netIncomeRatio": -3.3731504906, "eps": -0.65, "epsdiluted": -0.65, "weightedAverageShsOut": 83638469, "weightedAverageShsOutDil": 83638469, "link": "https://www.sec.gov/Archives/edgar/data/879407/000156459018030805/0001564590-18-030805-index.htm", "finalLink": "https://www.sec.gov/Archives/edgar/data/879407/000156459018030805/arwr-10k_20180930.htm", "calculatedOtherExpenses": 0, "calculatedOperatingExpenses": 72078556, "calculatedNetInterest": 0, "calculatedOtherIncome": 1488157, "calculatedIncomeNonControlling": 0, "calculatedEbitda": -51236960}, {"date": "2017-09-30", "symbol": "ARWR", "reportedCurrency": "USD", "cik": "0000879407", "fillingDate": "2017-12-12", "acceptedDate": "2017-12-12 16:11:35", "calendarYear": "2017", "period": "FY", "revenue": 31407709, "costOfRevenue": 0, "grossProfit": 31407709, "grossProfitRatio": 1, "researchAndDevelopmentExpenses": 31690298, "generalAndAdministrativeExpenses": 32022880, "sellingAndMarketingExpenses": 0, "sellingGeneralAndAdministrativeExpenses": 32022880, "otherExpenses": 1312524, "operatingExpenses": 68403618, "costAndExpenses": 68403618, "interestIncome": 0, "interestExpense": 0, "depreciationAndAmortization": 4690440, "ebitda": -33195831, "ebitdaratio": -1.056932583, "operatingIncome": -36995909, "operatingIncomeRatio": -1.1779244707, "totalOtherIncomeExpensesNet": 2202886, "incomeBeforeTax": -34377895, "incomeBeforeTaxRatio": -1.0945686933, "incomeTaxExpense": 2400, "netIncome": -34380295, "netIncomeRatio": -1.0946451077, "eps": -0.47, "epsdiluted": -0.47, "weightedAverageShsOut": 73149719, "weightedAverageShsOutDil": 73898598, "link": "https://www.sec.gov/Archives/edgar/data/879407/000156459017024834/0001564590-17-024834-index.htm", "finalLink": "https://www.sec.gov/Archives/edgar/data/879407/000156459017024834/arwr-10k_20170930.htm", "calculatedOtherExpenses": 4690440, "calculatedOperatingExpenses": 68403618, "calculatedNetInterest": 0, "calculatedOtherIncome": 2618014, "calculatedIncomeNonControlling": 0, "calculatedEbitda": -32305469}, {"date": "2016-09-30", "symbol": "ARWR", "reportedCurrency": "USD", "cik": "0000879407", "fillingDate": "2016-12-14", "acceptedDate": "2016-12-14 16:11:37", "calendarYear": "2016", "period": "FY", "revenue": 158333, "costOfRevenue": 0, "grossProfit": 158333, "grossProfitRatio": 1, "researchAndDevelopmentExpenses": 41454452, "generalAndAdministrativeExpenses": 40998209, "sellingAndMarketingExpenses": 0, "sellingGeneralAndAdministrativeExpenses": 40998209, "otherExpenses": 57352, "operatingExpenses": 79850242, "costAndExpenses": 79850242, "interestIncome": 0, "interestExpense": 0, "depreciationAndAmortization": 3260045, "ebitda": -74080025, "ebitdaratio": -467.8748271049, "operatingIncome": -81742726, "operatingIncomeRatio": -516.2709353072, "totalOtherIncomeExpensesNet": -2294487, "incomeBeforeTax": -81720602, "incomeBeforeTaxRatio": -516.1312044867, "incomeTaxExpense": 2400, "netIncome": -81723002, "netIncomeRatio": -516.1463624134, "eps": -1.34, "epsdiluted": -1.34, "weightedAverageShsOut": 60987360, "weightedAverageShsOutDil": 61050880, "link": "https://www.sec.gov/Archives/edgar/data/879407/000156459016030217/0001564590-16-030217-index.htm", "finalLink": "https://www.sec.gov/Archives/edgar/data/879407/000156459016030217/arwr-10k_20160930.htm", "calculatedOtherExpenses": -551602, "calculatedOperatingExpenses": 81901059, "calculatedNetInterest": 0, "calculatedOtherIncome": 22124, "calculatedIncomeNonControlling": 0, "calculatedEbitda": -78482681}, {"date": "2015-09-30", "symbol": "ARWR", "reportedCurrency": "USD", "cik": "0000879407", "fillingDate": "2015-12-14", "acceptedDate": "2015-12-14 15:46:45", "calendarYear": "2015", "period": "FY", "revenue": 382000, "costOfRevenue": 0, "grossProfit": 382000, "grossProfitRatio": 1, "researchAndDevelopmentExpenses": 57410147, "generalAndAdministrativeExpenses": 34718089, "sellingAndMarketingExpenses": 0, "sellingGeneralAndAdministrativeExpenses": 34718089, "otherExpenses": 417874, "operatingExpenses": 96355976, "costAndExpenses": 96355976, "interestIncome": 0, "interestExpense": 0, "depreciationAndAmortization": 2336207, "ebitda": -96526231, "ebitdaratio": -252.6864685864, "operatingIncome": -95973976, "operatingIncomeRatio": -251.2407748691, "totalOtherIncomeExpensesNet": 3306336, "incomeBeforeTax": -91938482, "incomeBeforeTaxRatio": -240.6766544503, "incomeTaxExpense": 2400, "netIncome": -91940882, "netIncomeRatio": -240.6829371728, "eps": -1.6, "epsdiluted": -1.6, "weightedAverageShsOut": 57358442, "weightedAverageShsOutDil": 57358442, "link": "https://www.sec.gov/Archives/edgar/data/879407/000156459015011489/0001564590-15-011489-index.htm", "finalLink": "https://www.sec.gov/Archives/edgar/data/879407/000156459015011489/arwr-10k_20150930.htm", "calculatedOtherExpenses": 4227740, "calculatedOperatingExpenses": 96355976, "calculatedNetInterest": 0, "calculatedOtherIncome": 4035494, "calculatedIncomeNonControlling": 0, "calculatedEbitda": -93637769}, {"date": "2014-09-30", "symbol": "ARWR", "reportedCurrency": "USD", "cik": "0000879407", "fillingDate": "2014-11-25", "acceptedDate": "2014-11-25 16:02:10", "calendarYear": "2014", "period": "FY", "revenue": 175000, "costOfRevenue": 0, "grossProfit": 175000, "grossProfitRatio": 1, "researchAndDevelopmentExpenses": 23138050, "generalAndAdministrativeExpenses": 24419536, "sellingAndMarketingExpenses": 0, "sellingGeneralAndAdministrativeExpenses": 24419536, "otherExpenses": 82092, "operatingExpenses": 51278899, "costAndExpenses": 51278899, "interestIncome": 0, "interestExpense": 0, "depreciationAndAmortization": 1345655, "ebitda": -41493320, "ebitdaratio": -237.1046857143, "operatingIncome": -53276286, "operatingIncomeRatio": -304.43592, "totalOtherIncomeExpensesNet": -8261706, "incomeBeforeTax": -58720112, "incomeBeforeTaxRatio": -335.5434971429, "incomeTaxExpense": 5300, "netIncome": -58630190, "netIncomeRatio": -335.0296571429, "eps": -1.25, "epsdiluted": -1.25, "weightedAverageShsOut": 46904152, "weightedAverageShsOutDil": 46933030, "link": "https://www.sec.gov/Archives/edgar/data/879407/000156459014005961/0001564590-14-005961-index.htm", "finalLink": "https://www.sec.gov/Archives/edgar/data/879407/000156459014005961/arwr-10k_20140930.htm", "calculatedOtherExpenses": 5893700, "calculatedOperatingExpenses": 53451286, "calculatedNetInterest": 0, "calculatedOtherIncome": -5443826, "calculatedIncomeNonControlling": -95222, "calculatedEbitda": -51930631}, {"date": "2013-09-30", "symbol": "ARWR", "reportedCurrency": "USD", "cik": "0000879407", "fillingDate": "2013-12-18", "acceptedDate": "2013-12-18 16:02:14", "calendarYear": "2013", "period": "FY", "revenue": 290266, "costOfRevenue": 0, "grossProfit": 290266, "grossProfitRatio": 1, "researchAndDevelopmentExpenses": 8705627, "generalAndAdministrativeExpenses": 11692804, "sellingAndMarketingExpenses": 0, "sellingGeneralAndAdministrativeExpenses": 11692804, "otherExpenses": -997975, "operatingExpenses": 23571495, "costAndExpenses": 23571495, "interestIncome": 0, "interestExpense": 0, "depreciationAndAmortization": 1751412, "ebitda": -14844993, "ebitdaratio": -51.1427208147, "operatingIncome": -24589276, "operatingIncomeRatio": -84.712904715, "totalOtherIncomeExpensesNet": -8323940, "incomeBeforeTax": -31703079, "incomeBeforeTaxRatio": -109.2207802498, "incomeTaxExpense": 6222944, "netIncome": -31143289, "netIncomeRatio": -107.292238843, "eps": -1.3, "epsdiluted": -1.3, "weightedAverageShsOut": 23956122, "weightedAverageShsOutDil": 24002224, "link": "https://www.sec.gov/Archives/edgar/data/879407/000156459013001463/0001564590-13-001463-index.htm", "finalLink": "https://www.sec.gov/Archives/edgar/data/879407/000156459013001463/arwr-10k_20130930.htm", "calculatedOtherExpenses": 4481111, "calculatedOperatingExpenses": 24879542, "calculatedNetInterest": 0, "calculatedOtherIncome": -7113803, "calculatedIncomeNonControlling": -6782734, "calculatedEbitda": -22837864}, {"date": "2012-09-30", "symbol": "ARWR", "reportedCurrency": "USD", "cik": "0000879407", "fillingDate": "2012-12-28", "acceptedDate": "2012-12-28 12:48:59", "calendarYear": "2012", "period": "FY", "revenue": 146875, "costOfRevenue": 0, "grossProfit": 146875, "grossProfitRatio": 1, "researchAndDevelopmentExpenses": 5391463, "generalAndAdministrativeExpenses": 14095648, "sellingAndMarketingExpenses": 0, "sellingGeneralAndAdministrativeExpenses": 14095648, "otherExpenses": 0, "operatingExpenses": 21236086, "costAndExpenses": 21236086, "interestIncome": 0, "interestExpense": 0, "depreciationAndAmortization": 1748975, "ebitda": -18522992, "ebitdaratio": -126.1139880851, "operatingIncome": -21089211, "operatingIncomeRatio": -143.5861174468, "totalOtherIncomeExpensesNet": -1057398, "incomeBeforeTax": -22110643, "incomeBeforeTaxRatio": -150.5405480851, "incomeTaxExpense": -203437, "netIncome": -21125928, "netIncomeRatio": -143.8361055319, "eps": -1.9, "epsdiluted": -1.9, "weightedAverageShsOut": 11118873, "weightedAverageShsOutDil": 11129766, "link": "https://www.sec.gov/Archives/edgar/data/879407/000119312512517638/0001193125-12-517638-index.htm", "finalLink": "https://www.sec.gov/Archives/edgar/data/879407/000119312512517638/d421151d10k.htm", "calculatedOtherExpenses": 1748975, "calculatedOperatingExpenses": 21236086, "calculatedNetInterest": 0, "calculatedOtherIncome": -1021432, "calculatedIncomeNonControlling": -781278, "calculatedEbitda": -19340236}, {"date": "2011-09-30", "symbol": "ARWR", "reportedCurrency": "USD", "cik": "0000879407", "fillingDate": "2011-12-20", "acceptedDate": "2011-12-20 16:44:11", "calendarYear": "2011", "period": "FY", "revenue": 296139, "costOfRevenue": 0, "grossProfit": 296139, "grossProfitRatio": 1, "researchAndDevelopmentExpenses": 3277760, "generalAndAdministrativeExpenses": 5229916, "sellingAndMarketingExpenses": 0, "sellingGeneralAndAdministrativeExpenses": 5229916, "otherExpenses": 0, "operatingExpenses": 10126405, "costAndExpenses": 10126405, "interestIncome": 0, "interestExpense": 0, "depreciationAndAmortization": 267977, "ebitda": -10684197, "ebitdaratio": -36.078317952, "operatingIncome": -9830266, "operatingIncomeRatio": -33.1947700235, "totalOtherIncomeExpensesNet": 958728, "incomeBeforeTax": -8785008, "incomeBeforeTaxRatio": -29.6651504868, "incomeTaxExpense": -6864561, "netIncome": -3128885, "netIncomeRatio": -10.5655958857, "eps": -0.44, "epsdiluted": -0.44, "weightedAverageShsOut": 7181121, "weightedAverageShsOutDil": 7181121, "link": "https://www.sec.gov/Archives/edgar/data/879407/000119312511347334/0001193125-11-347334-index.htm", "finalLink": "https://www.sec.gov/Archives/edgar/data/879407/000119312511347334/d265091d10k.htm", "calculatedOtherExpenses": 1618729, "calculatedOperatingExpenses": 10126405, "calculatedNetInterest": 0, "calculatedOtherIncome": 1045258, "calculatedIncomeNonControlling": 1208438, "calculatedEbitda": -9562289}, {"date": "2010-09-30", "symbol": "ARWR", "reportedCurrency": "USD", "cik": "0000879407", "fillingDate": "2010-12-22", "acceptedDate": "2010-12-22 16:01:05", "calendarYear": "2010", "period": "FY", "revenue": 620097, "costOfRevenue": 0, "grossProfit": 620097, "grossProfitRatio": 1, "researchAndDevelopmentExpenses": 1111473, "generalAndAdministrativeExpenses": 7995048, "sellingAndMarketingExpenses": 0, "sellingGeneralAndAdministrativeExpenses": 7995048, "otherExpenses": 0, "operatingExpenses": 9422146, "costAndExpenses": 9422146, "interestIncome": 0, "interestExpense": 0, "depreciationAndAmortization": 654689, "ebitda": -9832594, "ebitdaratio": -15.8565417991, "operatingIncome": -8802049, "operatingIncomeRatio": -14.1946324527, "totalOtherIncomeExpensesNet": 1465694, "incomeBeforeTax": -7336355, "incomeBeforeTaxRatio": -11.8309796693, "incomeTaxExpense": -3247541, "netIncome": -5774048, "netIncomeRatio": -9.3115238422, "eps": -0.9, "epsdiluted": -0.9, "weightedAverageShsOut": 6434245, "weightedAverageShsOutDil": 6434245, "link": "https://www.sec.gov/Archives/edgar/data/879407/000119312510286618/0001193125-10-286618-index.htm", "finalLink": "https://www.sec.gov/Archives/edgar/data/879407/000119312510286618/d10k.htm", "calculatedOtherExpenses": 315625, "calculatedOperatingExpenses": 9422146, "calculatedNetInterest": 0, "calculatedOtherIncome": 1465694, "calculatedIncomeNonControlling": 1685234, "calculatedEbitda": -8147360}, {"date": "2009-09-30", "symbol": "ARWR", "reportedCurrency": "USD", "cik": "0000879407", "fillingDate": "2009-12-22", "acceptedDate": "2009-12-22 17:11:35", "calendarYear": "2009", "period": "FY", "revenue": 3773147, "costOfRevenue": 0, "grossProfit": 3773147, "grossProfitRatio": 1, "researchAndDevelopmentExpenses": 8974666, "generalAndAdministrativeExpenses": 14140022, "sellingAndMarketingExpenses": 0, "sellingGeneralAndAdministrativeExpenses": 14140022, "otherExpenses": 0, "operatingExpenses": 23501783, "costAndExpenses": 23501783, "interestIncome": 0, "interestExpense": 0, "depreciationAndAmortization": 994604, "ebitda": -18830911, "ebitdaratio": -4.990770569, "operatingIncome": -19728636, "operatingIncomeRatio": -5.2286953039, "totalOtherIncomeExpensesNet": 571075, "incomeBeforeTax": -19157561, "incomeBeforeTaxRatio": -5.0773428653, "incomeTaxExpense": 53952, "netIncome": -19308392, "netIncomeRatio": -5.1173177191, "eps": -4.27, "epsdiluted": -4.27, "weightedAverageShsOut": 4516901, "weightedAverageShsOutDil": 4516901, "link": "https://www.sec.gov/Archives/edgar/data/879407/000119312509258134/0001193125-09-258134-index.htm", "finalLink": "https://www.sec.gov/Archives/edgar/data/879407/000119312509258134/d10k.htm", "calculatedOtherExpenses": 387095, "calculatedOperatingExpenses": 23501783, "calculatedNetInterest": 0, "calculatedOtherIncome": 571075, "calculatedIncomeNonControlling": 96879, "calculatedEbitda": -18734032}, {"date": "2008-09-30", "symbol": "ARWR", "reportedCurrency": "USD", "cik": "0000879407", "fillingDate": "2008-12-15", "acceptedDate": "2008-12-15 17:21:47", "calendarYear": "2008", "period": "FY", "revenue": 1303201, "costOfRevenue": 0, "grossProfit": 1303201, "grossProfitRatio": 1, "researchAndDevelopmentExpenses": 12144529, "generalAndAdministrativeExpenses": 0, "sellingAndMarketingExpenses": 0, "sellingGeneralAndAdministrativeExpenses": 23750845, "otherExpenses": 0, "operatingExpenses": 36305782, "costAndExpenses": 36305782, "interestIncome": 0, "interestExpense": 0, "depreciationAndAmortization": 1133381, "ebitda": -33869200, "ebitdaratio": -25.9892372704, "operatingIncome": -35002581, "operatingIncomeRatio": -26.8589273642, "totalOtherIncomeExpensesNet": -114729, "incomeBeforeTax": -35117310, "incomeBeforeTaxRatio": -26.9469636687, "incomeTaxExpense": -8028280, "netIncome": -27089030, "netIncomeRatio": -20.7865325456, "eps": -6.91, "epsdiluted": -6.91, "weightedAverageShsOut": 3919129, "weightedAverageShsOutDil": 3919129, "link": "https://www.sec.gov/Archives/edgar/data/879407/000119312508253655/0001193125-08-253655-index.htm", "finalLink": "https://www.sec.gov/Archives/edgar/data/879407/000119312508253655/d10k.htm", "calculatedOtherExpenses": 410408, "calculatedOperatingExpenses": 36305782, "calculatedNetInterest": 0, "calculatedOtherIncome": -114729, "calculatedIncomeNonControlling": 0, "calculatedEbitda": -33869200}, {"date": "2007-09-30", "symbol": "ARWR", "reportedCurrency": "USD", "cik": "0000879407", "fillingDate": "2007-12-14", "acceptedDate": "2007-12-14 16:18:51", "calendarYear": "2007", "period": "FY", "revenue": 1208022, "costOfRevenue": 724088, "grossProfit": 483934, "grossProfitRatio": 0.4006003202, "researchAndDevelopmentExpenses": 20930548, "generalAndAdministrativeExpenses": 0, "sellingAndMarketingExpenses": 0, "sellingGeneralAndAdministrativeExpenses": 17086595, "otherExpenses": 0, "operatingExpenses": 38433106, "costAndExpenses": 39157194, "interestIncome": 0, "interestExpense": 0, "depreciationAndAmortization": 1003868, "ebitda": -36945633, "ebitdaratio": -30.5835762925, "operatingIncome": -37949172, "operatingIncomeRatio": -31.4143053686, "totalOtherIncomeExpensesNet": 329, "incomeBeforeTax": -37948843, "incomeBeforeTaxRatio": -31.4140330226, "incomeTaxExpense": -8018054, "netIncome": -29931118, "netIncomeRatio": -24.7769643268, "eps": -8.35, "epsdiluted": -8.35, "weightedAverageShsOut": 3586709, "weightedAverageShsOutDil": 3586709, "link": "https://www.sec.gov/Archives/edgar/data/879407/000119312507265636/0001193125-07-265636-index.htm", "finalLink": "https://www.sec.gov/Archives/edgar/data/879407/000119312507265636/d10k.htm", "calculatedOtherExpenses": 415963, "calculatedOperatingExpenses": 38433106, "calculatedNetInterest": 0, "calculatedOtherIncome": 329, "calculatedIncomeNonControlling": 329, "calculatedEbitda": -36945304}, {"date": "2006-09-30", "symbol": "ARWR", "reportedCurrency": "USD", "cik": "0000879407", "fillingDate": "2006-12-14", "acceptedDate": "2006-12-14 16:10:31", "calendarYear": "2006", "period": "FY", "revenue": 595458, "costOfRevenue": 0, "grossProfit": 595458, "grossProfitRatio": 1, "researchAndDevelopmentExpenses": 8582019, "generalAndAdministrativeExpenses": 0, "sellingAndMarketingExpenses": 0, "sellingGeneralAndAdministrativeExpenses": 12255061, "otherExpenses": 0, "operatingExpenses": 21836080, "costAndExpenses": 21836080, "interestIncome": 0, "interestExpense": 0, "depreciationAndAmortization": 886956, "ebitda": -19670282, "ebitdaratio": -33.0338697272, "operatingIncome": -21240622, "operatingIncomeRatio": -35.6710666411, "totalOtherIncomeExpensesNet": -683384, "incomeBeforeTax": -21924006, "incomeBeforeTaxRatio": -36.8187277692, "incomeTaxExpense": -2243413, "netIncome": -18997209, "netIncomeRatio": -31.9035246818, "eps": -5.95, "epsdiluted": -5.95, "weightedAverageShsOut": 3195380, "weightedAverageShsOutDil": 3195380, "link": "https://www.sec.gov/Archives/edgar/data/879407/000119312506253375/0001193125-06-253375-index.htm", "finalLink": "https://www.sec.gov/Archives/edgar/data/879407/000119312506253375/d10k.htm", "calculatedOtherExpenses": 999000, "calculatedOperatingExpenses": 21836080, "calculatedNetInterest": 0, "calculatedOtherIncome": -683384, "calculatedIncomeNonControlling": -683384, "calculatedEbitda": -20353666}, {"date": "2005-09-30", "symbol": "ARWR", "reportedCurrency": "USD", "cik": "0000879407", "fillingDate": "2005-12-22", "acceptedDate": "2005-12-22 15:24:36", "calendarYear": "2005", "period": "FY", "revenue": 590683, "costOfRevenue": 0, "grossProfit": 590683, "grossProfitRatio": 1, "researchAndDevelopmentExpenses": 3793377, "generalAndAdministrativeExpenses": 0, "sellingAndMarketingExpenses": 0, "sellingGeneralAndAdministrativeExpenses": 5992739, "otherExpenses": 0, "operatingExpenses": 9953437, "costAndExpenses": 9953437, "interestIncome": 0, "interestExpense": 0, "depreciationAndAmortization": 644006, "ebitda": -11093617, "ebitdaratio": -18.7809992839, "operatingIncome": -9362754, "operatingIncomeRatio": -15.8507253468, "totalOtherIncomeExpensesNet": 2374869, "incomeBeforeTax": -6987885, "incomeBeforeTaxRatio": -11.8301779465, "incomeTaxExpense": -2737930, "netIncome": -6624824, "netIncomeRatio": -11.2155318504, "eps": -2.61, "epsdiluted": -2.61, "weightedAverageShsOut": 2538859, "weightedAverageShsOutDil": 2538859, "link": "https://www.sec.gov/Archives/edgar/data/879407/000119312505247560/0001193125-05-247560-index.htm", "finalLink": "https://www.sec.gov/Archives/edgar/data/879407/000119312505247560/d10ksb.htm", "calculatedOtherExpenses": 167321, "calculatedOperatingExpenses": 9953437, "calculatedNetInterest": 0, "calculatedOtherIncome": 2374869, "calculatedIncomeNonControlling": 2374869, "calculatedEbitda": -8718748}, {"date": "2004-09-30", "symbol": "ARWR", "reportedCurrency": "USD", "cik": "0000879407", "fillingDate": "2004-12-16", "acceptedDate": "2004-12-16 17:26:16", "calendarYear": "2004", "period": "FY", "revenue": 196306, "costOfRevenue": 0, "grossProfit": 196306, "grossProfitRatio": 1, "researchAndDevelopmentExpenses": 793354, "generalAndAdministrativeExpenses": 0, "sellingAndMarketingExpenses": 0, "sellingGeneralAndAdministrativeExpenses": 2171841, "otherExpenses": 0, "operatingExpenses": 2965195, "costAndExpenses": 2965195, "interestIncome": 0, "interestExpense": 0, "depreciationAndAmortization": 74740, "ebitda": -2682036, "ebitdaratio": -13.6625268713, "operatingIncome": -2768889, "operatingIncomeRatio": -14.1049636792, "totalOtherIncomeExpensesNet": -12113, "incomeBeforeTax": -2496142, "incomeBeforeTaxRatio": -12.7155665135, "incomeTaxExpense": 800, "netIncome": -2496942, "netIncomeRatio": -12.7196417837, "eps": -1.88, "epsdiluted": -1.88, "weightedAverageShsOut": 1330607, "weightedAverageShsOutDil": 1330607, "link": "https://www.sec.gov/Archives/edgar/data/879407/000119312504214808/0001193125-04-214808-index.htm", "finalLink": "https://www.sec.gov/Archives/edgar/data/879407/000119312504214808/d10ksb.htm", "calculatedOtherExpenses": 0, "calculatedOperatingExpenses": 2965195, "calculatedNetInterest": 0, "calculatedOtherIncome": 272747, "calculatedIncomeNonControlling": 0, "calculatedEbitda": -2694149}, {"date": "2003-09-30", "symbol": "ARWR", "reportedCurrency": "USD", "cik": "0000879407", "fillingDate": "2004-01-13", "acceptedDate": "2004-01-13 13:50:17", "calendarYear": "2003", "period": "FY", "revenue": 0, "costOfRevenue": 0, "grossProfit": 0, "grossProfitRatio": 0, "researchAndDevelopmentExpenses": 3375, "generalAndAdministrativeExpenses": 0, "sellingAndMarketingExpenses": 0, "sellingGeneralAndAdministrativeExpenses": 91063, "otherExpenses": 0, "operatingExpenses": 94438, "costAndExpenses": 94438, "interestIncome": 0, "interestExpense": 0, "depreciationAndAmortization": 90, "ebitda": -94348, "ebitdaratio": 0, "operatingIncome": -94438, "operatingIncomeRatio": 0, "totalOtherIncomeExpensesNet": 0, "incomeBeforeTax": -94438, "incomeBeforeTaxRatio": 0, "incomeTaxExpense": 800, "netIncome": -95238, "netIncomeRatio": 0, "eps": -0.25, "epsdiluted": -0.25, "weightedAverageShsOut": 373875, "weightedAverageShsOutDil": 373875, "link": "https://www.sec.gov/Archives/edgar/data/879407/000101540204000122/0001015402-04-000122-index.htm", "finalLink": "https://www.sec.gov/Archives/edgar/data/879407/000101540204000122/doc1.txt", "calculatedOtherExpenses": 0, "calculatedOperatingExpenses": 94438, "calculatedNetInterest": 0, "calculatedOtherIncome": 0, "calculatedIncomeNonControlling": 0, "calculatedEbitda": -94348}, {"date": "2002-09-30", "symbol": "ARWR", "reportedCurrency": "USD", "cik": "0000879407", "fillingDate": "2003-01-10", "acceptedDate": "2003-01-10 12:07:43", "calendarYear": "2002", "period": "FY", "revenue": 2266, "costOfRevenue": 87, "grossProfit": 2179, "grossProfitRatio": 0.9616063548, "researchAndDevelopmentExpenses": 0, "generalAndAdministrativeExpenses": 0, "sellingAndMarketingExpenses": 0, "sellingGeneralAndAdministrativeExpenses": 143800, "otherExpenses": 0, "operatingExpenses": 1418393, "costAndExpenses": 1418480, "interestIncome": 0, "interestExpense": 0, "depreciationAndAmortization": 9078, "ebitda": -1459735, "ebitdaratio": -644.1902030009, "operatingIncome": -1416214, "operatingIncomeRatio": -624.9841129744, "totalOtherIncomeExpensesNet": 52599, "incomeBeforeTax": -246207, "incomeBeforeTaxRatio": -108.6526919682, "incomeTaxExpense": -1170007, "netIncome": -246207, "netIncomeRatio": -108.6526919682, "eps": -32.47, "epsdiluted": -32.47, "weightedAverageShsOut": 7583, "weightedAverageShsOutDil": 7583, "link": "https://www.sec.gov/Archives/edgar/data/879407/000101540203000062/0001015402-03-000062-index.htm", "finalLink": "https://www.sec.gov/Archives/edgar/data/879407/000101540203000062/doc1.txt", "calculatedOtherExpenses": 1274593, "calculatedOperatingExpenses": 1418393, "calculatedNetInterest": 0, "calculatedOtherIncome": 1170007, "calculatedIncomeNonControlling": 1170007, "calculatedEbitda": -1407136}, {"date": "2001-09-30", "symbol": "ARWR", "reportedCurrency": "USD", "cik": "0000879407", "fillingDate": "2001-12-24", "acceptedDate": "2001-12-24 00:00:00", "calendarYear": "2001", "period": "FY", "revenue": 9312, "costOfRevenue": 6297, "grossProfit": 3015, "grossProfitRatio": 0.3237757732, "researchAndDevelopmentExpenses": 0, "generalAndAdministrativeExpenses": 0, "sellingAndMarketingExpenses": 0, "sellingGeneralAndAdministrativeExpenses": 109280, "otherExpenses": 0, "operatingExpenses": 109280, "costAndExpenses": 115577, "interestIncome": 0, "interestExpense": 0, "depreciationAndAmortization": 3526, "ebitda": -163003, "ebitdaratio": -17.5046176976, "operatingIncome": -106265, "operatingIncomeRatio": -11.4116194158, "totalOtherIncomeExpensesNet": 60264, "incomeBeforeTax": -185821, "incomeBeforeTaxRatio": -19.9550042955, "incomeTaxExpense": 79556, "netIncome": -185821, "netIncomeRatio": -19.9550042955, "eps": -25.97, "epsdiluted": -25.97, "weightedAverageShsOut": 7154, "weightedAverageShsOutDil": 7154, "link": "https://www.sec.gov/Archives/edgar/data/879407/000101540201503900/0001015402-01-503900-index.htm", "finalLink": "https://www.sec.gov/Archives/edgar/data/879407/000101540201503900/doc1.txt", "calculatedOtherExpenses": 0, "calculatedOperatingExpenses": 109280, "calculatedNetInterest": 0, "calculatedOtherIncome": -79556, "calculatedIncomeNonControlling": -79556, "calculatedEbitda": -102739}, {"date": "2000-09-30", "symbol": "ARWR", "reportedCurrency": "USD", "cik": "0000879407", "fillingDate": "2000-12-22", "acceptedDate": "2000-12-22 00:00:00", "calendarYear": "2000", "period": "FY", "revenue": 24878, "costOfRevenue": 2094, "grossProfit": 22784, "grossProfitRatio": 0.9158292467, "researchAndDevelopmentExpenses": 0, "generalAndAdministrativeExpenses": 0, "sellingAndMarketingExpenses": 0, "sellingGeneralAndAdministrativeExpenses": 132019, "otherExpenses": 0, "operatingExpenses": 132019, "costAndExpenses": 134113, "interestIncome": 0, "interestExpense": 0, "depreciationAndAmortization": 7622, "ebitda": -195467, "ebitdaratio": -7.8570222687, "operatingIncome": -109235, "operatingIncomeRatio": -4.3908272369, "totalOtherIncomeExpensesNet": 93854, "incomeBeforeTax": -137553, "incomeBeforeTaxRatio": -5.5291020178, "incomeTaxExpense": 28318, "netIncome": -137553, "netIncomeRatio": -5.5291020178, "eps": -19.48, "epsdiluted": -19.48, "weightedAverageShsOut": 7061, "weightedAverageShsOutDil": 7061, "link": "https://www.sec.gov/Archives/edgar/data/879407/000101540200003705/0001015402-00-003705-index.htm", "finalLink": "https://www.sec.gov/Archives/edgar/data/879407/000101540200003705/0001015402-00-003705-0001.txt", "calculatedOtherExpenses": 0, "calculatedOperatingExpenses": 132019, "calculatedNetInterest": 0, "calculatedOtherIncome": -28318, "calculatedIncomeNonControlling": -28318, "calculatedEbitda": -101613}, {"date": "1999-09-30", "symbol": "ARWR", "reportedCurrency": "USD", "cik": "0000879407", "fillingDate": "2000-01-10", "acceptedDate": "2000-01-10 00:00:00", "calendarYear": "1999", "period": "FY", "revenue": 36998, "costOfRevenue": 2852, "grossProfit": 34146, "grossProfitRatio": 0.9229147521, "researchAndDevelopmentExpenses": 0, "generalAndAdministrativeExpenses": 56182, "sellingAndMarketingExpenses": 34180, "sellingGeneralAndAdministrativeExpenses": 90362, "otherExpenses": 0, "operatingExpenses": 90362, "costAndExpenses": 93214, "interestIncome": 0, "interestExpense": 0, "depreciationAndAmortization": 8120, "ebitda": 158463, "ebitdaratio": 4.2830152981, "operatingIncome": -56216, "operatingIncomeRatio": -1.5194334829, "totalOtherIncomeExpensesNet": -206559, "incomeBeforeTax": -368459, "incomeBeforeTaxRatio": -9.9588896697, "incomeTaxExpense": -649219, "netIncome": 593003, "netIncomeRatio": 16.0279744851, "eps": 97.4, "epsdiluted": 97.4, "weightedAverageShsOut": 6088, "weightedAverageShsOutDil": 6088, "link": "https://www.sec.gov/Archives/edgar/data/879407/000101540200000024/0001015402-00-000024-index.html", "finalLink": "https://www.sec.gov/Archives/edgar/data/879407/000101540200000024/", "calculatedOtherExpenses": 0, "calculatedOperatingExpenses": 90362, "calculatedNetInterest": 0, "calculatedOtherIncome": -312243, "calculatedIncomeNonControlling": -312243, "calculatedEbitda": -48096}, {"date": "1998-09-30", "symbol": "ARWR", "reportedCurrency": "USD", "cik": "0000879407", "fillingDate": "1998-11-23", "acceptedDate": "1998-11-23 00:00:00", "calendarYear": "1998", "period": "FY", "revenue": 60378, "costOfRevenue": 33785, "grossProfit": 26593, "grossProfitRatio": 0.4404418828, "researchAndDevelopmentExpenses": 0, "generalAndAdministrativeExpenses": 12441, "sellingAndMarketingExpenses": 38135, "sellingGeneralAndAdministrativeExpenses": 50576, "otherExpenses": 0, "operatingExpenses": 68889, "costAndExpenses": 102674, "interestIncome": 0, "interestExpense": 0, "depreciationAndAmortization": 18312, "ebitda": -55746, "ebitdaratio": -0.9232833151, "operatingIncome": -42297, "operatingIncomeRatio": -0.7005366193, "totalOtherIncomeExpensesNet": 31762, "incomeBeforeTax": -10535, "incomeBeforeTaxRatio": -0.1744840836, "incomeTaxExpense": 9324, "netIncome": -51620, "netIncomeRatio": -0.8549471662, "eps": -10.16, "epsdiluted": -10.16, "weightedAverageShsOut": 5083, "weightedAverageShsOutDil": 5083, "link": "https://www.sec.gov/Archives/edgar/data/879407/000087940798000008/0000879407-98-000008-index.html", "finalLink": "https://www.sec.gov/Archives/edgar/data/879407/", "calculatedOtherExpenses": 18314, "calculatedOperatingExpenses": 68890, "calculatedNetInterest": 0, "calculatedOtherIncome": 31762, "calculatedIncomeNonControlling": 31761, "calculatedEbitda": -23985}, {"date": "1997-09-30", "symbol": "ARWR", "reportedCurrency": "USD", "cik": "0000879407", "fillingDate": "1998-01-02", "acceptedDate": "1998-01-02 00:00:00", "calendarYear": "1997", "period": "FY", "revenue": 76590, "costOfRevenue": 36972, "grossProfit": 39618, "grossProfitRatio": 0.5172737955, "researchAndDevelopmentExpenses": 0, "generalAndAdministrativeExpenses": 11281, "sellingAndMarketingExpenses": 78477, "sellingGeneralAndAdministrativeExpenses": 89758, "otherExpenses": 0, "operatingExpenses": 198238, "costAndExpenses": 235210, "interestIncome": 0, "interestExpense": 0, "depreciationAndAmortization": 103787, "ebitda": 641083, "ebitdaratio": 8.3703224964, "operatingIncome": -158619, "operatingIncomeRatio": -2.0710144928, "totalOtherIncomeExpensesNet": -695916, "incomeBeforeTax": -854535, "incomeBeforeTaxRatio": -11.1572659616, "incomeTaxExpense": 695915, "netIncome": -854535, "netIncomeRatio": -11.1572659616, "eps": -175.33, "epsdiluted": -175.33, "weightedAverageShsOut": 4874, "weightedAverageShsOutDil": 4874, "link": "https://www.sec.gov/Archives/edgar/data/879407/000087940798000001/0000879407-98-000001-index.html", "finalLink": "https://www.sec.gov/Archives/edgar/data/879407/", "calculatedOtherExpenses": 108479, "calculatedOperatingExpenses": 198237, "calculatedNetInterest": 0, "calculatedOtherIncome": -695916, "calculatedIncomeNonControlling": -695915, "calculatedEbitda": -54832}]}