{"originalCurrency": "USD", "convertedCurrency": "USD", "report": [{"date": "2023-12-31", "symbol": "ASBA", "reportedCurrency": "USD", "cik": "0000007789", "fillingDate": "2024-02-08", "acceptedDate": "2024-02-08 16:17:23", "calendarYear": "2022", "period": "FY", "revenue": 1097347000, "costOfRevenue": -860705000, "grossProfit": 1958052000, "grossProfitRatio": 1.7843508024, "researchAndDevelopmentExpenses": 0, "generalAndAdministrativeExpenses": 535427000, "sellingAndMarketingExpenses": 28405000, "sellingGeneralAndAdministrativeExpenses": 563832000, "otherExpenses": -2315831000, "operatingExpenses": -1751999000, "costAndExpenses": -2612704000, "interestIncome": 1958052000, "interestExpense": 918479000, "depreciationAndAmortization": 94308000, "ebitda": 206053000, "ebitdaratio": 0.1877737853, "operatingIncome": 206053000, "operatingIncomeRatio": 0.1877737853, "totalOtherIncomeExpensesNet": -1000, "incomeBeforeTax": 206052000, "incomeBeforeTaxRatio": 0.187772874, "incomeTaxExpense": 23097000, "netIncome": 182956000, "netIncomeRatio": 0.1667257486, "eps": 1.14, "epsdiluted": 1.13, "weightedAverageShsOut": 149968000, "weightedAverageShsOutDil": 150860000, "link": "https://www.sec.gov/Archives/edgar/data/7789/000000778924000009/0000007789-24-000009-index.htm", "finalLink": "https://www.sec.gov/Archives/edgar/data/7789/000000778924000009/asb-20231231.htm", "calculatedOtherExpenses": 1188167000, "calculatedOperatingExpenses": 1751999000, "calculatedNetInterest": 1039573000, "calculatedOtherIncome": -1039574000, "calculatedIncomeNonControlling": -1000, "calculatedEbitda": 300361000}, {"date": "2022-12-31", "symbol": "ASBA", "reportedCurrency": "USD", "cik": "0000007789", "fillingDate": "2023-02-13", "acceptedDate": "2023-02-13 16:26:00", "calendarYear": "2021", "period": "FY", "revenue": 1197097000, "costOfRevenue": 0, "grossProfit": 1197097000, "grossProfitRatio": 1, "researchAndDevelopmentExpenses": 0, "generalAndAdministrativeExpenses": 476751000, "sellingAndMarketingExpenses": 25525000, "sellingGeneralAndAdministrativeExpenses": 502276000, "otherExpenses": 101860000, "operatingExpenses": 604136000, "costAndExpenses": 604136000, "interestIncome": 1145252000, "interestExpense": 187931000, "depreciationAndAmortization": 8811000, "ebitda": 701460000, "ebitdaratio": 0.5859675532, "operatingIncome": 692649000, "operatingIncomeRatio": 0.5786072474, "totalOtherIncomeExpensesNet": -233019000, "incomeBeforeTax": 459630000, "incomeBeforeTaxRatio": 0.3839538484, "incomeTaxExpense": 93508000, "netIncome": 366122000, "netIncomeRatio": 0.3058415483, "eps": 2.36, "epsdiluted": 2.34, "weightedAverageShsOut": 149162000, "weightedAverageShsOutDil": 150496000, "link": "https://www.sec.gov/Archives/edgar/data/7789/000000778923000013/0000007789-23-000013-index.htm", "finalLink": "https://www.sec.gov/Archives/edgar/data/7789/000000778923000013/asb-20221231.htm", "calculatedOtherExpenses": 2172000, "calculatedOperatingExpenses": 504448000, "calculatedNetInterest": 957321000, "calculatedOtherIncome": -1190340000, "calculatedIncomeNonControlling": 0, "calculatedEbitda": 701460000}, {"date": "2021-12-31", "symbol": "ASBA", "reportedCurrency": "USD", "cik": "0000007789", "fillingDate": "2022-02-08", "acceptedDate": "2022-02-08 16:19:38", "calendarYear": "2020", "period": "FY", "revenue": 1130044000, "costOfRevenue": 0, "grossProfit": 1130044000, "grossProfitRatio": 1, "researchAndDevelopmentExpenses": 0, "generalAndAdministrativeExpenses": 444837000, "sellingAndMarketingExpenses": 21149000, "sellingGeneralAndAdministrativeExpenses": 465986000, "otherExpenses": -1078718000, "operatingExpenses": -612732000, "costAndExpenses": -612732000, "interestIncome": 798189000, "interestExpense": 72334000, "depreciationAndAmortization": 8844000, "ebitda": 445151000, "ebitdaratio": 0.3939235994, "operatingIncome": 436307000, "operatingIncomeRatio": 0.3860973555, "totalOtherIncomeExpensesNet": 436307000, "incomeBeforeTax": 436307000, "incomeBeforeTaxRatio": 0.3860973555, "incomeTaxExpense": 85313000, "netIncome": 350994000, "netIncomeRatio": 0.3106020651, "eps": 2.2, "epsdiluted": 2.18, "weightedAverageShsOut": 150773000, "weightedAverageShsOutDil": 151987000, "link": "https://www.sec.gov/Archives/edgar/data/7789/000000778922000007/0000007789-22-000007-index.htm", "finalLink": "https://www.sec.gov/Archives/edgar/data/7789/000000778922000007/asb-20211231.htm", "calculatedOtherExpenses": 227751000, "calculatedOperatingExpenses": 693737000, "calculatedNetInterest": 725855000, "calculatedOtherIncome": -725855000, "calculatedIncomeNonControlling": 0, "calculatedEbitda": 445151000}, {"date": "2020-12-31", "symbol": "ASBA", "reportedCurrency": "USD", "cik": "0000007789", "fillingDate": "2021-02-09", "acceptedDate": "2021-02-09 16:20:52", "calendarYear": "2019", "period": "FY", "revenue": 1120712000, "costOfRevenue": 0, "grossProfit": 1120712000, "grossProfitRatio": 1, "researchAndDevelopmentExpenses": 0, "generalAndAdministrativeExpenses": 452501000, "sellingAndMarketingExpenses": 18428000, "sellingGeneralAndAdministrativeExpenses": 470929000, "otherExpenses": -1400924000, "operatingExpenses": -929995000, "costAndExpenses": -929995000, "interestIncome": 912840000, "interestExpense": 149883000, "depreciationAndAmortization": 10192000, "ebitda": 337163000, "ebitdaratio": 0.30084714, "operatingIncome": 326971000, "operatingIncomeRatio": 0.2917529214, "totalOtherIncomeExpensesNet": 1000, "incomeBeforeTax": 326972000, "incomeBeforeTaxRatio": 0.2917538136, "incomeTaxExpense": 20200000, "netIncome": 306771000, "netIncomeRatio": 0.2737286653, "eps": 1.87, "epsdiluted": 1.86, "weightedAverageShsOut": 153005000, "weightedAverageShsOutDil": 153642000, "link": "https://www.sec.gov/Archives/edgar/data/7789/000000778921000018/0000007789-21-000018-index.htm", "finalLink": "https://www.sec.gov/Archives/edgar/data/7789/000000778921000018/asb-20201231.htm", "calculatedOtherExpenses": 322812000, "calculatedOperatingExpenses": 793741000, "calculatedNetInterest": 762957000, "calculatedOtherIncome": -762956000, "calculatedIncomeNonControlling": 1000, "calculatedEbitda": 337163000}, {"date": "2019-12-31", "symbol": "ASBA", "reportedCurrency": "USD", "cik": "0000007789", "fillingDate": "2020-02-11", "acceptedDate": "2020-02-11 16:48:52", "calendarYear": "2018", "period": "FY", "revenue": 1200563000, "costOfRevenue": 0, "grossProfit": 1200563000, "grossProfitRatio": 1, "researchAndDevelopmentExpenses": 0, "generalAndAdministrativeExpenses": 503313000, "sellingAndMarketingExpenses": 29600000, "sellingGeneralAndAdministrativeExpenses": 532913000, "otherExpenses": -1334039000, "operatingExpenses": -801126000, "costAndExpenses": -801126000, "interestIncome": 1172610000, "interestExpense": 336936000, "depreciationAndAmortization": 9948000, "ebitda": 416458000, "ebitdaratio": 0.3468855862, "operatingIncome": 406510000, "operatingIncomeRatio": 0.3385994737, "totalOtherIncomeExpensesNet": -1000, "incomeBeforeTax": 406509000, "incomeBeforeTaxRatio": 0.3385986408, "incomeTaxExpense": 79720000, "netIncome": 326790000, "netIncomeRatio": 0.2721972941, "eps": 1.93, "epsdiluted": 1.91, "weightedAverageShsOut": 160534000, "weightedAverageShsOutDil": 161932000, "link": "https://www.sec.gov/Archives/edgar/data/7789/000000778920000011/0000007789-20-000011-index.htm", "finalLink": "https://www.sec.gov/Archives/edgar/data/7789/000000778920000011/asb-20191231.htm", "calculatedOtherExpenses": 261140000, "calculatedOperatingExpenses": 794053000, "calculatedNetInterest": 835674000, "calculatedOtherIncome": -835675000, "calculatedIncomeNonControlling": -1000, "calculatedEbitda": 416458000}, {"date": "2018-12-31", "symbol": "ASBA", "reportedCurrency": "USD", "cik": "0000007789", "fillingDate": "2019-02-19", "acceptedDate": "2019-02-19 17:30:22", "calendarYear": "2017", "period": "FY", "revenue": 1234600000, "costOfRevenue": 0, "grossProfit": 1234600000, "grossProfitRatio": 1, "researchAndDevelopmentExpenses": 0, "generalAndAdministrativeExpenses": 512676000, "sellingAndMarketingExpenses": 30923000, "sellingGeneralAndAdministrativeExpenses": 543599000, "otherExpenses": -1163515000, "operatingExpenses": -547242000, "costAndExpenses": -547242000, "interestIncome": 1154137000, "interestExpense": 274557000, "depreciationAndAmortization": 8159000, "ebitda": 753911000, "ebitdaratio": 0.610652033, "operatingIncome": 687905000, "operatingIncomeRatio": 0.5571885631, "totalOtherIncomeExpensesNet": -274556000, "incomeBeforeTax": 413349000, "incomeBeforeTaxRatio": 0.3348039851, "incomeTaxExpense": 79786000, "netIncome": 333562000, "netIncomeRatio": 0.2701781954, "eps": 1.99, "epsdiluted": 1.97, "weightedAverageShsOut": 167345000, "weightedAverageShsOutDil": 169732000, "link": "https://www.sec.gov/Archives/edgar/data/7789/000000778919000014/0000007789-19-000014-index.htm", "finalLink": "https://www.sec.gov/Archives/edgar/data/7789/000000778919000014/asb12312018form10-k.htm", "calculatedOtherExpenses": 3096000, "calculatedOperatingExpenses": 546695000, "calculatedNetInterest": 879580000, "calculatedOtherIncome": -1154136000, "calculatedIncomeNonControlling": 1000, "calculatedEbitda": 696064000}, {"date": "2017-12-31", "symbol": "ASBA", "reportedCurrency": "USD", "cik": "0000007789", "fillingDate": "2018-02-06", "acceptedDate": "2018-02-06 17:23:57", "calendarYear": "2016", "period": "FY", "revenue": 1047900000, "costOfRevenue": 0, "grossProfit": 1047900000, "grossProfitRatio": 1, "researchAndDevelopmentExpenses": 0, "generalAndAdministrativeExpenses": 451078000, "sellingAndMarketingExpenses": 28946000, "sellingGeneralAndAdministrativeExpenses": 480024000, "otherExpenses": -1189157000, "operatingExpenses": -709133000, "costAndExpenses": -709133000, "interestIncome": 886605000, "interestExpense": 145385000, "depreciationAndAmortization": 1959000, "ebitda": 340726000, "ebitdaratio": 0.3251512549, "operatingIncome": 338767000, "operatingIncomeRatio": 0.3232818017, "totalOtherIncomeExpensesNet": 338767000, "incomeBeforeTax": 338767000, "incomeBeforeTaxRatio": 0.3232818017, "incomeTaxExpense": 109503000, "netIncome": 229264000, "netIncomeRatio": 0.2187842351, "eps": 1.52, "epsdiluted": 1.49, "weightedAverageShsOut": 150877000, "weightedAverageShsOutDil": 153647000, "link": "https://www.sec.gov/Archives/edgar/data/7789/000000778918000013/0000007789-18-000013-index.htm", "finalLink": "https://www.sec.gov/Archives/edgar/data/7789/000000778918000013/asb12312017form10-k.htm", "calculatedOtherExpenses": 229109000, "calculatedOperatingExpenses": 709133000, "calculatedNetInterest": 741220000, "calculatedOtherIncome": -741220000, "calculatedIncomeNonControlling": 0, "calculatedEbitda": 340726000}, {"date": "2016-12-31", "symbol": "ASBA", "reportedCurrency": "USD", "cik": "0000007789", "fillingDate": "2017-02-06", "acceptedDate": "2017-02-06 16:53:31", "calendarYear": "2015", "period": "FY", "revenue": 990156000, "costOfRevenue": 0, "grossProfit": 990156000, "grossProfitRatio": 1, "researchAndDevelopmentExpenses": 0, "generalAndAdministrativeExpenses": 449587000, "sellingAndMarketingExpenses": 26351000, "sellingGeneralAndAdministrativeExpenses": 475938000, "otherExpenses": -1178498000, "operatingExpenses": -702560000, "costAndExpenses": -702560000, "interestIncome": 791568000, "interestExpense": 84295000, "depreciationAndAmortization": 2093000, "ebitda": 289689000, "ebitdaratio": 0.2925690497, "operatingIncome": 287596000, "operatingIncomeRatio": 0.2904552414, "totalOtherIncomeExpensesNet": 287596000, "incomeBeforeTax": 287596000, "incomeBeforeTaxRatio": 0.2904552414, "incomeTaxExpense": 87322000, "netIncome": 200274000, "netIncomeRatio": 0.2022650976, "eps": 1.35, "epsdiluted": 1.34, "weightedAverageShsOut": 148769000, "weightedAverageShsOutDil": 149961000, "link": "https://www.sec.gov/Archives/edgar/data/7789/000000778917000009/0000007789-17-000009-index.htm", "finalLink": "https://www.sec.gov/Archives/edgar/data/7789/000000778917000009/asb12312016form10-k.htm", "calculatedOtherExpenses": 226622000, "calculatedOperatingExpenses": 702560000, "calculatedNetInterest": 707273000, "calculatedOtherIncome": -707273000, "calculatedIncomeNonControlling": 0, "calculatedEbitda": 289689000}, {"date": "2015-12-31", "symbol": "ASBA", "reportedCurrency": "USD", "cik": "0000007789", "fillingDate": "2016-02-05", "acceptedDate": "2016-02-05 16:21:34", "calendarYear": "2014", "period": "FY", "revenue": 968135000, "costOfRevenue": 84105000, "grossProfit": 884030000, "grossProfitRatio": 0.913126785, "researchAndDevelopmentExpenses": 0, "generalAndAdministrativeExpenses": 430741000, "sellingAndMarketingExpenses": 25772000, "sellingGeneralAndAdministrativeExpenses": 456513000, "otherExpenses": -1154860000, "operatingExpenses": -698347000, "costAndExpenses": -698347000, "interestIncome": 753662000, "interestExpense": 77384000, "depreciationAndAmortization": 3094000, "ebitda": 272882000, "ebitdaratio": 0.2818635831, "operatingIncome": 269788000, "operatingIncomeRatio": 0.2786677478, "totalOtherIncomeExpensesNet": -34536000, "incomeBeforeTax": 269788000, "incomeBeforeTaxRatio": 0.2786677478, "incomeTaxExpense": 81487000, "netIncome": 188301000, "netIncomeRatio": 0.1944987011, "eps": 1.26, "epsdiluted": 1.25, "weightedAverageShsOut": 149350000, "weightedAverageShsOutDil": 150603000, "link": "https://www.sec.gov/Archives/edgar/data/7789/000000778916000035/0000007789-16-000035-index.htm", "finalLink": "https://www.sec.gov/Archives/edgar/data/7789/000000778916000035/asb1231201510k.htm", "calculatedOtherExpenses": 157729000, "calculatedOperatingExpenses": 614242000, "calculatedNetInterest": 676278000, "calculatedOtherIncome": -676278000, "calculatedIncomeNonControlling": 0, "calculatedEbitda": 272882000}, {"date": "2014-12-31", "symbol": "ASBA", "reportedCurrency": "USD", "cik": "0000007789", "fillingDate": "2015-02-05", "acceptedDate": "2015-02-05 16:33:21", "calendarYear": "2013", "period": "FY", "revenue": 955828000, "costOfRevenue": 0, "grossProfit": 955828000, "grossProfitRatio": 1, "researchAndDevelopmentExpenses": 0, "generalAndAdministrativeExpenses": 414160000, "sellingAndMarketingExpenses": 26144000, "sellingGeneralAndAdministrativeExpenses": 440304000, "otherExpenses": -1120087000, "operatingExpenses": -679783000, "costAndExpenses": -679783000, "interestIncome": 736745000, "interestExpense": 55778000, "depreciationAndAmortization": 3747000, "ebitda": 279792000, "ebitdaratio": 0.2927221216, "operatingIncome": 276045000, "operatingIncomeRatio": 0.2888019602, "totalOtherIncomeExpensesNet": -34772000, "incomeBeforeTax": 276045000, "incomeBeforeTaxRatio": 0.2888019602, "incomeTaxExpense": 85536000, "netIncome": 190509000, "netIncomeRatio": 0.1993130563, "eps": 1.21, "epsdiluted": 1.2, "weightedAverageShsOut": 157286000, "weightedAverageShsOutDil": 158254000, "link": "https://www.sec.gov/Archives/edgar/data/7789/000119312515035516/0001193125-15-035516-index.htm", "finalLink": "https://www.sec.gov/Archives/edgar/data/7789/000119312515035516/d854471d10k.htm", "calculatedOtherExpenses": 239479000, "calculatedOperatingExpenses": 679783000, "calculatedNetInterest": 680967000, "calculatedOtherIncome": -680967000, "calculatedIncomeNonControlling": 0, "calculatedEbitda": 279792000}, {"date": "2013-12-31", "symbol": "ASBA", "reportedCurrency": "USD", "cik": "0000007789", "fillingDate": "2014-02-05", "acceptedDate": "2014-02-05 16:21:09", "calendarYear": "2012", "period": "FY", "revenue": 948542000, "costOfRevenue": 0, "grossProfit": 948542000, "grossProfitRatio": 1, "researchAndDevelopmentExpenses": 0, "generalAndAdministrativeExpenses": 416476000, "sellingAndMarketingExpenses": 23346000, "sellingGeneralAndAdministrativeExpenses": 439822000, "otherExpenses": -1120471000, "operatingExpenses": -680649000, "costAndExpenses": -680649000, "interestIncome": 708983000, "interestExpense": 63440000, "depreciationAndAmortization": 4043000, "ebitda": 271936000, "ebitdaratio": 0.2866884123, "operatingIncome": 267893000, "operatingIncomeRatio": 0.2824260813, "totalOtherIncomeExpensesNet": -33572001, "incomeBeforeTax": 267893000, "incomeBeforeTaxRatio": 0.2824260813, "incomeTaxExpense": 79201000, "netIncome": 188692000, "netIncomeRatio": 0.1989284607, "eps": 1.14, "epsdiluted": 1.14, "weightedAverageShsOut": 165584000, "weightedAverageShsOutDil": 165802000, "link": "https://www.sec.gov/Archives/edgar/data/7789/000119312514036891/0001193125-14-036891-index.htm", "finalLink": "https://www.sec.gov/Archives/edgar/data/7789/000119312514036891/d669377d10k.htm", "calculatedOtherExpenses": 240827000, "calculatedOperatingExpenses": 680649000, "calculatedNetInterest": 645543000, "calculatedOtherIncome": -645543000, "calculatedIncomeNonControlling": 0, "calculatedEbitda": 271936000}, {"date": "2012-12-31", "symbol": "ASBA", "reportedCurrency": "USD", "cik": "0000007789", "fillingDate": "2013-02-15", "acceptedDate": "2013-02-15 16:08:15", "calendarYear": "2011", "period": "FY", "revenue": 943792000, "costOfRevenue": 0, "grossProfit": 943792000, "grossProfitRatio": 1, "researchAndDevelopmentExpenses": 0, "generalAndAdministrativeExpenses": 444430000, "sellingAndMarketingExpenses": 21303000, "sellingGeneralAndAdministrativeExpenses": 465733000, "otherExpenses": -1155066000, "operatingExpenses": -689333000, "costAndExpenses": -689333000, "interestIncome": 718284000, "interestExpense": 92292000, "depreciationAndAmortization": 4195000, "ebitda": 258654000, "ebitdaratio": 0.2740582671, "operatingIncome": 254459000, "operatingIncomeRatio": 0.2696134318, "totalOtherIncomeExpensesNet": -53352000, "incomeBeforeTax": 254459000, "incomeBeforeTaxRatio": 0.2696134318, "incomeTaxExpense": 75486000, "netIncome": 178973000, "netIncomeRatio": 0.1896318257, "eps": 1.04, "epsdiluted": 1.04, "weightedAverageShsOut": 172255000, "weightedAverageShsOutDil": 172357000, "link": "https://www.sec.gov/Archives/edgar/data/7789/000119312513062681/0001193125-13-062681-index.htm", "finalLink": "https://www.sec.gov/Archives/edgar/data/7789/000119312513062681/d486140d10k.htm", "calculatedOtherExpenses": 223600000, "calculatedOperatingExpenses": 689333000, "calculatedNetInterest": 625992000, "calculatedOtherIncome": -625992000, "calculatedIncomeNonControlling": 0, "calculatedEbitda": 258654000}, {"date": "2011-12-31", "symbol": "ASBA", "reportedCurrency": "USD", "cik": "0000007789", "fillingDate": "2012-02-28", "acceptedDate": "2012-02-27 21:56:54", "calendarYear": "2010", "period": "FY", "revenue": 895300000, "costOfRevenue": 0, "grossProfit": 895300000, "grossProfitRatio": 1, "researchAndDevelopmentExpenses": 0, "generalAndAdministrativeExpenses": 398787000, "sellingAndMarketingExpenses": 23038000, "sellingGeneralAndAdministrativeExpenses": 421825000, "otherExpenses": -1133698000, "operatingExpenses": -711873000, "costAndExpenses": -711873000, "interestIncome": 741622000, "interestExpense": 128791000, "depreciationAndAmortization": 4714000, "ebitda": 188141000, "ebitdaratio": 0.2101429688, "operatingIncome": 183427000, "operatingIncomeRatio": 0.2048776946, "totalOtherIncomeExpensesNet": 0, "incomeBeforeTax": 183427000, "incomeBeforeTaxRatio": 0.2048776946, "incomeTaxExpense": 43728000, "netIncome": 139699000, "netIncomeRatio": 0.1560359656, "eps": 0.81, "epsdiluted": 0.81, "weightedAverageShsOut": 173370000, "weightedAverageShsOutDil": 173372000, "link": "https://www.sec.gov/Archives/edgar/data/7789/000119312512082677/0001193125-12-082677-index.htm", "finalLink": "https://www.sec.gov/Archives/edgar/data/7789/000119312512082677/d292916d10k.htm", "calculatedOtherExpenses": 290048000, "calculatedOperatingExpenses": 711873000, "calculatedNetInterest": 612831000, "calculatedOtherIncome": -612831000, "calculatedIncomeNonControlling": 0, "calculatedEbitda": 188141000}, {"date": "2010-12-31", "symbol": "ASBA", "reportedCurrency": "USD", "cik": "0000007789", "fillingDate": "2011-02-15", "acceptedDate": "2011-02-15 17:25:41", "calendarYear": "2009", "period": "FY", "revenue": 514791000, "costOfRevenue": 0, "grossProfit": 514791000, "grossProfitRatio": 1, "researchAndDevelopmentExpenses": 0, "generalAndAdministrativeExpenses": 453623000, "sellingAndMarketingExpenses": 18385000, "sellingGeneralAndAdministrativeExpenses": 472008000, "otherExpenses": -1027827000, "operatingExpenses": -555819000, "costAndExpenses": -555819000, "interestIncome": 801487000, "interestExpense": 172347000, "depreciationAndAmortization": 4919000, "ebitda": -36109000, "ebitdaratio": -0.0701430289, "operatingIncome": -41028000, "operatingIncomeRatio": -0.079698363, "totalOtherIncomeExpensesNet": 0, "incomeBeforeTax": -41028000, "incomeBeforeTaxRatio": -0.079698363, "incomeTaxExpense": -40172000, "netIncome": -856000, "netIncomeRatio": -0.0016628107, "eps": -0.005, "epsdiluted": -0.005, "weightedAverageShsOut": 171230000, "weightedAverageShsOutDil": 171230000, "link": "https://www.sec.gov/Archives/edgar/data/7789/000095012311014339/0000950123-11-014339-index.htm", "finalLink": "https://www.sec.gov/Archives/edgar/data/7789/000095012311014339/c62252e10vk.htm", "calculatedOtherExpenses": 83811000, "calculatedOperatingExpenses": 555819000, "calculatedNetInterest": 629140000, "calculatedOtherIncome": -629140000, "calculatedIncomeNonControlling": 0, "calculatedEbitda": -36109000}, {"date": "2009-12-31", "symbol": "ASBA", "reportedCurrency": "USD", "cik": "0000007789", "fillingDate": "2010-02-16", "acceptedDate": "2010-02-16 06:21:26", "calendarYear": "2008", "period": "FY", "revenue": 1076966000, "costOfRevenue": 0, "grossProfit": 1076966000, "grossProfitRatio": 1, "researchAndDevelopmentExpenses": 0, "generalAndAdministrativeExpenses": 404015000, "sellingAndMarketingExpenses": 18033000, "sellingGeneralAndAdministrativeExpenses": 422048000, "otherExpenses": -1784113000, "operatingExpenses": -1362065000, "costAndExpenses": -1362065000, "interestIncome": 981256000, "interestExpense": 255251000, "depreciationAndAmortization": 5543000, "ebitda": -279556000, "ebitdaratio": -0.2595773683, "operatingIncome": -285099000, "operatingIncomeRatio": -0.2647242346, "totalOtherIncomeExpensesNet": 0, "incomeBeforeTax": -285099000, "incomeBeforeTaxRatio": -0.2647242346, "incomeTaxExpense": -153240000, "netIncome": -131859000, "netIncomeRatio": -0.1224356201, "eps": -1.03, "epsdiluted": -1.03, "weightedAverageShsOut": 127858000, "weightedAverageShsOutDil": 127858000, "link": "https://www.sec.gov/Archives/edgar/data/7789/000095012310012571/0000950123-10-012571-index.htm", "finalLink": "https://www.sec.gov/Archives/edgar/data/7789/000095012310012571/c56253e10vk.htm", "calculatedOtherExpenses": 940017000, "calculatedOperatingExpenses": 1362065000, "calculatedNetInterest": 726005000, "calculatedOtherIncome": -726005000, "calculatedIncomeNonControlling": 0, "calculatedEbitda": -279556000}, {"date": "2008-12-31", "symbol": "ASBA", "reportedCurrency": "USD", "cik": "0000007789", "fillingDate": "2009-02-26", "acceptedDate": "2009-02-26 12:06:23", "calendarYear": "2007", "period": "FY", "revenue": 981798000, "costOfRevenue": 0, "grossProfit": 981798000, "grossProfitRatio": 1, "researchAndDevelopmentExpenses": 0, "generalAndAdministrativeExpenses": 309478000, "sellingAndMarketingExpenses": 21400000, "sellingGeneralAndAdministrativeExpenses": 330878000, "otherExpenses": -1090396000, "operatingExpenses": -759518000, "costAndExpenses": -759518000, "interestIncome": 1126709000, "interestExpense": 430561000, "depreciationAndAmortization": 56145000, "ebitda": 278425000, "ebitdaratio": 0.2835868478, "operatingIncome": 222280000, "operatingIncomeRatio": 0.2264009501, "totalOtherIncomeExpensesNet": 0, "incomeBeforeTax": 222280000, "incomeBeforeTaxRatio": 0.2264009501, "incomeTaxExpense": 53828000, "netIncome": 168452000, "netIncomeRatio": 0.1715750083, "eps": 1.32, "epsdiluted": 1.32, "weightedAverageShsOut": 127501000, "weightedAverageShsOutDil": 127775000, "link": "https://www.sec.gov/Archives/edgar/data/7789/000095015209001822/0000950152-09-001822-index.htm", "finalLink": "https://www.sec.gov/Archives/edgar/data/7789/000095015209001822/c48726e10vk.htm", "calculatedOtherExpenses": 428640000, "calculatedOperatingExpenses": 759518000, "calculatedNetInterest": 696148000, "calculatedOtherIncome": -696148000, "calculatedIncomeNonControlling": 0, "calculatedEbitda": 278425000}, {"date": "2007-12-31", "symbol": "ASBA", "reportedCurrency": "USD", "cik": "0000007789", "fillingDate": "2008-02-27", "acceptedDate": "2008-02-27 12:30:26", "calendarYear": "2006", "period": "FY", "revenue": 988594000, "costOfRevenue": 0, "grossProfit": 988594000, "grossProfitRatio": 1, "researchAndDevelopmentExpenses": 0, "generalAndAdministrativeExpenses": 303428000, "sellingAndMarketingExpenses": 19785000, "sellingGeneralAndAdministrativeExpenses": 323213000, "otherExpenses": -892613000, "operatingExpenses": -569400000, "costAndExpenses": -569400000, "interestIncome": 1275712000, "interestExpense": 631899000, "depreciationAndAmortization": 54555000, "ebitda": 473749000, "ebitdaratio": 0.4792149254, "operatingIncome": 419194000, "operatingIncomeRatio": 0.4240304918, "totalOtherIncomeExpensesNet": 0, "incomeBeforeTax": 419194000, "incomeBeforeTaxRatio": 0.4240304918, "incomeTaxExpense": 133442000, "netIncome": 285752000, "netIncomeRatio": 0.2890488917, "eps": 2.24, "epsdiluted": 2.22, "weightedAverageShsOut": 127408000, "weightedAverageShsOutDil": 128428000, "link": "https://www.sec.gov/Archives/edgar/data/7789/000095013708002827/0000950137-08-002827-index.htm", "finalLink": "https://www.sec.gov/Archives/edgar/data/7789/000095013708002827/c23355e10vk.htm", "calculatedOtherExpenses": 246187000, "calculatedOperatingExpenses": 569400000, "calculatedNetInterest": 643813000, "calculatedOtherIncome": -643813000, "calculatedIncomeNonControlling": 0, "calculatedEbitda": 473749000}, {"date": "2006-12-31", "symbol": "ASBA", "reportedCurrency": "USD", "cik": "0000007789", "fillingDate": "2007-02-28", "acceptedDate": "2007-02-28 16:20:09", "calendarYear": "2005", "period": "FY", "revenue": 965050000, "costOfRevenue": 0, "grossProfit": 965050000, "grossProfitRatio": 1, "researchAndDevelopmentExpenses": 0, "generalAndAdministrativeExpenses": 283431000, "sellingAndMarketingExpenses": 16857000, "sellingGeneralAndAdministrativeExpenses": 300288000, "otherExpenses": -815559000, "operatingExpenses": -515271000, "costAndExpenses": -515271000, "interestIncome": 1279379000, "interestExpense": 609830000, "depreciationAndAmortization": 53468000, "ebitda": 503247000, "ebitdaratio": 0.5214724626, "operatingIncome": 449779000, "operatingIncomeRatio": 0.4660680794, "totalOtherIncomeExpensesNet": 0, "incomeBeforeTax": 449779000, "incomeBeforeTaxRatio": 0.4660680794, "incomeTaxExpense": 133134000, "netIncome": 316645000, "netIncomeRatio": 0.328112533, "eps": 2.4, "epsdiluted": 2.38, "weightedAverageShsOut": 132006000, "weightedAverageShsOutDil": 133132000, "link": "https://www.sec.gov/Archives/edgar/data/7789/000095013707002993/0000950137-07-002993-index.htm", "finalLink": "https://www.sec.gov/Archives/edgar/data/7789/000095013707002993/c11374e10vk.htm", "calculatedOtherExpenses": 214983000, "calculatedOperatingExpenses": 515271000, "calculatedNetInterest": 669549000, "calculatedOtherIncome": -669549000, "calculatedIncomeNonControlling": 0, "calculatedEbitda": 503247000}, {"date": "2005-12-31", "symbol": "ASBA", "reportedCurrency": "USD", "cik": "0000007789", "fillingDate": "2006-03-02", "acceptedDate": "2006-03-02 16:44:53", "calendarYear": "2004", "period": "FY", "revenue": 963341000, "costOfRevenue": 0, "grossProfit": 963341000, "grossProfitRatio": 1, "researchAndDevelopmentExpenses": 0, "generalAndAdministrativeExpenses": 274941000, "sellingAndMarketingExpenses": 17661000, "sellingGeneralAndAdministrativeExpenses": 292602000, "otherExpenses": -786084000, "operatingExpenses": -493482000, "costAndExpenses": -493482000, "interestIncome": 1094025000, "interestExpense": 421770000, "depreciationAndAmortization": 82636000, "ebitda": 552495000, "ebitdaratio": 0.5735196571, "operatingIncome": 469859000, "operatingIncomeRatio": 0.4877390249, "totalOtherIncomeExpensesNet": 0, "incomeBeforeTax": 469859000, "incomeBeforeTaxRatio": 0.4877390249, "incomeTaxExpense": 149698000, "netIncome": 320161000, "netIncomeRatio": 0.3323444139, "eps": 2.45, "epsdiluted": 2.43, "weightedAverageShsOut": 130554000, "weightedAverageShsOutDil": 131931000, "link": "https://www.sec.gov/Archives/edgar/data/7789/000095013706002494/0000950137-06-002494-index.htm", "finalLink": "https://www.sec.gov/Archives/edgar/data/7789/000095013706002494/c02924e10vk.htm", "calculatedOtherExpenses": 200880000, "calculatedOperatingExpenses": 493482000, "calculatedNetInterest": 672255000, "calculatedOtherIncome": -672255000, "calculatedIncomeNonControlling": 0, "calculatedEbitda": 552495000}, {"date": "2004-12-31", "symbol": "ASBA", "reportedCurrency": "USD", "cik": "0000007789", "fillingDate": "2005-03-16", "acceptedDate": "2005-03-16 14:40:43", "calendarYear": "2003", "period": "FY", "revenue": 762874000, "costOfRevenue": 0, "grossProfit": 762874000, "grossProfitRatio": 1, "researchAndDevelopmentExpenses": 0, "generalAndAdministrativeExpenses": 224548000, "sellingAndMarketingExpenses": 14975000, "sellingGeneralAndAdministrativeExpenses": 239523000, "otherExpenses": -632060000, "operatingExpenses": -392537000, "costAndExpenses": -392537000, "interestIncome": 767122000, "interestExpense": 214495000, "depreciationAndAmortization": 64783000, "ebitda": 435120000, "ebitdaratio": 0.5703694188, "operatingIncome": 370337000, "operatingIncomeRatio": 0.4854497597, "totalOtherIncomeExpensesNet": 0, "incomeBeforeTax": 370337000, "incomeBeforeTaxRatio": 0.4854497597, "incomeTaxExpense": 112051000, "netIncome": 258286000, "netIncomeRatio": 0.3385696721, "eps": 2.28, "epsdiluted": 2.25, "weightedAverageShsOut": 113532000, "weightedAverageShsOutDil": 115025000, "link": "https://www.sec.gov/Archives/edgar/data/7789/000095013705003093/0000950137-05-003093-index.htm", "finalLink": "https://www.sec.gov/Archives/edgar/data/7789/000095013705003093/c92829e10vk.htm", "calculatedOtherExpenses": 153014000, "calculatedOperatingExpenses": 392537000, "calculatedNetInterest": 552627000, "calculatedOtherIncome": -552627000, "calculatedIncomeNonControlling": 0, "calculatedEbitda": 435120000}, {"date": "2003-12-31", "symbol": "ASBA", "reportedCurrency": "USD", "cik": "0000007789", "fillingDate": "2004-03-15", "acceptedDate": "2004-03-15 11:57:05", "calendarYear": "2002", "period": "FY", "revenue": 757197000, "costOfRevenue": 0, "grossProfit": 757197000, "grossProfitRatio": 1, "researchAndDevelopmentExpenses": 0, "generalAndAdministrativeExpenses": 208040000, "sellingAndMarketingExpenses": 15194000, "sellingGeneralAndAdministrativeExpenses": 223234000, "otherExpenses": -658715000, "operatingExpenses": -435481000, "costAndExpenses": -435481000, "interestIncome": 727364000, "interestExpense": 216602000, "depreciationAndAmortization": 67738000, "ebitda": 389454000, "ebitdaratio": 0.5143364276, "operatingIncome": 321716000, "operatingIncomeRatio": 0.4248775418, "totalOtherIncomeExpensesNet": 0, "incomeBeforeTax": 321716000, "incomeBeforeTaxRatio": 0.4248775418, "incomeTaxExpense": 93059000, "netIncome": 228657000, "netIncomeRatio": 0.301978217, "eps": 2.07, "epsdiluted": 2.05, "weightedAverageShsOut": 110617000, "weightedAverageShsOutDil": 111761000, "link": "https://www.sec.gov/Archives/edgar/data/7789/000000778904000013/0000007789-04-000013-index.htm", "finalLink": "https://www.sec.gov/Archives/edgar/data/7789/000000778904000013/form10k2003.txt", "calculatedOtherExpenses": 212247000, "calculatedOperatingExpenses": 435481000, "calculatedNetInterest": 510762000, "calculatedOtherIncome": -510762000, "calculatedIncomeNonControlling": 0, "calculatedEbitda": 389454000}, {"date": "2002-12-31", "symbol": "ASBA", "reportedCurrency": "USD", "cik": "0000007789", "fillingDate": "2003-03-20", "acceptedDate": "2003-03-20 10:08:41", "calendarYear": "2001", "period": "FY", "revenue": 721574000, "costOfRevenue": 0, "grossProfit": 721574000, "grossProfitRatio": 1, "researchAndDevelopmentExpenses": 0, "generalAndAdministrativeExpenses": 192918000, "sellingAndMarketingExpenses": 13812000, "sellingGeneralAndAdministrativeExpenses": 206730000, "otherExpenses": -631978000, "operatingExpenses": -425248000, "costAndExpenses": -425248000, "interestIncome": 792106000, "interestExpense": 290840000, "depreciationAndAmortization": 18696000, "ebitda": 315022000, "ebitdaratio": 0.4365761516, "operatingIncome": 296326000, "operatingIncomeRatio": 0.4106661271, "totalOtherIncomeExpensesNet": 0, "incomeBeforeTax": 296326000, "incomeBeforeTaxRatio": 0.4106661271, "incomeTaxExpense": 85607000, "netIncome": 210719000, "netIncomeRatio": 0.2920268746, "eps": 1.88, "epsdiluted": 1.86, "weightedAverageShsOut": 112027500, "weightedAverageShsOutDil": 113239500, "link": "https://www.sec.gov/Archives/edgar/data/7789/000000778903000006/0000007789-03-000006-index.htm", "finalLink": "https://www.sec.gov/Archives/edgar/data/7789/000000778903000006/form10k2002.txt", "calculatedOtherExpenses": 218518000, "calculatedOperatingExpenses": 425248000, "calculatedNetInterest": 501266000, "calculatedOtherIncome": -501266000, "calculatedIncomeNonControlling": 0, "calculatedEbitda": 315022000}, {"date": "2001-12-31", "symbol": "ASBA", "reportedCurrency": "USD", "cik": "0000007789", "fillingDate": "2002-03-21", "acceptedDate": "2002-03-21 00:00:00", "calendarYear": "2000", "period": "FY", "revenue": 617588000, "costOfRevenue": 0, "grossProfit": 617588000, "grossProfitRatio": 1, "researchAndDevelopmentExpenses": 0, "generalAndAdministrativeExpenses": 171362000, "sellingAndMarketingExpenses": 13071000, "sellingGeneralAndAdministrativeExpenses": 184433000, "otherExpenses": -551012000, "operatingExpenses": -366579000, "costAndExpenses": -366579000, "interestIncome": 880622000, "interestExpense": 458637000, "depreciationAndAmortization": 50284000, "ebitda": 301293000, "ebitdaratio": 0.4878543625, "operatingIncome": 251009000, "operatingIncomeRatio": 0.4064343867, "totalOtherIncomeExpensesNet": 0, "incomeBeforeTax": 251009000, "incomeBeforeTaxRatio": 0.4064343867, "incomeTaxExpense": 71487000, "netIncome": 179522000, "netIncomeRatio": 0.2906824614, "eps": 1.65, "epsdiluted": 1.64, "weightedAverageShsOut": 108880200, "weightedAverageShsOutDil": 109751400, "link": "https://www.sec.gov/Archives/edgar/data/7789/000000778902000008/0000007789-02-000008-index.htm", "finalLink": "https://www.sec.gov/Archives/edgar/data/7789/000000778902000008/r10k01.txt", "calculatedOtherExpenses": 182146000, "calculatedOperatingExpenses": 366579000, "calculatedNetInterest": 421985000, "calculatedOtherIncome": -421985000, "calculatedIncomeNonControlling": 0, "calculatedEbitda": 301293000}, {"date": "2000-12-31", "symbol": "ASBA", "reportedCurrency": "USD", "cik": "0000007789", "fillingDate": "2001-03-22", "acceptedDate": "2001-03-22 00:00:00", "calendarYear": "1999", "period": "FY", "revenue": 567763000, "costOfRevenue": 0, "grossProfit": 567763000, "grossProfitRatio": 1, "researchAndDevelopmentExpenses": 0, "generalAndAdministrativeExpenses": 157007000, "sellingAndMarketingExpenses": 13359000, "sellingGeneralAndAdministrativeExpenses": 170366000, "otherExpenses": -508308000, "operatingExpenses": -337942000, "costAndExpenses": -337942000, "interestIncome": 931157000, "interestExpense": 547590000, "depreciationAndAmortization": 39649000, "ebitda": 269470000, "ebitdaratio": 0.4746170497, "operatingIncome": 229821000, "operatingIncomeRatio": 0.4047833339, "totalOtherIncomeExpensesNet": 0, "incomeBeforeTax": 229821000, "incomeBeforeTaxRatio": 0.4047833339, "incomeTaxExpense": 61838000, "netIncome": 167983000, "netIncomeRatio": 0.2958681703, "eps": 1.49, "epsdiluted": 1.49, "weightedAverageShsOut": 112506900, "weightedAverageShsOutDil": 112876500, "link": "https://www.sec.gov/Archives/edgar/data/7789/000000778901500008/0000007789-01-500008-index.htm", "finalLink": "https://www.sec.gov/Archives/edgar/data/7789/000000778901500008/r10k2000.txt", "calculatedOtherExpenses": 167576000, "calculatedOperatingExpenses": 337942000, "calculatedNetInterest": 383567000, "calculatedOtherIncome": -383567000, "calculatedIncomeNonControlling": 0, "calculatedEbitda": 269470000}, {"date": "1999-12-31", "symbol": "ASBA", "reportedCurrency": "USD", "cik": "0000007789", "fillingDate": "2000-03-23", "acceptedDate": "2000-03-23 00:00:00", "calendarYear": "1998", "period": "FY", "revenue": 561600000, "costOfRevenue": 0, "grossProfit": 561600000, "grossProfitRatio": 1, "researchAndDevelopmentExpenses": 0, "generalAndAdministrativeExpenses": 151600000, "sellingAndMarketingExpenses": 11900000, "sellingGeneralAndAdministrativeExpenses": 163500000, "otherExpenses": -487800000, "operatingExpenses": -324300000, "costAndExpenses": -324300000, "interestIncome": 814500000, "interestExpense": 418800000, "depreciationAndAmortization": 40700000, "ebitda": 278000000, "ebitdaratio": 0.495014245, "operatingIncome": 237300000, "operatingIncomeRatio": 0.422542735, "totalOtherIncomeExpensesNet": 0, "incomeBeforeTax": 237300000, "incomeBeforeTaxRatio": 0.422542735, "incomeTaxExpense": 72400000, "netIncome": 164900000, "netIncomeRatio": 0.2936253561, "eps": 1.43, "epsdiluted": 1.42, "weightedAverageShsOut": 115265700, "weightedAverageShsOutDil": 116272200, "link": "https://www.sec.gov/Archives/edgar/data/7789/000095012400001476/0000950124-00-001476-index.htm", "finalLink": "https://www.sec.gov/Archives/edgar/data/7789/000095012400001476/0000950124-00-001476.txt", "calculatedOtherExpenses": 160800000, "calculatedOperatingExpenses": 324300000, "calculatedNetInterest": 395700000, "calculatedOtherIncome": -395700000, "calculatedIncomeNonControlling": 0, "calculatedEbitda": 278000000}, {"date": "1998-12-31", "symbol": "ASBA", "reportedCurrency": "USD", "cik": "0000007789", "fillingDate": "1999-03-23", "acceptedDate": "1999-03-23 00:00:00", "calendarYear": "1997", "period": "FY", "revenue": 542700000, "costOfRevenue": 0, "grossProfit": 542700000, "grossProfitRatio": 1, "researchAndDevelopmentExpenses": 0, "generalAndAdministrativeExpenses": 148500000, "sellingAndMarketingExpenses": 13200000, "sellingGeneralAndAdministrativeExpenses": 161700000, "otherExpenses": -471500000, "operatingExpenses": -309800000, "costAndExpenses": -309800000, "interestIncome": 785800000, "interestExpense": 411100000, "depreciationAndAmortization": 22600000, "ebitda": 255500000, "ebitdaratio": 0.4707941773, "operatingIncome": 232900000, "operatingIncomeRatio": 0.4291505436, "totalOtherIncomeExpensesNet": 0, "incomeBeforeTax": 232900000, "incomeBeforeTaxRatio": 0.4291505436, "incomeTaxExpense": 75900000, "netIncome": 157000000, "netIncomeRatio": 0.2892942694, "eps": 1.37, "epsdiluted": 1.36, "weightedAverageShsOut": 114571875, "weightedAverageShsOutDil": 115777035, "link": "https://www.sec.gov/Archives/edgar/data/7789/000095013199001662/0000950131-99-001662-index.htm", "finalLink": "https://www.sec.gov/Archives/edgar/data/7789/0000950131-99-001662.txt", "calculatedOtherExpenses": 148100000, "calculatedOperatingExpenses": 309800000, "calculatedNetInterest": 374700000, "calculatedOtherIncome": -374700000, "calculatedIncomeNonControlling": 0, "calculatedEbitda": 255500000}, {"date": "1997-12-31", "symbol": "ASBA", "reportedCurrency": "USD", "cik": "0000007789", "fillingDate": "1998-03-20", "acceptedDate": "1998-03-20 00:00:00", "calendarYear": "1996", "period": "FY", "revenue": 471600000, "costOfRevenue": 0, "grossProfit": 471600000, "grossProfitRatio": 1, "researchAndDevelopmentExpenses": 0, "generalAndAdministrativeExpenses": 133700000, "sellingAndMarketingExpenses": 15900000, "sellingGeneralAndAdministrativeExpenses": 149600000, "otherExpenses": -504900000, "operatingExpenses": -355300000, "costAndExpenses": -355300000, "interestIncome": 787200000, "interestExpense": 411600000, "depreciationAndAmortization": 25100000, "ebitda": 141400000, "ebitdaratio": 0.2998303647, "operatingIncome": 116300000, "operatingIncomeRatio": 0.2466072943, "totalOtherIncomeExpensesNet": 0, "incomeBeforeTax": 116300000, "incomeBeforeTaxRatio": 0.2466072943, "incomeTaxExpense": 63900000, "netIncome": 52400000, "netIncomeRatio": 0.1111111111, "eps": 0.46, "epsdiluted": 0.45, "weightedAverageShsOut": 114585542, "weightedAverageShsOutDil": 115982927, "link": "https://www.sec.gov/Archives/edgar/data/7789/000095013198001849/0000950131-98-001849-index.htm", "finalLink": "https://www.sec.gov/Archives/edgar/data/7789/000095013198001849/", "calculatedOtherExpenses": 205700000, "calculatedOperatingExpenses": 355300000, "calculatedNetInterest": 375600000, "calculatedOtherIncome": -375600000, "calculatedIncomeNonControlling": 0, "calculatedEbitda": 141400000}, {"date": "1996-12-31", "symbol": "ASBA", "reportedCurrency": "USD", "cik": "0000007789", "fillingDate": "1997-03-21", "acceptedDate": "1997-03-21 00:00:00", "calendarYear": "1995", "period": "FY", "revenue": 234400000, "costOfRevenue": 0, "grossProfit": 234400000, "grossProfitRatio": 1, "researchAndDevelopmentExpenses": 0, "generalAndAdministrativeExpenses": 75400000, "sellingAndMarketingExpenses": 3600000, "sellingGeneralAndAdministrativeExpenses": 79000000, "otherExpenses": -224200000, "operatingExpenses": -145200000, "costAndExpenses": -145200000, "interestIncome": 311800000, "interestExpense": 142500000, "depreciationAndAmortization": 12200000, "ebitda": 101400000, "ebitdaratio": 0.4325938567, "operatingIncome": 89200000, "operatingIncomeRatio": 0.3805460751, "totalOtherIncomeExpensesNet": 0, "incomeBeforeTax": 89200000, "incomeBeforeTaxRatio": 0.3805460751, "incomeTaxExpense": 32000000, "netIncome": 57200000, "netIncomeRatio": 0.2440273038, "eps": 1.16, "epsdiluted": 1.14, "weightedAverageShsOut": 49480180, "weightedAverageShsOutDil": 50042452, "link": "https://www.sec.gov/Archives/edgar/data/7789/000095013197001972/0000950131-97-001972-index.htm", "finalLink": "https://www.sec.gov/Archives/edgar/data/7789/0000950131-97-001972.txt", "calculatedOtherExpenses": 66200000, "calculatedOperatingExpenses": 145200000, "calculatedNetInterest": 169300000, "calculatedOtherIncome": -169300000, "calculatedIncomeNonControlling": 0, "calculatedEbitda": 101400000}, {"date": "1995-12-31", "symbol": "ASBA", "reportedCurrency": "USD", "cik": "0000007789", "fillingDate": "1996-03-25", "acceptedDate": "1996-03-25 00:00:00", "calendarYear": "1994", "period": "FY", "revenue": 199600000, "costOfRevenue": 0, "grossProfit": 199600000, "grossProfitRatio": 1, "researchAndDevelopmentExpenses": 0, "generalAndAdministrativeExpenses": 65000000, "sellingAndMarketingExpenses": 3100000, "sellingGeneralAndAdministrativeExpenses": 68100000, "otherExpenses": -194300000, "operatingExpenses": -126200000, "costAndExpenses": -126200000, "interestIncome": 264400000, "interestExpense": 117800000, "depreciationAndAmortization": 9900000, "ebitda": 83300000, "ebitdaratio": 0.4173346693, "operatingIncome": 73400000, "operatingIncomeRatio": 0.3677354709, "totalOtherIncomeExpensesNet": 0, "incomeBeforeTax": 73400000, "incomeBeforeTaxRatio": 0.3677354709, "incomeTaxExpense": 26700000, "netIncome": 46700000, "netIncomeRatio": 0.2339679359, "eps": 1.04, "epsdiluted": 1.04, "weightedAverageShsOut": 44993990, "weightedAverageShsOutDil": 44993990, "link": "https://www.sec.gov/Archives/edgar/data/7789/000091205796005082/0000912057-96-005082-index.htm", "finalLink": "https://www.sec.gov/Archives/edgar/data/7789/0000912057-96-005082.txt", "calculatedOtherExpenses": 58100000, "calculatedOperatingExpenses": 126200000, "calculatedNetInterest": 146600000, "calculatedOtherIncome": -146600000, "calculatedIncomeNonControlling": 0, "calculatedEbitda": 83300000}, {"date": "1994-12-31", "symbol": "ASBA", "reportedCurrency": "USD", "cik": "0000007789", "fillingDate": "1994-12-31", "acceptedDate": "1994-12-31 00:00:00", "calendarYear": "1993", "period": "FY", "revenue": 179100000, "costOfRevenue": 0, "grossProfit": 179100000, "grossProfitRatio": 1, "researchAndDevelopmentExpenses": 0, "generalAndAdministrativeExpenses": 59400000, "sellingAndMarketingExpenses": 2700000, "sellingGeneralAndAdministrativeExpenses": 62100000, "otherExpenses": -178700000, "operatingExpenses": -116600000, "costAndExpenses": -116600000, "interestIncome": 211000000, "interestExpense": 79700000, "depreciationAndAmortization": 7300000, "ebitda": 69800000, "ebitdaratio": 0.3897264098, "operatingIncome": 62500000, "operatingIncomeRatio": 0.3489670575, "totalOtherIncomeExpensesNet": 0, "incomeBeforeTax": 62500000, "incomeBeforeTaxRatio": 0.3489670575, "incomeTaxExpense": 22100000, "netIncome": 40400000, "netIncomeRatio": 0.225572306, "eps": 0.88, "epsdiluted": 0.85, "weightedAverageShsOut": 45954053, "weightedAverageShsOutDil": 47257708, "link": null, "finalLink": null, "calculatedOtherExpenses": 54500000, "calculatedOperatingExpenses": 116600000, "calculatedNetInterest": 131300000, "calculatedOtherIncome": -131300000, "calculatedIncomeNonControlling": 0, "calculatedEbitda": 69800000}, {"date": "1993-12-31", "symbol": "ASBA", "reportedCurrency": "USD", "cik": "0000007789", "fillingDate": "1993-12-31", "acceptedDate": "1993-12-31 00:00:00", "calendarYear": "1992", "period": "FY", "revenue": 172200000, "costOfRevenue": 0, "grossProfit": 172200000, "grossProfitRatio": 1, "researchAndDevelopmentExpenses": 0, "generalAndAdministrativeExpenses": 58600000, "sellingAndMarketingExpenses": 2900000, "sellingGeneralAndAdministrativeExpenses": 61500000, "otherExpenses": -178900000, "operatingExpenses": -117400000, "costAndExpenses": -117400000, "interestIncome": 200500000, "interestExpense": 76900000, "depreciationAndAmortization": 6800000, "ebitda": 61600000, "ebitdaratio": 0.3577235772, "operatingIncome": 54800000, "operatingIncomeRatio": 0.3182346109, "totalOtherIncomeExpensesNet": 0, "incomeBeforeTax": 54800000, "incomeBeforeTaxRatio": 0.3182346109, "incomeTaxExpense": 18600000, "netIncome": 36200000, "netIncomeRatio": 0.2102206736, "eps": 0.82, "epsdiluted": 0.79, "weightedAverageShsOut": 43901563, "weightedAverageShsOutDil": 45577187, "link": null, "finalLink": null, "calculatedOtherExpenses": 55900000, "calculatedOperatingExpenses": 117400000, "calculatedNetInterest": 123600000, "calculatedOtherIncome": -123600000, "calculatedIncomeNonControlling": 0, "calculatedEbitda": 61600000}, {"date": "1992-12-31", "symbol": "ASBA", "reportedCurrency": "USD", "cik": "0000007789", "fillingDate": "1992-12-31", "acceptedDate": "1992-12-31 00:00:00", "calendarYear": "1991", "period": "FY", "revenue": 160000000, "costOfRevenue": 0, "grossProfit": 160000000, "grossProfitRatio": 1, "researchAndDevelopmentExpenses": 0, "generalAndAdministrativeExpenses": 55000000, "sellingAndMarketingExpenses": 2800000, "sellingGeneralAndAdministrativeExpenses": 57800000, "otherExpenses": -172000000, "operatingExpenses": -114200000, "costAndExpenses": -114200000, "interestIncome": 209800000, "interestExpense": 95200000, "depreciationAndAmortization": 6200000, "ebitda": 52000000, "ebitdaratio": 0.325, "operatingIncome": 45800000, "operatingIncomeRatio": 0.28625, "totalOtherIncomeExpensesNet": -1000000, "incomeBeforeTax": 44800000, "incomeBeforeTaxRatio": 0.28, "incomeTaxExpense": 14200000, "netIncome": 31600000, "netIncomeRatio": 0.1975, "eps": 0.72, "epsdiluted": 0.71, "weightedAverageShsOut": 44168809, "weightedAverageShsOutDil": 44546318, "link": null, "finalLink": null, "calculatedOtherExpenses": 56400000, "calculatedOperatingExpenses": 114200000, "calculatedNetInterest": 114600000, "calculatedOtherIncome": -115600000, "calculatedIncomeNonControlling": -1000000, "calculatedEbitda": 52000000}, {"date": "1991-12-31", "symbol": "ASBA", "reportedCurrency": "USD", "cik": "0000007789", "fillingDate": "1991-12-31", "acceptedDate": "1991-12-31 00:00:00", "calendarYear": "1990", "period": "FY", "revenue": 107200000, "costOfRevenue": 0, "grossProfit": 107200000, "grossProfitRatio": 1, "researchAndDevelopmentExpenses": 0, "generalAndAdministrativeExpenses": 36000000, "sellingAndMarketingExpenses": 1900000, "sellingGeneralAndAdministrativeExpenses": 37900000, "otherExpenses": -115500000, "operatingExpenses": -77600000, "costAndExpenses": -77600000, "interestIncome": 162400000, "interestExpense": 87800000, "depreciationAndAmortization": 4100000, "ebitda": 33700000, "ebitdaratio": 0.3143656716, "operatingIncome": 29600000, "operatingIncomeRatio": 0.276119403, "totalOtherIncomeExpensesNet": 0, "incomeBeforeTax": 29600000, "incomeBeforeTaxRatio": 0.276119403, "incomeTaxExpense": 8300000, "netIncome": 21300000, "netIncomeRatio": 0.1986940299, "eps": 0.69, "epsdiluted": 0.69, "weightedAverageShsOut": 31089353, "weightedAverageShsOutDil": 31089353, "link": null, "finalLink": null, "calculatedOtherExpenses": 39700000, "calculatedOperatingExpenses": 77600000, "calculatedNetInterest": 74600000, "calculatedOtherIncome": -74600000, "calculatedIncomeNonControlling": 0, "calculatedEbitda": 33700000}, {"date": "1990-12-31", "symbol": "ASBA", "reportedCurrency": "USD", "cik": "0000007789", "fillingDate": "1990-12-31", "acceptedDate": "1990-12-31 00:00:00", "calendarYear": "1989", "period": "FY", "revenue": 94300000, "costOfRevenue": 0, "grossProfit": 94300000, "grossProfitRatio": 1, "researchAndDevelopmentExpenses": 0, "generalAndAdministrativeExpenses": 32400000, "sellingAndMarketingExpenses": 1900000, "sellingGeneralAndAdministrativeExpenses": 34300000, "otherExpenses": -102100000, "operatingExpenses": -67800000, "costAndExpenses": -67800000, "interestIncome": 162200000, "interestExpense": 96300000, "depreciationAndAmortization": 3800000, "ebitda": 30300000, "ebitdaratio": 0.3213149523, "operatingIncome": 26500000, "operatingIncomeRatio": 0.2810180276, "totalOtherIncomeExpensesNet": 0, "incomeBeforeTax": 26500000, "incomeBeforeTaxRatio": 0.2810180276, "incomeTaxExpense": 7300000, "netIncome": 19200000, "netIncomeRatio": 0.2036055143, "eps": 0.62, "epsdiluted": 0.62, "weightedAverageShsOut": 31046410, "weightedAverageShsOutDil": 31046410, "link": null, "finalLink": null, "calculatedOtherExpenses": 33500000, "calculatedOperatingExpenses": 67800000, "calculatedNetInterest": 65900000, "calculatedOtherIncome": -65900000, "calculatedIncomeNonControlling": 0, "calculatedEbitda": 30300000}, {"date": "1989-12-31", "symbol": "ASBA", "reportedCurrency": "USD", "cik": "0000007789", "fillingDate": "1989-12-31", "acceptedDate": "1989-12-31 00:00:00", "calendarYear": "1988", "period": "FY", "revenue": 87100000, "costOfRevenue": 0, "grossProfit": 87100000, "grossProfitRatio": 1, "researchAndDevelopmentExpenses": 0, "generalAndAdministrativeExpenses": 30500000, "sellingAndMarketingExpenses": 1800000, "sellingGeneralAndAdministrativeExpenses": 32300000, "otherExpenses": -96500000, "operatingExpenses": -64200000, "costAndExpenses": -64200000, "interestIncome": 154800000, "interestExpense": 93600000, "depreciationAndAmortization": 3800000, "ebitda": 26700000, "ebitdaratio": 0.3065442021, "operatingIncome": 22900000, "operatingIncomeRatio": 0.2629161883, "totalOtherIncomeExpensesNet": 0, "incomeBeforeTax": 22900000, "incomeBeforeTaxRatio": 0.2629161883, "incomeTaxExpense": 5600000, "netIncome": 17300000, "netIncomeRatio": 0.1986222732, "eps": 0.56, "epsdiluted": 0.56, "weightedAverageShsOut": 31014756, "weightedAverageShsOutDil": 31014756, "link": null, "finalLink": null, "calculatedOtherExpenses": 31900000, "calculatedOperatingExpenses": 64200000, "calculatedNetInterest": 61200000, "calculatedOtherIncome": -61200000, "calculatedIncomeNonControlling": 0, "calculatedEbitda": 26700000}, {"date": "1988-12-31", "symbol": "ASBA", "reportedCurrency": "USD", "cik": "0000007789", "fillingDate": "1988-12-31", "acceptedDate": "1988-12-30 19:00:00", "calendarYear": "1987", "period": "FY", "revenue": 0, "costOfRevenue": 0, "grossProfit": 0, "grossProfitRatio": 0, "researchAndDevelopmentExpenses": 0, "generalAndAdministrativeExpenses": 0, "sellingAndMarketingExpenses": 0, "sellingGeneralAndAdministrativeExpenses": 0, "otherExpenses": 15100000, "operatingExpenses": 15100000, "costAndExpenses": 15100000, "interestIncome": 0, "interestExpense": 0, "depreciationAndAmortization": 0, "ebitda": 15100000, "ebitdaratio": 0, "operatingIncome": 15100000, "operatingIncomeRatio": 0, "totalOtherIncomeExpensesNet": 0, "incomeBeforeTax": 0, "incomeBeforeTaxRatio": 0, "incomeTaxExpense": -15100000, "netIncome": 15100000, "netIncomeRatio": 0, "eps": 0.5, "epsdiluted": 0.5, "weightedAverageShsOut": 30372027, "weightedAverageShsOutDil": 30372027, "link": "", "finalLink": "", "calculatedOtherExpenses": -15100000, "calculatedOperatingExpenses": -15100000, "calculatedNetInterest": 0, "calculatedOtherIncome": -15100000, "calculatedIncomeNonControlling": 0, "calculatedEbitda": 15100000}, {"date": "1987-12-31", "symbol": "ASBA", "reportedCurrency": "USD", "cik": "0000007789", "fillingDate": "1987-12-31", "acceptedDate": "1987-12-30 19:00:00", "calendarYear": "1986", "period": "FY", "revenue": 0, "costOfRevenue": 0, "grossProfit": 0, "grossProfitRatio": 0, "researchAndDevelopmentExpenses": 0, "generalAndAdministrativeExpenses": 0, "sellingAndMarketingExpenses": 0, "sellingGeneralAndAdministrativeExpenses": 0, "otherExpenses": 13300000, "operatingExpenses": 13300000, "costAndExpenses": 13300000, "interestIncome": 0, "interestExpense": 0, "depreciationAndAmortization": 0, "ebitda": 13300000, "ebitdaratio": 0, "operatingIncome": 13300000, "operatingIncomeRatio": 0, "totalOtherIncomeExpensesNet": 0, "incomeBeforeTax": 0, "incomeBeforeTaxRatio": 0, "incomeTaxExpense": -13300000, "netIncome": 13300000, "netIncomeRatio": 0, "eps": 0.45, "epsdiluted": 0.45, "weightedAverageShsOut": 29643564, "weightedAverageShsOutDil": 29643564, "link": "", "finalLink": "", "calculatedOtherExpenses": -13300000, "calculatedOperatingExpenses": -13300000, "calculatedNetInterest": 0, "calculatedOtherIncome": -13300000, "calculatedIncomeNonControlling": 0, "calculatedEbitda": 13300000}, {"date": "1986-12-31", "symbol": "ASBA", "reportedCurrency": "USD", "cik": "0000007789", "fillingDate": "1986-12-31", "acceptedDate": "1986-12-30 19:00:00", "calendarYear": "1985", "period": "FY", "revenue": 0, "costOfRevenue": 0, "grossProfit": 0, "grossProfitRatio": 0, "researchAndDevelopmentExpenses": 0, "generalAndAdministrativeExpenses": 0, "sellingAndMarketingExpenses": 0, "sellingGeneralAndAdministrativeExpenses": 0, "otherExpenses": 13200000, "operatingExpenses": 13200000, "costAndExpenses": 13200000, "interestIncome": 0, "interestExpense": 0, "depreciationAndAmortization": 0, "ebitda": 13200000, "ebitdaratio": 0, "operatingIncome": 13200000, "operatingIncomeRatio": 0, "totalOtherIncomeExpensesNet": 0, "incomeBeforeTax": 0, "incomeBeforeTaxRatio": 0, "incomeTaxExpense": -13200000, "netIncome": 13200000, "netIncomeRatio": 0, "eps": 0.45, "epsdiluted": 0.45, "weightedAverageShsOut": 29028406, "weightedAverageShsOutDil": 29028406, "link": "", "finalLink": "", "calculatedOtherExpenses": -13200000, "calculatedOperatingExpenses": -13200000, "calculatedNetInterest": 0, "calculatedOtherIncome": -13200000, "calculatedIncomeNonControlling": 0, "calculatedEbitda": 13200000}, {"date": "1985-12-31", "symbol": "ASBA", "reportedCurrency": "USD", "cik": "0000007789", "fillingDate": "1985-12-31", "acceptedDate": "1985-12-30 19:00:00", "calendarYear": "1984", "period": "FY", "revenue": 0, "costOfRevenue": 0, "grossProfit": 0, "grossProfitRatio": 0, "researchAndDevelopmentExpenses": 0, "generalAndAdministrativeExpenses": 0, "sellingAndMarketingExpenses": 0, "sellingGeneralAndAdministrativeExpenses": 0, "otherExpenses": 10500000, "operatingExpenses": 10500000, "costAndExpenses": 10500000, "interestIncome": 0, "interestExpense": 0, "depreciationAndAmortization": 0, "ebitda": 10500000, "ebitdaratio": 0, "operatingIncome": 10500000, "operatingIncomeRatio": 0, "totalOtherIncomeExpensesNet": 0, "incomeBeforeTax": 0, "incomeBeforeTaxRatio": 0, "incomeTaxExpense": -10500000, "netIncome": 10500000, "netIncomeRatio": 0, "eps": 0.39, "epsdiluted": 0.39, "weightedAverageShsOut": 26643187, "weightedAverageShsOutDil": 26643187, "link": "", "finalLink": "", "calculatedOtherExpenses": -10500000, "calculatedOperatingExpenses": -10500000, "calculatedNetInterest": 0, "calculatedOtherIncome": -10500000, "calculatedIncomeNonControlling": 0, "calculatedEbitda": 10500000}]}