{"originalCurrency": "USD", "convertedCurrency": "USD", "report": [{"date": "2023-12-31", "symbol": "ASGN", "reportedCurrency": "USD", "cik": "0000890564", "fillingDate": "2024-02-23", "acceptedDate": "2024-02-22 21:45:28", "calendarYear": "2023", "period": "FY", "revenue": 4450600000, "costOfRevenue": 3268800000, "grossProfit": 1181800000, "grossProfitRatio": 0.2655372309, "researchAndDevelopmentExpenses": 0, "generalAndAdministrativeExpenses": 0, "sellingAndMarketingExpenses": 0, "sellingGeneralAndAdministrativeExpenses": 817700000, "otherExpenses": 0, "operatingExpenses": 817700000, "costAndExpenses": 4086500000, "interestIncome": 0, "interestExpense": 66400000, "depreciationAndAmortization": 100300000, "ebitda": 464400000, "ebitdaratio": 0.1043454815, "operatingIncome": 364100000, "operatingIncomeRatio": 0.0818091943, "totalOtherIncomeExpensesNet": -66400000, "incomeBeforeTax": 297700000, "incomeBeforeTaxRatio": 0.0668898575, "incomeTaxExpense": 78400000, "netIncome": 219300000, "netIncomeRatio": 0.0492742552, "eps": 4.54, "epsdiluted": 4.5, "weightedAverageShsOut": 48300000, "weightedAverageShsOutDil": 48700000, "link": "https://www.sec.gov/Archives/edgar/data/890564/000089056424000006/0000890564-24-000006-index.htm", "finalLink": "https://www.sec.gov/Archives/edgar/data/890564/000089056424000006/asgn-20231231.htm", "calculatedOtherExpenses": 0, "calculatedOperatingExpenses": 817700000, "calculatedNetInterest": -66400000, "calculatedOtherIncome": 0, "calculatedIncomeNonControlling": 0, "calculatedEbitda": 464400000}, {"date": "2022-12-31", "symbol": "ASGN", "reportedCurrency": "USD", "cik": "0000890564", "fillingDate": "2023-02-27", "acceptedDate": "2023-02-24 17:34:05", "calendarYear": "2022", "period": "FY", "revenue": 4581100000, "costOfRevenue": 3211500000, "grossProfit": 1369600000, "grossProfitRatio": 0.2989674969, "researchAndDevelopmentExpenses": 0, "generalAndAdministrativeExpenses": 0, "sellingAndMarketingExpenses": 0, "sellingGeneralAndAdministrativeExpenses": 895000000, "otherExpenses": 65100000, "operatingExpenses": 960100000, "costAndExpenses": 4171600000, "interestIncome": 45900000, "interestExpense": 45900000, "depreciationAndAmortization": 65100000, "ebitda": 474600000, "ebitdaratio": 0.1035995722, "operatingIncome": 409500000, "operatingIncomeRatio": 0.0893890114, "totalOtherIncomeExpensesNet": -45900000, "incomeBeforeTax": 363600000, "incomeBeforeTaxRatio": 0.0793695837, "incomeTaxExpense": 96700000, "netIncome": 268100000, "netIncomeRatio": 0.0585230621, "eps": 5.3, "epsdiluted": 5.23, "weightedAverageShsOut": 50600000, "weightedAverageShsOutDil": 51300000, "link": "https://www.sec.gov/Archives/edgar/data/890564/000089056423000004/0000890564-23-000004-index.htm", "finalLink": "https://www.sec.gov/Archives/edgar/data/890564/000089056423000004/asgn-20221231.htm", "calculatedOtherExpenses": 65100000, "calculatedOperatingExpenses": 960100000, "calculatedNetInterest": 0, "calculatedOtherIncome": -45900000, "calculatedIncomeNonControlling": -1200000, "calculatedEbitda": 474600000}, {"date": "2021-12-31", "symbol": "ASGN", "reportedCurrency": "USD", "cik": "0000890564", "fillingDate": "2022-03-01", "acceptedDate": "2022-02-28 20:51:13", "calendarYear": "2021", "period": "FY", "revenue": 4009500000, "costOfRevenue": 2867100000, "grossProfit": 1142400000, "grossProfitRatio": 0.2849233071, "researchAndDevelopmentExpenses": 0, "generalAndAdministrativeExpenses": 0, "sellingAndMarketingExpenses": 0, "sellingGeneralAndAdministrativeExpenses": 735800000, "otherExpenses": 55700000, "operatingExpenses": 791500000, "costAndExpenses": 3658600000, "interestIncome": 37500000, "interestExpense": 37500000, "depreciationAndAmortization": 55700000, "ebitda": 406600000, "ebitdaratio": 0.1014091533, "operatingIncome": 350900000, "operatingIncomeRatio": 0.0875171468, "totalOtherIncomeExpensesNet": -37500000, "incomeBeforeTax": 313400000, "incomeBeforeTaxRatio": 0.0781643596, "incomeTaxExpense": 81600000, "netIncome": 231800000, "netIncomeRatio": 0.0578126948, "eps": 4.4, "epsdiluted": 4.33, "weightedAverageShsOut": 52700000, "weightedAverageShsOutDil": 53500000, "link": "https://www.sec.gov/Archives/edgar/data/890564/000089056422000007/0000890564-22-000007-index.htm", "finalLink": "https://www.sec.gov/Archives/edgar/data/890564/000089056422000007/asgn-20211231.htm", "calculatedOtherExpenses": 55700000, "calculatedOperatingExpenses": 791500000, "calculatedNetInterest": 0, "calculatedOtherIncome": -37500000, "calculatedIncomeNonControlling": 0, "calculatedEbitda": 406600000}, {"date": "2020-12-31", "symbol": "ASGN", "reportedCurrency": "USD", "cik": "0000890564", "fillingDate": "2021-03-01", "acceptedDate": "2021-03-01 16:43:45", "calendarYear": "2020", "period": "FY", "revenue": 3950600000, "costOfRevenue": 2861300000, "grossProfit": 1089300000, "grossProfitRatio": 0.2757302688, "researchAndDevelopmentExpenses": 0, "generalAndAdministrativeExpenses": 0, "sellingAndMarketingExpenses": 0, "sellingGeneralAndAdministrativeExpenses": 727200000, "otherExpenses": 51700000, "operatingExpenses": 778900000, "costAndExpenses": 3640200000, "interestIncome": 39700000, "interestExpense": 39700000, "depreciationAndAmortization": 51700000, "ebitda": 362100000, "ebitdaratio": 0.0916569635, "operatingIncome": 310400000, "operatingIncomeRatio": 0.0785703437, "totalOtherIncomeExpensesNet": -39700000, "incomeBeforeTax": 270700000, "incomeBeforeTaxRatio": 0.0685212373, "incomeTaxExpense": 70400000, "netIncome": 200300000, "netIncomeRatio": 0.0507011593, "eps": 3.8, "epsdiluted": 3.76, "weightedAverageShsOut": 52700000, "weightedAverageShsOutDil": 53300000, "link": "https://www.sec.gov/Archives/edgar/data/890564/000089056421000005/0000890564-21-000005-index.htm", "finalLink": "https://www.sec.gov/Archives/edgar/data/890564/000089056421000005/asgn-20201231.htm", "calculatedOtherExpenses": 51700000, "calculatedOperatingExpenses": 778900000, "calculatedNetInterest": 0, "calculatedOtherIncome": -39700000, "calculatedIncomeNonControlling": 0, "calculatedEbitda": 362100000}, {"date": "2019-12-31", "symbol": "ASGN", "reportedCurrency": "USD", "cik": "0000890564", "fillingDate": "2020-03-02", "acceptedDate": "2020-03-02 07:53:10", "calendarYear": "2019", "period": "FY", "revenue": 3923900000, "costOfRevenue": 2793900000, "grossProfit": 1130000000, "grossProfitRatio": 0.2879787966, "researchAndDevelopmentExpenses": 0, "generalAndAdministrativeExpenses": 0, "sellingAndMarketingExpenses": 0, "sellingGeneralAndAdministrativeExpenses": 770300000, "otherExpenses": 51100000, "operatingExpenses": 821400000, "costAndExpenses": 3615300000, "interestIncome": 71800000, "interestExpense": 52900000, "depreciationAndAmortization": 51100000, "ebitda": 359700000, "ebitdaratio": 0.0916690028, "operatingIncome": 308600000, "operatingIncomeRatio": 0.0786462448, "totalOtherIncomeExpensesNet": -71800000, "incomeBeforeTax": 236800000, "incomeBeforeTaxRatio": 0.060348123, "incomeTaxExpense": 62000000, "netIncome": 174700000, "netIncomeRatio": 0.0445220317, "eps": 3.31, "epsdiluted": 3.27, "weightedAverageShsOut": 52800000, "weightedAverageShsOutDil": 53400000, "link": "https://www.sec.gov/Archives/edgar/data/890564/000089056420000007/0000890564-20-000007-index.htm", "finalLink": "https://www.sec.gov/Archives/edgar/data/890564/000089056420000007/a10-k2019.htm", "calculatedOtherExpenses": 51100000, "calculatedOperatingExpenses": 821400000, "calculatedNetInterest": 18900000, "calculatedOtherIncome": -90700000, "calculatedIncomeNonControlling": 100000, "calculatedEbitda": 359700000}, {"date": "2018-12-31", "symbol": "ASGN", "reportedCurrency": "USD", "cik": "0000890564", "fillingDate": "2019-03-01", "acceptedDate": "2019-03-01 07:15:24", "calendarYear": "2018", "period": "FY", "revenue": 3399781000, "costOfRevenue": 2376130000, "grossProfit": 1023651000, "grossProfitRatio": 0.3010932175, "researchAndDevelopmentExpenses": 0, "generalAndAdministrativeExpenses": 704997000, "sellingAndMarketingExpenses": 0, "sellingGeneralAndAdministrativeExpenses": 704997000, "otherExpenses": 58506000, "operatingExpenses": 763503000, "costAndExpenses": 3139633000, "interestIncome": 0, "interestExpense": 55973000, "depreciationAndAmortization": 58506000, "ebitda": 318654000, "ebitdaratio": 0.0937278019, "operatingIncome": 260148000, "operatingIncomeRatio": 0.0765190464, "totalOtherIncomeExpensesNet": -55973000, "incomeBeforeTax": 204175000, "incomeBeforeTaxRatio": 0.0600553389, "incomeTaxExpense": 46191000, "netIncome": 157706000, "netIncomeRatio": 0.0463871055, "eps": 3.02, "epsdiluted": 2.97, "weightedAverageShsOut": 52300000, "weightedAverageShsOutDil": 53100000, "link": "https://www.sec.gov/Archives/edgar/data/890564/000089056419000019/0000890564-19-000019-index.htm", "finalLink": "https://www.sec.gov/Archives/edgar/data/890564/000089056419000019/a10-k2018.htm", "calculatedOtherExpenses": 58506000, "calculatedOperatingExpenses": 763503000, "calculatedNetInterest": -55973000, "calculatedOtherIncome": 0, "calculatedIncomeNonControlling": 278000, "calculatedEbitda": 318654000}, {"date": "2017-12-31", "symbol": "ASGN", "reportedCurrency": "USD", "cik": "0000890564", "fillingDate": "2018-03-01", "acceptedDate": "2018-02-28 21:06:14", "calendarYear": "2017", "period": "FY", "revenue": 2625924000, "costOfRevenue": 1775851000, "grossProfit": 850073000, "grossProfitRatio": 0.3237233827, "researchAndDevelopmentExpenses": 0, "generalAndAdministrativeExpenses": 591893000, "sellingAndMarketingExpenses": 0, "sellingGeneralAndAdministrativeExpenses": 591893000, "otherExpenses": 33444000, "operatingExpenses": 625337000, "costAndExpenses": 2401188000, "interestIncome": 0, "interestExpense": 27643000, "depreciationAndAmortization": 33444000, "ebitda": 258180000, "ebitdaratio": 0.0983196772, "operatingIncome": 224736000, "operatingIncomeRatio": 0.0855835889, "totalOtherIncomeExpensesNet": -27643000, "incomeBeforeTax": 197093000, "incomeBeforeTaxRatio": 0.0750566277, "incomeTaxExpense": 39219000, "netIncome": 157675000, "netIncomeRatio": 0.0600455306, "eps": 3.01, "epsdiluted": 2.97, "weightedAverageShsOut": 52500000, "weightedAverageShsOutDil": 53200000, "link": "https://www.sec.gov/Archives/edgar/data/890564/000089056418000022/0000890564-18-000022-index.htm", "finalLink": "https://www.sec.gov/Archives/edgar/data/890564/000089056418000022/a10-k2017.htm", "calculatedOtherExpenses": 33444000, "calculatedOperatingExpenses": 625337000, "calculatedNetInterest": -27643000, "calculatedOtherIncome": 0, "calculatedIncomeNonControlling": 199000, "calculatedEbitda": 258180000}, {"date": "2016-12-31", "symbol": "ASGN", "reportedCurrency": "USD", "cik": "0000890564", "fillingDate": "2017-03-01", "acceptedDate": "2017-03-01 15:53:26", "calendarYear": "2016", "period": "FY", "revenue": 2440413000, "costOfRevenue": 1645230000, "grossProfit": 795183000, "grossProfitRatio": 0.3258395198, "researchAndDevelopmentExpenses": 0, "generalAndAdministrativeExpenses": 565829000, "sellingAndMarketingExpenses": 0, "sellingGeneralAndAdministrativeExpenses": 565829000, "otherExpenses": 39628000, "operatingExpenses": 605457000, "costAndExpenses": 2250687000, "interestIncome": 0, "interestExpense": 32327000, "depreciationAndAmortization": 39628000, "ebitda": 229354000, "ebitdaratio": 0.0939816334, "operatingIncome": 189726000, "operatingIncomeRatio": 0.0777433984, "totalOtherIncomeExpensesNet": -32327000, "incomeBeforeTax": 157399000, "incomeBeforeTaxRatio": 0.06449687, "incomeTaxExpense": 60203000, "netIncome": 97201000, "netIncomeRatio": 0.0398297337, "eps": 1.83, "epsdiluted": 1.81, "weightedAverageShsOut": 53192000, "weightedAverageShsOutDil": 53747000, "link": "https://www.sec.gov/Archives/edgar/data/890564/000089056417000046/0000890564-17-000046-index.htm", "finalLink": "https://www.sec.gov/Archives/edgar/data/890564/000089056417000046/a10-k2016.htm", "calculatedOtherExpenses": 39628000, "calculatedOperatingExpenses": 605457000, "calculatedNetInterest": -32327000, "calculatedOtherIncome": 0, "calculatedIncomeNonControlling": -5000, "calculatedEbitda": 229354000}, {"date": "2015-12-31", "symbol": "ASGN", "reportedCurrency": "USD", "cik": "0000890564", "fillingDate": "2016-02-29", "acceptedDate": "2016-02-29 16:52:22", "calendarYear": "2015", "period": "FY", "revenue": 2065008000, "costOfRevenue": 1386263000, "grossProfit": 678745000, "grossProfitRatio": 0.3286887993, "researchAndDevelopmentExpenses": 0, "generalAndAdministrativeExpenses": 492170000, "sellingAndMarketingExpenses": 0, "sellingGeneralAndAdministrativeExpenses": 492170000, "otherExpenses": 34467000, "operatingExpenses": 526637000, "costAndExpenses": 1912900000, "interestIncome": 0, "interestExpense": 26444000, "depreciationAndAmortization": 34467000, "ebitda": 186575000, "ebitdaratio": 0.0903507396, "operatingIncome": 152108000, "operatingIncomeRatio": 0.0736597631, "totalOtherIncomeExpensesNet": -3751000, "incomeBeforeTax": 121913000, "incomeBeforeTaxRatio": 0.0590375437, "incomeTaxExpense": 50491000, "netIncome": 97650000, "netIncomeRatio": 0.0472879524, "eps": 1.87, "epsdiluted": 1.84, "weightedAverageShsOut": 52259000, "weightedAverageShsOutDil": 53005000, "link": "https://www.sec.gov/Archives/edgar/data/890564/000089056416000069/0000890564-16-000069-index.htm", "finalLink": "https://www.sec.gov/Archives/edgar/data/890564/000089056416000069/a10-k2015.htm", "calculatedOtherExpenses": 34467000, "calculatedOperatingExpenses": 526637000, "calculatedNetInterest": -26444000, "calculatedOtherIncome": -3751000, "calculatedIncomeNonControlling": -26228000, "calculatedEbitda": 186575000}, {"date": "2014-12-31", "symbol": "ASGN", "reportedCurrency": "USD", "cik": "0000890564", "fillingDate": "2015-03-02", "acceptedDate": "2015-03-02 17:12:05", "calendarYear": "2014", "period": "FY", "revenue": 1724741000, "costOfRevenue": 1167306000, "grossProfit": 557435000, "grossProfitRatio": 0.3231992514, "researchAndDevelopmentExpenses": 0, "generalAndAdministrativeExpenses": 427241000, "sellingAndMarketingExpenses": -29718000, "sellingGeneralAndAdministrativeExpenses": 397523000, "otherExpenses": 24401000, "operatingExpenses": 419653000, "costAndExpenses": 1586959000, "interestIncome": 0, "interestExpense": 12730000, "depreciationAndAmortization": 38296000, "ebitda": 176078000, "ebitdaratio": 0.1020895311, "operatingIncome": 137782000, "operatingIncomeRatio": 0.0798856176, "totalOtherIncomeExpensesNet": -12730000, "incomeBeforeTax": 125052000, "incomeBeforeTaxRatio": 0.0725047993, "incomeTaxExpense": 51557000, "netIncome": 77184000, "netIncomeRatio": 0.044751067, "eps": 1.44, "epsdiluted": 1.42, "weightedAverageShsOut": 53437000, "weightedAverageShsOutDil": 54294000, "link": "https://www.sec.gov/Archives/edgar/data/890564/000089056415000009/0000890564-15-000009-index.htm", "finalLink": "https://www.sec.gov/Archives/edgar/data/890564/000089056415000009/asgn201410-k.htm", "calculatedOtherExpenses": 22130000, "calculatedOperatingExpenses": 419653000, "calculatedNetInterest": -12730000, "calculatedOtherIncome": 0, "calculatedIncomeNonControlling": -3689000, "calculatedEbitda": 176078000}, {"date": "2013-12-31", "symbol": "ASGN", "reportedCurrency": "USD", "cik": "0000890564", "fillingDate": "2014-03-03", "acceptedDate": "2014-03-03 15:34:23", "calendarYear": "2013", "period": "FY", "revenue": 1631997000, "costOfRevenue": 1143591000, "grossProfit": 488406000, "grossProfitRatio": 0.2992689325, "researchAndDevelopmentExpenses": 0, "generalAndAdministrativeExpenses": 342687000, "sellingAndMarketingExpenses": 4000000, "sellingGeneralAndAdministrativeExpenses": 342687000, "otherExpenses": 21751000, "operatingExpenses": 364438000, "costAndExpenses": 1508029000, "interestIncome": 0, "interestExpense": 15863000, "depreciationAndAmortization": 21751000, "ebitda": 145719000, "ebitdaratio": 0.0892887671, "operatingIncome": 123968000, "operatingIncomeRatio": 0.0759609239, "totalOtherIncomeExpensesNet": -14958000, "incomeBeforeTax": 93147000, "incomeBeforeTaxRatio": 0.0570754726, "incomeTaxExpense": 38792000, "netIncome": 84512000, "netIncomeRatio": 0.0517844089, "eps": 1.58, "epsdiluted": 1.55, "weightedAverageShsOut": 53481000, "weightedAverageShsOutDil": 54555000, "link": "https://www.sec.gov/Archives/edgar/data/890564/000089056414000014/0000890564-14-000014-index.htm", "finalLink": "https://www.sec.gov/Archives/edgar/data/890564/000089056414000014/asgn201310-k.htm", "calculatedOtherExpenses": 21751000, "calculatedOperatingExpenses": 364438000, "calculatedNetInterest": -15863000, "calculatedOtherIncome": -14958000, "calculatedIncomeNonControlling": -30157000, "calculatedEbitda": 145719000}, {"date": "2012-12-31", "symbol": "ASGN", "reportedCurrency": "USD", "cik": "0000890564", "fillingDate": "2013-03-18", "acceptedDate": "2013-03-18 15:37:30", "calendarYear": "2012", "period": "FY", "revenue": 1177515000, "costOfRevenue": 808979000, "grossProfit": 368536000, "grossProfitRatio": 0.312977754, "researchAndDevelopmentExpenses": 0, "generalAndAdministrativeExpenses": 260968000, "sellingAndMarketingExpenses": 4600000, "sellingGeneralAndAdministrativeExpenses": 265568000, "otherExpenses": 18016000, "operatingExpenses": 283584000, "costAndExpenses": 1092563000, "interestIncome": 0, "interestExpense": 17168000, "depreciationAndAmortization": 24702000, "ebitda": 109654000, "ebitdaratio": 0.0931232299, "operatingIncome": 84952000, "operatingIncomeRatio": 0.0721451531, "totalOtherIncomeExpensesNet": -17823000, "incomeBeforeTax": 67784000, "incomeBeforeTaxRatio": 0.0575652964, "incomeTaxExpense": 29373000, "netIncome": 42653000, "netIncomeRatio": 0.0362228931, "eps": 0.91, "epsdiluted": 0.89, "weightedAverageShsOut": 46739000, "weightedAverageShsOutDil": 47826000, "link": "https://www.sec.gov/Archives/edgar/data/890564/000089056413000008/0000890564-13-000008-index.htm", "finalLink": "https://www.sec.gov/Archives/edgar/data/890564/000089056413000008/a201210-k.htm", "calculatedOtherExpenses": 18016000, "calculatedOperatingExpenses": 283584000, "calculatedNetInterest": -17168000, "calculatedOtherIncome": 0, "calculatedIncomeNonControlling": -4242000, "calculatedEbitda": 109654000}, {"date": "2011-12-31", "symbol": "ASGN", "reportedCurrency": "USD", "cik": "0000890564", "fillingDate": "2011-12-31", "acceptedDate": "2011-12-30 19:00:00", "calendarYear": "2011", "period": "FY", "revenue": 597281000, "costOfRevenue": 397176000, "grossProfit": 200105000, "grossProfitRatio": 0.335026562, "researchAndDevelopmentExpenses": 0, "generalAndAdministrativeExpenses": 0, "sellingAndMarketingExpenses": 0, "sellingGeneralAndAdministrativeExpenses": 155706000, "otherExpenses": 0, "operatingExpenses": 155706000, "costAndExpenses": 552882000, "interestIncome": 39000, "interestExpense": 2975000, "depreciationAndAmortization": 8851000, "ebitda": 44438000, "ebitdaratio": 0.0744004916, "operatingIncome": 44399000, "operatingIncomeRatio": 0.0743351957, "totalOtherIncomeExpensesNet": -2936000, "incomeBeforeTax": 41463000, "incomeBeforeTaxRatio": 0.0694195864, "incomeTaxExpense": 17166000, "netIncome": 24297000, "netIncomeRatio": 0.0406793452, "eps": 0.66, "epsdiluted": 0.64, "weightedAverageShsOut": 36876000, "weightedAverageShsOutDil": 37758000, "link": "", "finalLink": "", "calculatedOtherExpenses": 0, "calculatedOperatingExpenses": 155706000, "calculatedNetInterest": -2936000, "calculatedOtherIncome": 0, "calculatedIncomeNonControlling": 0, "calculatedEbitda": 53250000}, {"date": "2010-12-31", "symbol": "ASGN", "reportedCurrency": "USD", "cik": "0000890564", "fillingDate": "2010-12-31", "acceptedDate": "2010-12-30 19:00:00", "calendarYear": "2010", "period": "FY", "revenue": 438065000, "costOfRevenue": 288609000, "grossProfit": 149456000, "grossProfitRatio": 0.3411731136, "researchAndDevelopmentExpenses": 0, "generalAndAdministrativeExpenses": 0, "sellingAndMarketingExpenses": 0, "sellingGeneralAndAdministrativeExpenses": 130830000, "otherExpenses": 0, "operatingExpenses": 130830000, "costAndExpenses": 419439000, "interestIncome": 141000, "interestExpense": 8309000, "depreciationAndAmortization": 7996000, "ebitda": 18767000, "ebitdaratio": 0.0428406743, "operatingIncome": 3227000, "operatingIncomeRatio": 0.0073664867, "totalOtherIncomeExpensesNet": -15399000, "incomeBeforeTax": -4941000, "incomeBeforeTaxRatio": -0.0112791481, "incomeTaxExpense": 4956000, "netIncome": -9897000, "netIncomeRatio": -0.0225925376, "eps": -0.27, "epsdiluted": -0.27, "weightedAverageShsOut": 36429000, "weightedAverageShsOutDil": 36429000, "link": "", "finalLink": "", "calculatedOtherExpenses": 15399000, "calculatedOperatingExpenses": 146229000, "calculatedNetInterest": -8168000, "calculatedOtherIncome": 0, "calculatedIncomeNonControlling": 0, "calculatedEbitda": 11223000}, {"date": "2009-12-31", "symbol": "ASGN", "reportedCurrency": "USD", "cik": "0000890564", "fillingDate": "2009-12-31", "acceptedDate": "2009-12-30 19:00:00", "calendarYear": "2009", "period": "FY", "revenue": 416613000, "costOfRevenue": 280245000, "grossProfit": 136368000, "grossProfitRatio": 0.3273253595, "researchAndDevelopmentExpenses": 0, "generalAndAdministrativeExpenses": 0, "sellingAndMarketingExpenses": 0, "sellingGeneralAndAdministrativeExpenses": 121141000, "otherExpenses": 0, "operatingExpenses": 121141000, "costAndExpenses": 401386000, "interestIncome": 170000, "interestExpense": 6612000, "depreciationAndAmortization": 11806000, "ebitda": 15397000, "ebitdaratio": 0.0369575601, "operatingIncome": 15227000, "operatingIncomeRatio": 0.0365495076, "totalOtherIncomeExpensesNet": -6442000, "incomeBeforeTax": 8785000, "incomeBeforeTaxRatio": 0.021086716, "incomeTaxExpense": 4078000, "netIncome": 4707000, "netIncomeRatio": 0.0112982552, "eps": 0.13, "epsdiluted": 0.13, "weightedAverageShsOut": 36011000, "weightedAverageShsOutDil": 36335000, "link": "", "finalLink": "", "calculatedOtherExpenses": 0, "calculatedOperatingExpenses": 121141000, "calculatedNetInterest": -6442000, "calculatedOtherIncome": 0, "calculatedIncomeNonControlling": 0, "calculatedEbitda": 27033000}, {"date": "2008-12-31", "symbol": "ASGN", "reportedCurrency": "USD", "cik": "0000890564", "fillingDate": "2009-03-16", "acceptedDate": "2009-03-16 14:54:25", "calendarYear": "2008", "period": "FY", "revenue": 618058000, "costOfRevenue": 418602000, "grossProfit": 199456000, "grossProfitRatio": 0.3227140495, "researchAndDevelopmentExpenses": 0, "generalAndAdministrativeExpenses": 155942000, "sellingAndMarketingExpenses": 0, "sellingGeneralAndAdministrativeExpenses": 155942000, "otherExpenses": 0, "operatingExpenses": 155942000, "costAndExpenses": 574544000, "interestIncome": 715000, "interestExpense": -9998000, "depreciationAndAmortization": 14542000, "ebitda": 58056000, "ebitdaratio": 0.0939329319, "operatingIncome": 43514000, "operatingIncomeRatio": 0.0704043957, "totalOtherIncomeExpensesNet": -9283000, "incomeBeforeTax": 34231000, "incomeBeforeTaxRatio": 0.0553847697, "incomeTaxExpense": 15261000, "netIncome": 18970000, "netIncomeRatio": 0.0306929123, "eps": 0.53, "epsdiluted": 0.53, "weightedAverageShsOut": 35487000, "weightedAverageShsOutDil": 35858000, "link": "https://www.sec.gov/Archives/edgar/data/890564/000089056409000011/0000890564-09-000011-index.htm", "finalLink": "https://www.sec.gov/Archives/edgar/data/890564/000089056409000011/form10-k.htm", "calculatedOtherExpenses": 0, "calculatedOperatingExpenses": 155942000, "calculatedNetInterest": 10713000, "calculatedOtherIncome": -19996000, "calculatedIncomeNonControlling": 0, "calculatedEbitda": 58056000}, {"date": "2007-12-31", "symbol": "ASGN", "reportedCurrency": "USD", "cik": "0000890564", "fillingDate": "2008-03-17", "acceptedDate": "2008-03-17 16:53:46", "calendarYear": "2007", "period": "FY", "revenue": 567180000, "costOfRevenue": 387643000, "grossProfit": 179537000, "grossProfitRatio": 0.3165432491, "researchAndDevelopmentExpenses": 0, "generalAndAdministrativeExpenses": 151942000, "sellingAndMarketingExpenses": 0, "sellingGeneralAndAdministrativeExpenses": 151942000, "otherExpenses": 0, "operatingExpenses": 151942000, "costAndExpenses": 539585000, "interestIncome": 1394000000, "interestExpense": -10968000000, "depreciationAndAmortization": 22078000, "ebitda": 50879000, "ebitdaratio": 0.0897052082, "operatingIncome": 27595000, "operatingIncomeRatio": 0.0486529849, "totalOtherIncomeExpensesNet": -1206000, "incomeBeforeTax": 16815000, "incomeBeforeTaxRatio": 0.029646673, "incomeTaxExpense": 7493000, "netIncome": 9322000, "netIncomeRatio": 0.0164356994, "eps": 0.27, "epsdiluted": 0.26, "weightedAverageShsOut": 35138000, "weightedAverageShsOutDil": 35771000, "link": "https://www.sec.gov/Archives/edgar/data/890564/000104746908002947/0001047469-08-002947-index.htm", "finalLink": "https://www.sec.gov/Archives/edgar/data/890564/000104746908002947/a2183772z10-k.htm", "calculatedOtherExpenses": 0, "calculatedOperatingExpenses": 151942000, "calculatedNetInterest": 12362000000, "calculatedOtherIncome": -12372780000, "calculatedIncomeNonControlling": 0, "calculatedEbitda": 49673000}, {"date": "2006-12-31", "symbol": "ASGN", "reportedCurrency": "USD", "cik": "0000890564", "fillingDate": "2007-03-16", "acceptedDate": "2007-03-16 15:28:25", "calendarYear": "2006", "period": "FY", "revenue": 287566000, "costOfRevenue": 209725000, "grossProfit": 77841000, "grossProfitRatio": 0.2706891635, "researchAndDevelopmentExpenses": 0, "generalAndAdministrativeExpenses": 67900000, "sellingAndMarketingExpenses": 0, "sellingGeneralAndAdministrativeExpenses": 67900000, "otherExpenses": 0, "operatingExpenses": 67900000, "costAndExpenses": 277625000, "interestIncome": 0, "interestExpense": 0, "depreciationAndAmortization": 5629000, "ebitda": 15570000, "ebitdaratio": 0.0541440921, "operatingIncome": 9941000, "operatingIncomeRatio": 0.0345694554, "totalOtherIncomeExpensesNet": 1644000, "incomeBeforeTax": 11585000, "incomeBeforeTaxRatio": 0.0402864038, "incomeTaxExpense": 541000, "netIncome": 11044000, "netIncomeRatio": 0.0384050966, "eps": 0.41, "epsdiluted": 0.39, "weightedAverageShsOut": 27155000, "weightedAverageShsOutDil": 28052000, "link": "https://www.sec.gov/Archives/edgar/data/890564/000110465907019957/0001104659-07-019957-index.htm", "finalLink": "https://www.sec.gov/Archives/edgar/data/890564/000110465907019957/a07-5447_110k.htm", "calculatedOtherExpenses": 0, "calculatedOperatingExpenses": 67900000, "calculatedNetInterest": 0, "calculatedOtherIncome": 1644000, "calculatedIncomeNonControlling": 0, "calculatedEbitda": 15570000}, {"date": "2005-12-31", "symbol": "ASGN", "reportedCurrency": "USD", "cik": "0000890564", "fillingDate": "2006-03-16", "acceptedDate": "2006-03-16 15:41:34", "calendarYear": "2005", "period": "FY", "revenue": 237856000, "costOfRevenue": 174627000, "grossProfit": 63229000, "grossProfitRatio": 0.2658289049, "researchAndDevelopmentExpenses": 0, "generalAndAdministrativeExpenses": 64135000, "sellingAndMarketingExpenses": 0, "sellingGeneralAndAdministrativeExpenses": 64135000, "otherExpenses": 0, "operatingExpenses": 64135000, "costAndExpenses": 238762000, "interestIncome": 0, "interestExpense": 0, "depreciationAndAmortization": 6263000, "ebitda": 5357000, "ebitdaratio": 0.0225220301, "operatingIncome": -906000, "operatingIncomeRatio": -0.0038090273, "totalOtherIncomeExpensesNet": 681000, "incomeBeforeTax": -225000, "incomeBeforeTaxRatio": -0.0009459505, "incomeTaxExpense": -129000, "netIncome": -96000, "netIncomeRatio": -0.0004036055, "eps": -0.0038, "epsdiluted": -0.0038, "weightedAverageShsOut": 25464000, "weightedAverageShsOutDil": 25464000, "link": "https://www.sec.gov/Archives/edgar/data/890564/000110465906017317/0001104659-06-017317-index.htm", "finalLink": "https://www.sec.gov/Archives/edgar/data/890564/000110465906017317/a06-1843_110k.htm", "calculatedOtherExpenses": 0, "calculatedOperatingExpenses": 64135000, "calculatedNetInterest": 0, "calculatedOtherIncome": 681000, "calculatedIncomeNonControlling": 0, "calculatedEbitda": 5357000}, {"date": "2004-12-31", "symbol": "ASGN", "reportedCurrency": "USD", "cik": "0000890564", "fillingDate": "2005-03-16", "acceptedDate": "2005-03-16 17:05:16", "calendarYear": "2004", "period": "FY", "revenue": 193574000, "costOfRevenue": 143663000, "grossProfit": 49911000, "grossProfitRatio": 0.2578393793, "researchAndDevelopmentExpenses": 0, "generalAndAdministrativeExpenses": 66695000, "sellingAndMarketingExpenses": 0, "sellingGeneralAndAdministrativeExpenses": 66695000, "otherExpenses": 30328000, "operatingExpenses": 97023000, "costAndExpenses": 240686000, "interestIncome": 0, "interestExpense": 0, "depreciationAndAmortization": 6598000, "ebitda": -10186000, "ebitdaratio": -0.0526207032, "operatingIncome": -47112000, "operatingIncomeRatio": -0.2433797927, "totalOtherIncomeExpensesNet": -30328000, "incomeBeforeTax": -46717000, "incomeBeforeTaxRatio": -0.2413392294, "incomeTaxExpense": -4324000, "netIncome": -42393000, "netIncomeRatio": -0.2190015188, "eps": -1.68, "epsdiluted": -1.68, "weightedAverageShsOut": 25231000, "weightedAverageShsOutDil": 25231000, "link": "https://www.sec.gov/Archives/edgar/data/890564/000110465905011537/0001104659-05-011537-index.htm", "finalLink": "https://www.sec.gov/Archives/edgar/data/890564/000110465905011537/a05-1437_110k.htm", "calculatedOtherExpenses": 30328000, "calculatedOperatingExpenses": 97023000, "calculatedNetInterest": 0, "calculatedOtherIncome": 395000, "calculatedIncomeNonControlling": 0, "calculatedEbitda": -40514000}, {"date": "2003-12-31", "symbol": "ASGN", "reportedCurrency": "USD", "cik": "0000890564", "fillingDate": "2004-03-15", "acceptedDate": "2004-03-15 16:45:40", "calendarYear": "2003", "period": "FY", "revenue": 209554000, "costOfRevenue": 153381000, "grossProfit": 56173000, "grossProfitRatio": 0.2680597841, "researchAndDevelopmentExpenses": 0, "generalAndAdministrativeExpenses": 59435000, "sellingAndMarketingExpenses": 0, "sellingGeneralAndAdministrativeExpenses": 59435000, "otherExpenses": 79897000, "operatingExpenses": 139332000, "costAndExpenses": 292713000, "interestIncome": 0, "interestExpense": 0, "depreciationAndAmortization": 7150000, "ebitda": -3262000, "ebitdaratio": -0.0155663934, "operatingIncome": -83159000, "operatingIncomeRatio": -0.3968380465, "totalOtherIncomeExpensesNet": 392000, "incomeBeforeTax": -82767000, "incomeBeforeTaxRatio": -0.394967407, "incomeTaxExpense": -967000, "netIncome": -81800000, "netIncomeRatio": -0.3903528446, "eps": -3.22, "epsdiluted": -3.22, "weightedAverageShsOut": 25422000, "weightedAverageShsOutDil": 25422000, "link": "https://www.sec.gov/Archives/edgar/data/890564/000104746904008012/0001047469-04-008012-index.htm", "finalLink": "https://www.sec.gov/Archives/edgar/data/890564/000104746904008012/a2130561z10-k.htm", "calculatedOtherExpenses": 79897000, "calculatedOperatingExpenses": 139332000, "calculatedNetInterest": 0, "calculatedOtherIncome": 392000, "calculatedIncomeNonControlling": 0, "calculatedEbitda": -76009000}, {"date": "2002-12-31", "symbol": "ASGN", "reportedCurrency": "USD", "cik": "0000890564", "fillingDate": "2003-03-31", "acceptedDate": "2003-03-31 15:25:52", "calendarYear": "2002", "period": "FY", "revenue": 250313000, "costOfRevenue": 176520000, "grossProfit": 73793000, "grossProfitRatio": 0.2948029068, "researchAndDevelopmentExpenses": 0, "generalAndAdministrativeExpenses": 54675000, "sellingAndMarketingExpenses": 0, "sellingGeneralAndAdministrativeExpenses": 54675000, "otherExpenses": 0, "operatingExpenses": 54675000, "costAndExpenses": 231195000, "interestIncome": 0, "interestExpense": 0, "depreciationAndAmortization": 5143000, "ebitda": 24261000, "ebitdaratio": 0.0969226528, "operatingIncome": 19118000, "operatingIncomeRatio": 0.0763763768, "totalOtherIncomeExpensesNet": 700000, "incomeBeforeTax": 19818000, "incomeBeforeTaxRatio": 0.0791728756, "incomeTaxExpense": 7570000, "netIncome": 12248000, "netIncomeRatio": 0.0489307387, "eps": 0.48, "epsdiluted": 0.48, "weightedAverageShsOut": 25413000, "weightedAverageShsOutDil": 25542000, "link": "https://www.sec.gov/Archives/edgar/data/890564/000104746903011233/0001047469-03-011233-index.htm", "finalLink": "https://www.sec.gov/Archives/edgar/data/890564/000104746903011233/a2106245z10-k.htm", "calculatedOtherExpenses": 0, "calculatedOperatingExpenses": 54675000, "calculatedNetInterest": 0, "calculatedOtherIncome": 700000, "calculatedIncomeNonControlling": 0, "calculatedEbitda": 24261000}, {"date": "2001-12-31", "symbol": "ASGN", "reportedCurrency": "USD", "cik": "0000890564", "fillingDate": "2002-03-29", "acceptedDate": "2002-03-29 00:00:00", "calendarYear": "2001", "period": "FY", "revenue": 194620000, "costOfRevenue": 131343000, "grossProfit": 63277000, "grossProfitRatio": 0.3251310246, "researchAndDevelopmentExpenses": 0, "generalAndAdministrativeExpenses": 38766000, "sellingAndMarketingExpenses": 0, "sellingGeneralAndAdministrativeExpenses": 38766000, "otherExpenses": 0, "operatingExpenses": 38766000, "costAndExpenses": 170109000, "interestIncome": 0, "interestExpense": 0, "depreciationAndAmortization": 1537000, "ebitda": 26048000, "ebitdaratio": 0.1338403042, "operatingIncome": 24511000, "operatingIncomeRatio": 0.125942863, "totalOtherIncomeExpensesNet": 2575000, "incomeBeforeTax": 27086000, "incomeBeforeTaxRatio": 0.1391737745, "incomeTaxExpense": 10046000, "netIncome": 17040000, "netIncomeRatio": 0.0875552358, "eps": 0.75, "epsdiluted": 0.74, "weightedAverageShsOut": 22645000, "weightedAverageShsOutDil": 23037000, "link": "https://www.sec.gov/Archives/edgar/data/890564/000095014802000841/0000950148-02-000841-index.htm", "finalLink": "https://www.sec.gov/Archives/edgar/data/890564/000095014802000841/v80406e10-k.htm", "calculatedOtherExpenses": 0, "calculatedOperatingExpenses": 38766000, "calculatedNetInterest": 0, "calculatedOtherIncome": 2575000, "calculatedIncomeNonControlling": 0, "calculatedEbitda": 26048000}, {"date": "2000-12-31", "symbol": "ASGN", "reportedCurrency": "USD", "cik": "0000890564", "fillingDate": "2001-03-29", "acceptedDate": "2001-03-29 00:00:00", "calendarYear": "2000", "period": "FY", "revenue": 195080000, "costOfRevenue": 129959000, "grossProfit": 65121000, "grossProfitRatio": 0.3338168956, "researchAndDevelopmentExpenses": 0, "generalAndAdministrativeExpenses": 35532000, "sellingAndMarketingExpenses": 0, "sellingGeneralAndAdministrativeExpenses": 35532000, "otherExpenses": 1392000, "operatingExpenses": 36924000, "costAndExpenses": 166883000, "interestIncome": 0, "interestExpense": 0, "depreciationAndAmortization": 1392000, "ebitda": 29589000, "ebitdaratio": 0.1516762354, "operatingIncome": 28197000, "operatingIncomeRatio": 0.1445407013, "totalOtherIncomeExpensesNet": 2442000, "incomeBeforeTax": 30639000, "incomeBeforeTaxRatio": 0.1570586426, "incomeTaxExpense": 11392000, "netIncome": 19247000, "netIncomeRatio": 0.0986620873, "eps": 0.87, "epsdiluted": 0.83, "weightedAverageShsOut": 22193000, "weightedAverageShsOutDil": 23080000, "link": "https://www.sec.gov/Archives/edgar/data/890564/000095014801500266/0000950148-01-500266-index.htm", "finalLink": "https://www.sec.gov/Archives/edgar/data/890564/000095014801500266/v70910e10-k.txt", "calculatedOtherExpenses": 1392000, "calculatedOperatingExpenses": 36924000, "calculatedNetInterest": 0, "calculatedOtherIncome": 2442000, "calculatedIncomeNonControlling": 0, "calculatedEbitda": 29589000}, {"date": "1999-12-31", "symbol": "ASGN", "reportedCurrency": "USD", "cik": "0000890564", "fillingDate": "2000-03-29", "acceptedDate": "2000-03-29 00:00:00", "calendarYear": "1999", "period": "FY", "revenue": 159473000, "costOfRevenue": 106494000, "grossProfit": 52979000, "grossProfitRatio": 0.3322129765, "researchAndDevelopmentExpenses": 0, "generalAndAdministrativeExpenses": 30428000, "sellingAndMarketingExpenses": 0, "sellingGeneralAndAdministrativeExpenses": 30428000, "otherExpenses": 1158000, "operatingExpenses": 31586000, "costAndExpenses": 138080000, "interestIncome": 0, "interestExpense": 0, "depreciationAndAmortization": 1158000, "ebitda": 22551000, "ebitdaratio": 0.1414095176, "operatingIncome": 21393000, "operatingIncomeRatio": 0.1341481003, "totalOtherIncomeExpensesNet": 1635000, "incomeBeforeTax": 23028000, "incomeBeforeTaxRatio": 0.1444006195, "incomeTaxExpense": 8566000, "netIncome": 14462000, "netIncomeRatio": 0.0906861977, "eps": 0.66, "epsdiluted": 0.65, "weightedAverageShsOut": 21906000, "weightedAverageShsOutDil": 22372000, "link": "https://www.sec.gov/Archives/edgar/data/890564/000095014800000526/0000950148-00-000526-index.html", "finalLink": "https://www.sec.gov/Archives/edgar/data/890564/000095014800000526/", "calculatedOtherExpenses": 1158000, "calculatedOperatingExpenses": 31586000, "calculatedNetInterest": 0, "calculatedOtherIncome": 1635000, "calculatedIncomeNonControlling": 0, "calculatedEbitda": 22551000}, {"date": "1998-12-31", "symbol": "ASGN", "reportedCurrency": "USD", "cik": "0000890564", "fillingDate": "1999-03-31", "acceptedDate": "1999-03-31 00:00:00", "calendarYear": "1998", "period": "FY", "revenue": 132700000, "costOfRevenue": 89800000, "grossProfit": 42900000, "grossProfitRatio": 0.3232856066, "researchAndDevelopmentExpenses": 0, "generalAndAdministrativeExpenses": 25300000, "sellingAndMarketingExpenses": 0, "sellingGeneralAndAdministrativeExpenses": 25300000, "otherExpenses": 900000, "operatingExpenses": 26200000, "costAndExpenses": 116000000, "interestIncome": 0, "interestExpense": 0, "depreciationAndAmortization": 900000, "ebitda": 16300000, "ebitdaratio": 0.1228334589, "operatingIncome": 16700000, "operatingIncomeRatio": 0.1258477769, "totalOtherIncomeExpensesNet": 1300000, "incomeBeforeTax": 18000000, "incomeBeforeTaxRatio": 0.1356443105, "incomeTaxExpense": 6700000, "netIncome": 11300000, "netIncomeRatio": 0.0851544838, "eps": 0.52, "epsdiluted": 0.5, "weightedAverageShsOut": 21720000, "weightedAverageShsOutDil": 22604000, "link": "https://www.sec.gov/Archives/edgar/data/890564/000095014899000629/0000950148-99-000629-index.html", "finalLink": "https://www.sec.gov/Archives/edgar/data/890564/", "calculatedOtherExpenses": 900000, "calculatedOperatingExpenses": 26200000, "calculatedNetInterest": 0, "calculatedOtherIncome": 1300000, "calculatedIncomeNonControlling": 0, "calculatedEbitda": 17600000}, {"date": "1997-12-31", "symbol": "ASGN", "reportedCurrency": "USD", "cik": "0000890564", "fillingDate": "1998-03-31", "acceptedDate": "1998-03-31 00:00:00", "calendarYear": "1997", "period": "FY", "revenue": 107800000, "costOfRevenue": 73900000, "grossProfit": 33900000, "grossProfitRatio": 0.314471243, "researchAndDevelopmentExpenses": 0, "generalAndAdministrativeExpenses": 20700000, "sellingAndMarketingExpenses": 0, "sellingGeneralAndAdministrativeExpenses": 20700000, "otherExpenses": 800000, "operatingExpenses": 21500000, "costAndExpenses": 95400000, "interestIncome": 0, "interestExpense": 0, "depreciationAndAmortization": 800000, "ebitda": 12400000, "ebitdaratio": 0.1150278293, "operatingIncome": 12400000, "operatingIncomeRatio": 0.1150278293, "totalOtherIncomeExpensesNet": 800000, "incomeBeforeTax": 13300000, "incomeBeforeTaxRatio": 0.1233766234, "incomeTaxExpense": 5000000, "netIncome": 8300000, "netIncomeRatio": 0.0769944341, "eps": 0.39, "epsdiluted": 0.38, "weightedAverageShsOut": 21111111, "weightedAverageShsOutDil": 21111111, "link": "https://www.sec.gov/Archives/edgar/data/890564/000095014898000759/0000950148-98-000759-index.html", "finalLink": "https://www.sec.gov/Archives/edgar/data/890564/", "calculatedOtherExpenses": 800000, "calculatedOperatingExpenses": 21500000, "calculatedNetInterest": 0, "calculatedOtherIncome": 900000, "calculatedIncomeNonControlling": 0, "calculatedEbitda": 13200000}, {"date": "1996-12-31", "symbol": "ASGN", "reportedCurrency": "USD", "cik": "0000890564", "fillingDate": "1997-03-28", "acceptedDate": "1997-03-28 00:00:00", "calendarYear": "1996", "period": "FY", "revenue": 88200000, "costOfRevenue": 60500000, "grossProfit": 27700000, "grossProfitRatio": 0.3140589569, "researchAndDevelopmentExpenses": 0, "generalAndAdministrativeExpenses": 18100000, "sellingAndMarketingExpenses": 0, "sellingGeneralAndAdministrativeExpenses": 18100000, "otherExpenses": 700000, "operatingExpenses": 18800000, "costAndExpenses": 79300000, "interestIncome": 0, "interestExpense": 0, "depreciationAndAmortization": 700000, "ebitda": 9100000, "ebitdaratio": 0.1031746032, "operatingIncome": 8900000, "operatingIncomeRatio": 0.1009070295, "totalOtherIncomeExpensesNet": 500000, "incomeBeforeTax": 9400000, "incomeBeforeTaxRatio": 0.1065759637, "incomeTaxExpense": 3800000, "netIncome": 5600000, "netIncomeRatio": 0.0634920635, "eps": 0.28, "epsdiluted": 0.26, "weightedAverageShsOut": 20000000, "weightedAverageShsOutDil": 21538462, "link": "https://www.sec.gov/Archives/edgar/data/890564/000095014897000721/0000950148-97-000721-index.html", "finalLink": "https://www.sec.gov/Archives/edgar/data/890564/", "calculatedOtherExpenses": 700000, "calculatedOperatingExpenses": 18800000, "calculatedNetInterest": 0, "calculatedOtherIncome": 500000, "calculatedIncomeNonControlling": 0, "calculatedEbitda": 9600000}, {"date": "1995-12-31", "symbol": "ASGN", "reportedCurrency": "USD", "cik": "0000890564", "fillingDate": "1995-12-31", "acceptedDate": "1995-12-30 19:00:00", "calendarYear": "1995", "period": "FY", "revenue": 62000000, "costOfRevenue": 42400000, "grossProfit": 19600000, "grossProfitRatio": 0.3161290323, "researchAndDevelopmentExpenses": 0, "generalAndAdministrativeExpenses": 12400000, "sellingAndMarketingExpenses": 0, "sellingGeneralAndAdministrativeExpenses": 12400000, "otherExpenses": 500000, "operatingExpenses": 12900000, "costAndExpenses": 55300000, "interestIncome": 0, "interestExpense": 0, "depreciationAndAmortization": 500000, "ebitda": 6800000, "ebitdaratio": 0.1096774194, "operatingIncome": 6700000, "operatingIncomeRatio": 0.1080645161, "totalOtherIncomeExpensesNet": 400000, "incomeBeforeTax": 7200000, "incomeBeforeTaxRatio": 0.1161290323, "incomeTaxExpense": 2900000, "netIncome": 4300000, "netIncomeRatio": 0.0693548387, "eps": 0.22, "epsdiluted": 0.21, "weightedAverageShsOut": 19545455, "weightedAverageShsOutDil": 20476190, "link": "", "finalLink": "", "calculatedOtherExpenses": 500000, "calculatedOperatingExpenses": 12900000, "calculatedNetInterest": 0, "calculatedOtherIncome": 500000, "calculatedIncomeNonControlling": 0, "calculatedEbitda": 7200000}, {"date": "1994-12-31", "symbol": "ASGN", "reportedCurrency": "USD", "cik": "0000890564", "fillingDate": "1994-12-31", "acceptedDate": "1994-12-30 19:00:00", "calendarYear": "1994", "period": "FY", "revenue": 48400000, "costOfRevenue": 32900000, "grossProfit": 15500000, "grossProfitRatio": 0.3202479339, "researchAndDevelopmentExpenses": 0, "generalAndAdministrativeExpenses": 9700000, "sellingAndMarketingExpenses": 0, "sellingGeneralAndAdministrativeExpenses": 9700000, "otherExpenses": 400000, "operatingExpenses": 10100000, "costAndExpenses": 43000000, "interestIncome": 0, "interestExpense": 0, "depreciationAndAmortization": 400000, "ebitda": 5600000, "ebitdaratio": 0.1157024793, "operatingIncome": 5400000, "operatingIncomeRatio": 0.1115702479, "totalOtherIncomeExpensesNet": 200000, "incomeBeforeTax": 5500000, "incomeBeforeTaxRatio": 0.1136363636, "incomeTaxExpense": 2200000, "netIncome": 3300000, "netIncomeRatio": 0.0681818182, "eps": 0.18, "epsdiluted": 0.17, "weightedAverageShsOut": 18333333, "weightedAverageShsOutDil": 19411765, "link": "", "finalLink": "", "calculatedOtherExpenses": 400000, "calculatedOperatingExpenses": 10100000, "calculatedNetInterest": 0, "calculatedOtherIncome": 100000, "calculatedIncomeNonControlling": 0, "calculatedEbitda": 5800000}, {"date": "1993-12-31", "symbol": "ASGN", "reportedCurrency": "USD", "cik": "0000890564", "fillingDate": "1993-12-31", "acceptedDate": "1993-12-30 19:00:00", "calendarYear": "1993", "period": "FY", "revenue": 38100000, "costOfRevenue": 26200000, "grossProfit": 11900000, "grossProfitRatio": 0.312335958, "researchAndDevelopmentExpenses": 0, "generalAndAdministrativeExpenses": 7600000, "sellingAndMarketingExpenses": 0, "sellingGeneralAndAdministrativeExpenses": 7600000, "otherExpenses": 400000, "operatingExpenses": 8000000, "costAndExpenses": 34200000, "interestIncome": 0, "interestExpense": 0, "depreciationAndAmortization": 400000, "ebitda": 4200000, "ebitdaratio": 0.1102362205, "operatingIncome": 3900000, "operatingIncomeRatio": 0.1023622047, "totalOtherIncomeExpensesNet": 100000, "incomeBeforeTax": 4000000, "incomeBeforeTaxRatio": 0.1049868766, "incomeTaxExpense": 1500000, "netIncome": 2500000, "netIncomeRatio": 0.0656167979, "eps": 0.14, "epsdiluted": 0.12, "weightedAverageShsOut": 17857143, "weightedAverageShsOutDil": 20833333, "link": "", "finalLink": "", "calculatedOtherExpenses": 400000, "calculatedOperatingExpenses": 8000000, "calculatedNetInterest": 0, "calculatedOtherIncome": 100000, "calculatedIncomeNonControlling": 0, "calculatedEbitda": 4300000}, {"date": "1992-12-31", "symbol": "ASGN", "reportedCurrency": "USD", "cik": "0000890564", "fillingDate": "1992-12-31", "acceptedDate": "1992-12-30 19:00:00", "calendarYear": "1992", "period": "FY", "revenue": 32700000, "costOfRevenue": 22300000, "grossProfit": 10400000, "grossProfitRatio": 0.3180428135, "researchAndDevelopmentExpenses": 0, "generalAndAdministrativeExpenses": 7100000, "sellingAndMarketingExpenses": 0, "sellingGeneralAndAdministrativeExpenses": 7100000, "otherExpenses": 400000, "operatingExpenses": 7500000, "costAndExpenses": 29800000, "interestIncome": 0, "interestExpense": 0, "depreciationAndAmortization": 400000, "ebitda": 3200000, "ebitdaratio": 0.0978593272, "operatingIncome": 2900000, "operatingIncomeRatio": 0.0886850153, "totalOtherIncomeExpensesNet": 100000, "incomeBeforeTax": 2900000, "incomeBeforeTaxRatio": 0.0886850153, "incomeTaxExpense": 1100000, "netIncome": 1800000, "netIncomeRatio": 0.0550458716, "eps": 0.1, "epsdiluted": 0.1, "weightedAverageShsOut": 18000000, "weightedAverageShsOutDil": 18000000, "link": "", "finalLink": "", "calculatedOtherExpenses": 400000, "calculatedOperatingExpenses": 7500000, "calculatedNetInterest": 0, "calculatedOtherIncome": 0, "calculatedIncomeNonControlling": 0, "calculatedEbitda": 3300000}, {"date": "1991-12-31", "symbol": "ASGN", "reportedCurrency": "USD", "cik": "0000890564", "fillingDate": "1991-12-31", "acceptedDate": "1991-12-30 19:00:00", "calendarYear": "1991", "period": "FY", "revenue": 26200000, "costOfRevenue": 17700000, "grossProfit": 8500000, "grossProfitRatio": 0.3244274809, "researchAndDevelopmentExpenses": 0, "generalAndAdministrativeExpenses": 6500000, "sellingAndMarketingExpenses": 0, "sellingGeneralAndAdministrativeExpenses": 6500000, "otherExpenses": 200000, "operatingExpenses": 6700000, "costAndExpenses": 24400000, "interestIncome": 0, "interestExpense": 0, "depreciationAndAmortization": 200000, "ebitda": 2000000, "ebitdaratio": 0.0763358779, "operatingIncome": 1800000, "operatingIncomeRatio": 0.0687022901, "totalOtherIncomeExpensesNet": 0, "incomeBeforeTax": 1800000, "incomeBeforeTaxRatio": 0.0687022901, "incomeTaxExpense": 700000, "netIncome": 1100000, "netIncomeRatio": 0.0419847328, "eps": 0.07, "epsdiluted": 0.07, "weightedAverageShsOut": 15714286, "weightedAverageShsOutDil": 15714286, "link": "", "finalLink": "", "calculatedOtherExpenses": 200000, "calculatedOperatingExpenses": 6700000, "calculatedNetInterest": 0, "calculatedOtherIncome": 0, "calculatedIncomeNonControlling": 0, "calculatedEbitda": 2000000}]}