{"originalCurrency": "USD", "convertedCurrency": "USD", "report": [{"date": "2023-09-30", "symbol": "ASH", "reportedCurrency": "USD", "cik": "0001674862", "fillingDate": "2023-11-17", "acceptedDate": "2023-11-17 13:40:39", "calendarYear": "2023", "period": "FY", "revenue": 2191000000, "costOfRevenue": 1523000000, "grossProfit": 668000000, "grossProfitRatio": 0.3048836148, "researchAndDevelopmentExpenses": 51000000, "generalAndAdministrativeExpenses": 363000000, "sellingAndMarketingExpenses": 2000000, "sellingGeneralAndAdministrativeExpenses": 365000000, "otherExpenses": -6000000, "operatingExpenses": 509000000, "costAndExpenses": 2032000000, "interestIncome": 12000000, "interestExpense": 6000000, "depreciationAndAmortization": 243000000, "ebitda": 403000000, "ebitdaratio": 0.1839342766, "operatingIncome": 172000000, "operatingIncomeRatio": 0.0785029667, "totalOtherIncomeExpensesNet": 7000000, "incomeBeforeTax": 160000000, "incomeBeforeTaxRatio": 0.0730260155, "incomeTaxExpense": -8000000, "netIncome": 178000000, "netIncomeRatio": 0.0812414423, "eps": 3.36, "epsdiluted": 3.36, "weightedAverageShsOut": 53000000, "weightedAverageShsOutDil": 54000000, "link": "https://www.sec.gov/Archives/edgar/data/1674862/000095017023064715/0000950170-23-064715-index.htm", "finalLink": "https://www.sec.gov/Archives/edgar/data/1674862/000095017023064715/ash-20230930.htm", "calculatedOtherExpenses": 80000000, "calculatedOperatingExpenses": 496000000, "calculatedNetInterest": 6000000, "calculatedOtherIncome": -18000000, "calculatedIncomeNonControlling": -10000000, "calculatedEbitda": 415000000}, {"date": "2022-09-30", "symbol": "ASH", "reportedCurrency": "USD", "cik": "0001674862", "fillingDate": "2022-11-21", "acceptedDate": "2022-11-21 16:40:21", "calendarYear": "2022", "period": "FY", "revenue": 2391000000, "costOfRevenue": 1561000000, "grossProfit": 830000000, "grossProfitRatio": 0.3471350899, "researchAndDevelopmentExpenses": 55000000, "generalAndAdministrativeExpenses": 391000000, "sellingAndMarketingExpenses": 2000000, "sellingGeneralAndAdministrativeExpenses": 393000000, "otherExpenses": 94000000, "operatingExpenses": 542000000, "costAndExpenses": 2103000000, "interestIncome": 4000000, "interestExpense": 62000000, "depreciationAndAmortization": 241000000, "ebitda": 487000000, "ebitdaratio": 0.2036804684, "operatingIncome": 246000000, "operatingIncomeRatio": 0.1028858218, "totalOtherIncomeExpensesNet": -40000000, "incomeBeforeTax": 206000000, "incomeBeforeTaxRatio": 0.0861564199, "incomeTaxExpense": 25000000, "netIncome": 181000000, "netIncomeRatio": 0.0757005437, "eps": 3.29, "epsdiluted": 3.23, "weightedAverageShsOut": 55000000, "weightedAverageShsOutDil": 56000000, "link": "https://www.sec.gov/Archives/edgar/data/1674862/000095017022025539/0000950170-22-025539-index.htm", "finalLink": "https://www.sec.gov/Archives/edgar/data/1674862/000095017022025539/ash-20220930.htm", "calculatedOtherExpenses": 136000000, "calculatedOperatingExpenses": 584000000, "calculatedNetInterest": -58000000, "calculatedOtherIncome": 18000000, "calculatedIncomeNonControlling": 0, "calculatedEbitda": 487000000}, {"date": "2021-09-30", "symbol": "ASH", "reportedCurrency": "USD", "cik": "0001674862", "fillingDate": "2021-11-22", "acceptedDate": "2021-11-22 15:21:14", "calendarYear": "2021", "period": "FY", "revenue": 2111000000, "costOfRevenue": 1441000000, "grossProfit": 670000000, "grossProfitRatio": 0.3173851255, "researchAndDevelopmentExpenses": 50000000, "generalAndAdministrativeExpenses": 357000000, "sellingAndMarketingExpenses": 1000000, "sellingGeneralAndAdministrativeExpenses": 358000000, "otherExpenses": 90000000, "operatingExpenses": 498000000, "costAndExpenses": 1939000000, "interestIncome": 1000000, "interestExpense": 69000000, "depreciationAndAmortization": 224000000, "ebitda": 405000000, "ebitdaratio": 0.1918522027, "operatingIncome": 181000000, "operatingIncomeRatio": 0.0857413548, "totalOtherIncomeExpensesNet": -46000000, "incomeBeforeTax": 135000000, "incomeBeforeTaxRatio": 0.0639507342, "incomeTaxExpense": -38000000, "netIncome": 173000000, "netIncomeRatio": 0.0819516817, "eps": 2.88, "epsdiluted": 2.84, "weightedAverageShsOut": 60000000, "weightedAverageShsOutDil": 61000000, "link": "https://www.sec.gov/Archives/edgar/data/1674862/000095017021004843/0000950170-21-004843-index.htm", "finalLink": "https://www.sec.gov/Archives/edgar/data/1674862/000095017021004843/ash-20210930.htm", "calculatedOtherExpenses": 81000000, "calculatedOperatingExpenses": 489000000, "calculatedNetInterest": -68000000, "calculatedOtherIncome": 22000000, "calculatedIncomeNonControlling": 0, "calculatedEbitda": 405000000}, {"date": "2020-09-30", "symbol": "ASH", "reportedCurrency": "USD", "cik": "0001674862", "fillingDate": "2020-11-23", "acceptedDate": "2020-11-23 16:21:10", "calendarYear": "2020", "period": "FY", "revenue": 2326000000, "costOfRevenue": 1619000000, "grossProfit": 707000000, "grossProfitRatio": 0.303955288, "researchAndDevelopmentExpenses": 64000000, "generalAndAdministrativeExpenses": 422000000, "sellingAndMarketingExpenses": 2000000, "sellingGeneralAndAdministrativeExpenses": 424000000, "otherExpenses": 85000000, "operatingExpenses": 573000000, "costAndExpenses": 2192000000, "interestIncome": 1000000, "interestExpense": 88000000, "depreciationAndAmortization": 247000000, "ebitda": 909000000, "ebitdaratio": 0.3907996561, "operatingIncome": 662000000, "operatingIncomeRatio": 0.2846087704, "totalOtherIncomeExpensesNet": -1165000000, "incomeBeforeTax": -503000000, "incomeBeforeTaxRatio": -0.2162510748, "incomeTaxExpense": -12000000, "netIncome": -491000000, "netIncomeRatio": -0.2110920034, "eps": -8.05, "epsdiluted": -8.05, "weightedAverageShsOut": 61000000, "weightedAverageShsOutDil": 61000000, "link": "https://www.sec.gov/Archives/edgar/data/1674862/000156459020054890/0001564590-20-054890-index.htm", "finalLink": "https://www.sec.gov/Archives/edgar/data/1674862/000156459020054890/ash-10k_20200930.htm", "calculatedOtherExpenses": -443000000, "calculatedOperatingExpenses": 45000000, "calculatedNetInterest": -87000000, "calculatedOtherIncome": -1078000000, "calculatedIncomeNonControlling": 0, "calculatedEbitda": 909000000}, {"date": "2019-09-30", "symbol": "ASH", "reportedCurrency": "USD", "cik": "0001674862", "fillingDate": "2019-11-25", "acceptedDate": "2019-11-25 11:39:07", "calendarYear": "2019", "period": "FY", "revenue": 2493000000, "costOfRevenue": 1726000000, "grossProfit": 767000000, "grossProfitRatio": 0.3076614521, "researchAndDevelopmentExpenses": 66000000, "generalAndAdministrativeExpenses": 535000000, "sellingAndMarketingExpenses": 4000000, "sellingGeneralAndAdministrativeExpenses": 539000000, "otherExpenses": 5000000, "operatingExpenses": 605000000, "costAndExpenses": 2331000000, "interestIncome": 2000000, "interestExpense": 99000000, "depreciationAndAmortization": 287000000, "ebitda": 453000000, "ebitdaratio": 0.1817087846, "operatingIncome": 166000000, "operatingIncomeRatio": 0.066586442, "totalOtherIncomeExpensesNet": -96000000, "incomeBeforeTax": 70000000, "incomeBeforeTaxRatio": 0.0280786201, "incomeTaxExpense": 46000000, "netIncome": 24000000, "netIncomeRatio": 0.0096269555, "eps": 0.39, "epsdiluted": 0.38, "weightedAverageShsOut": 62000000, "weightedAverageShsOutDil": 63000000, "link": "https://www.sec.gov/Archives/edgar/data/1674862/000156459019044315/0001564590-19-044315-index.htm", "finalLink": "https://www.sec.gov/Archives/edgar/data/1674862/000156459019044315/ash-10k_20190930.htm", "calculatedOtherExpenses": -4000000, "calculatedOperatingExpenses": 601000000, "calculatedNetInterest": -97000000, "calculatedOtherIncome": 1000000, "calculatedIncomeNonControlling": 0, "calculatedEbitda": 453000000}, {"date": "2018-09-30", "symbol": "ASH", "reportedCurrency": "USD", "cik": "0001674862", "fillingDate": "2018-11-19", "acceptedDate": "2018-11-19 09:03:44", "calendarYear": "2018", "period": "FY", "revenue": 3743000000, "costOfRevenue": 2668000000, "grossProfit": 1075000000, "grossProfitRatio": 0.2872027785, "researchAndDevelopmentExpenses": 85000000, "generalAndAdministrativeExpenses": 767000000, "sellingAndMarketingExpenses": 4000000, "sellingGeneralAndAdministrativeExpenses": 771000000, "otherExpenses": 13000000, "operatingExpenses": 856000000, "costAndExpenses": 3524000000, "interestIncome": 4000000, "interestExpense": 122000000, "depreciationAndAmortization": 312000000, "ebitda": 535000000, "ebitdaratio": 0.1429334758, "operatingIncome": 227000000, "operatingIncomeRatio": 0.0606465402, "totalOtherIncomeExpensesNet": 17000000, "incomeBeforeTax": 114000000, "incomeBeforeTaxRatio": 0.0304568528, "incomeTaxExpense": 9000000, "netIncome": 114000000, "netIncomeRatio": 0.0304568528, "eps": 1.84, "epsdiluted": 1.78, "weightedAverageShsOut": 62000000, "weightedAverageShsOutDil": 64000000, "link": "https://www.sec.gov/Archives/edgar/data/1674862/000156459018029786/0001564590-18-029786-index.htm", "finalLink": "https://www.sec.gov/Archives/edgar/data/1674862/000156459018029786/ash-10k_20180930.htm", "calculatedOtherExpenses": -8000000, "calculatedOperatingExpenses": 848000000, "calculatedNetInterest": -118000000, "calculatedOtherIncome": 5000000, "calculatedIncomeNonControlling": -9000000, "calculatedEbitda": 539000000}, {"date": "2017-09-30", "symbol": "ASH", "reportedCurrency": "USD", "cik": "0001674862", "fillingDate": "2017-11-20", "acceptedDate": "2017-11-20 08:34:24", "calendarYear": "2017", "period": "FY", "revenue": 3260000000, "costOfRevenue": 2372000000, "grossProfit": 888000000, "grossProfitRatio": 0.272392638, "researchAndDevelopmentExpenses": 83000000, "generalAndAdministrativeExpenses": 665000000, "sellingAndMarketingExpenses": 5000000, "sellingGeneralAndAdministrativeExpenses": 670000000, "otherExpenses": 0, "operatingExpenses": 753000000, "costAndExpenses": 3125000000, "interestIncome": 4000000, "interestExpense": 234000000, "depreciationAndAmortization": 301000000, "ebitda": 442000000, "ebitdaratio": 0.1355828221, "operatingIncome": 142000000, "operatingIncomeRatio": 0.0435582822, "totalOtherIncomeExpensesNet": 1000000, "incomeBeforeTax": -98000000, "incomeBeforeTaxRatio": -0.0300613497, "incomeTaxExpense": 7000000, "netIncome": 1000000, "netIncomeRatio": 0.0003067485, "eps": 0.0161, "epsdiluted": 0.01, "weightedAverageShsOut": 61886405, "weightedAverageShsOutDil": 62000000, "link": "https://www.sec.gov/Archives/edgar/data/1674862/000167486217000090/0001674862-17-000090-index.htm", "finalLink": "https://www.sec.gov/Archives/edgar/data/1674862/000167486217000090/a9302017ash10k.htm", "calculatedOtherExpenses": -7000000, "calculatedOperatingExpenses": 746000000, "calculatedNetInterest": -230000000, "calculatedOtherIncome": -10000000, "calculatedIncomeNonControlling": -106000000, "calculatedEbitda": 443000000}, {"date": "2016-09-30", "symbol": "ASH", "reportedCurrency": "USD", "cik": "0001674862", "fillingDate": "2016-11-21", "acceptedDate": "2016-11-21 07:56:35", "calendarYear": "2016", "period": "FY", "revenue": 4948000000, "costOfRevenue": 3321000000, "grossProfit": 1627000000, "grossProfitRatio": 0.3288197251, "researchAndDevelopmentExpenses": 100000000, "generalAndAdministrativeExpenses": 1222000000, "sellingAndMarketingExpenses": 6000000, "sellingGeneralAndAdministrativeExpenses": 1228000000, "otherExpenses": 0, "operatingExpenses": 1328000000, "costAndExpenses": 4649000000, "interestIncome": 6000000, "interestExpense": 182000000, "depreciationAndAmortization": 337000000, "ebitda": 645000000, "ebitdaratio": 0.1303556993, "operatingIncome": 327000000, "operatingIncomeRatio": 0.066087308, "totalOtherIncomeExpensesNet": 19000000, "incomeBeforeTax": 136000000, "incomeBeforeTaxRatio": 0.0274858529, "incomeTaxExpense": 133000000, "netIncome": -29000000, "netIncomeRatio": -0.0058609539, "eps": -0.47, "epsdiluted": -0.45, "weightedAverageShsOut": 62000000, "weightedAverageShsOutDil": 64000000, "link": "https://www.sec.gov/Archives/edgar/data/1674862/000167486216000008/0001674862-16-000008-index.htm", "finalLink": "https://www.sec.gov/Archives/edgar/data/1674862/000167486216000008/a9302016ash10k.htm", "calculatedOtherExpenses": -28000000, "calculatedOperatingExpenses": 1300000000, "calculatedNetInterest": -176000000, "calculatedOtherIncome": -15000000, "calculatedIncomeNonControlling": 32000000, "calculatedEbitda": 664000000}, {"date": "2015-09-30", "symbol": "ASH", "reportedCurrency": "USD", "cik": "0001674862", "fillingDate": "2015-09-30", "acceptedDate": "2015-09-29 20:00:00", "calendarYear": "2015", "period": "FY", "revenue": 5387000000, "costOfRevenue": 3814000000, "grossProfit": 1573000000, "grossProfitRatio": 0.2919992575, "researchAndDevelopmentExpenses": 110000000, "generalAndAdministrativeExpenses": 1022000000, "sellingAndMarketingExpenses": 6000000, "sellingGeneralAndAdministrativeExpenses": 1028000000, "otherExpenses": 0, "operatingExpenses": 1138000000, "costAndExpenses": 4952000000, "interestIncome": 6000000, "interestExpense": 174000000, "depreciationAndAmortization": 341000000, "ebitda": 891000000, "ebitdaratio": 0.1653981808, "operatingIncome": 458000000, "operatingIncomeRatio": 0.0850194914, "totalOtherIncomeExpensesNet": -92000000, "incomeBeforeTax": 169000000, "incomeBeforeTaxRatio": 0.0313718211, "incomeTaxExpense": -22000000, "netIncome": 309000000, "netIncomeRatio": 0.0573603119, "eps": 4.61, "epsdiluted": 4.48, "weightedAverageShsOut": 67000000, "weightedAverageShsOutDil": 69000000, "link": "", "finalLink": "", "calculatedOtherExpenses": -23000000, "calculatedOperatingExpenses": 1115000000, "calculatedNetInterest": -168000000, "calculatedOtherIncome": -121000000, "calculatedIncomeNonControlling": -118000000, "calculatedEbitda": 799000000}, {"date": "2014-09-30", "symbol": "ASH", "reportedCurrency": "USD", "cik": "0001674862", "fillingDate": "2014-09-30", "acceptedDate": "2014-09-29 20:00:00", "calendarYear": "2014", "period": "FY", "revenue": 6121000000, "costOfRevenue": 4605000000, "grossProfit": 1516000000, "grossProfitRatio": 0.247671949, "researchAndDevelopmentExpenses": 114000000, "generalAndAdministrativeExpenses": 1295000000, "sellingAndMarketingExpenses": 63000000, "sellingGeneralAndAdministrativeExpenses": 1358000000, "otherExpenses": 0, "operatingExpenses": 1472000000, "costAndExpenses": 6077000000, "interestIncome": 6000000, "interestExpense": 166000000, "depreciationAndAmortization": 393000000, "ebitda": 433000000, "ebitdaratio": 0.0707400752, "operatingIncome": 46000000, "operatingIncomeRatio": 0.0075151119, "totalOtherIncomeExpensesNet": 6000000, "incomeBeforeTax": -116000000, "incomeBeforeTaxRatio": -0.0189511518, "incomeTaxExpense": -188000000, "netIncome": 233000000, "netIncomeRatio": 0.0380656755, "eps": 3.33, "epsdiluted": 3, "weightedAverageShsOut": 70000000, "weightedAverageShsOutDil": 78000000, "link": "", "finalLink": "", "calculatedOtherExpenses": -2000000, "calculatedOperatingExpenses": 1470000000, "calculatedNetInterest": -160000000, "calculatedOtherIncome": -2000000, "calculatedIncomeNonControlling": -161000000, "calculatedEbitda": 439000000}, {"date": "2013-09-30", "symbol": "ASH", "reportedCurrency": "USD", "cik": "0001674862", "fillingDate": "2013-09-30", "acceptedDate": "2013-09-29 20:00:00", "calendarYear": "2013", "period": "FY", "revenue": 7813000000, "costOfRevenue": 5419000000, "grossProfit": 2394000000, "grossProfitRatio": 0.3064123896, "researchAndDevelopmentExpenses": 178000000, "generalAndAdministrativeExpenses": 974000000, "sellingAndMarketingExpenses": 70000000, "sellingGeneralAndAdministrativeExpenses": 1044000000, "otherExpenses": 0, "operatingExpenses": 1222000000, "costAndExpenses": 6641000000, "interestIncome": 4000000, "interestExpense": 282000000, "depreciationAndAmortization": 425000000, "ebitda": 1605000000, "ebitdaratio": 0.2054268527, "operatingIncome": 1241000000, "operatingIncomeRatio": 0.1588378344, "totalOtherIncomeExpensesNet": 61000000, "incomeBeforeTax": 951000000, "incomeBeforeTaxRatio": 0.1217202099, "incomeTaxExpense": 274000000, "netIncome": 683000000, "netIncomeRatio": 0.0874184052, "eps": 8.87, "epsdiluted": 8.57, "weightedAverageShsOut": 77000000, "weightedAverageShsOutDil": 80000000, "link": "", "finalLink": "", "calculatedOtherExpenses": -69000000, "calculatedOperatingExpenses": 1153000000, "calculatedNetInterest": -278000000, "calculatedOtherIncome": -12000000, "calculatedIncomeNonControlling": -6000000, "calculatedEbitda": 1666000000}, {"date": "2012-09-30", "symbol": "ASH", "reportedCurrency": "USD", "cik": "0001674862", "fillingDate": "2012-09-30", "acceptedDate": "2012-09-29 20:00:00", "calendarYear": "2012", "period": "FY", "revenue": 8206000000, "costOfRevenue": 6025000000, "grossProfit": 2181000000, "grossProfitRatio": 0.2657811358, "researchAndDevelopmentExpenses": 137000000, "generalAndAdministrativeExpenses": 1745000000, "sellingAndMarketingExpenses": 55000000, "sellingGeneralAndAdministrativeExpenses": 1800000000, "otherExpenses": 0, "operatingExpenses": 1937000000, "costAndExpenses": 7962000000, "interestIncome": 8000000, "interestExpense": 317000000, "depreciationAndAmortization": 430000000, "ebitda": 732000000, "ebitdaratio": 0.0892030222, "operatingIncome": 244000000, "operatingIncomeRatio": 0.0297343407, "totalOtherIncomeExpensesNet": 59000000, "incomeBeforeTax": -14000000, "incomeBeforeTaxRatio": -0.0017060687, "incomeTaxExpense": -52000000, "netIncome": 26000000, "netIncomeRatio": 0.0031684134, "eps": 0.33, "epsdiluted": 0.33, "weightedAverageShsOut": 79000000, "weightedAverageShsOutDil": 80000000, "link": "", "finalLink": "", "calculatedOtherExpenses": 0, "calculatedOperatingExpenses": 1937000000, "calculatedNetInterest": -309000000, "calculatedOtherIncome": 51000000, "calculatedIncomeNonControlling": 12000000, "calculatedEbitda": 674000000}, {"date": "2011-09-30", "symbol": "ASH", "reportedCurrency": "USD", "cik": "0001674862", "fillingDate": "2011-09-30", "acceptedDate": "2011-09-29 20:00:00", "calendarYear": "2011", "period": "FY", "revenue": 6502000000, "costOfRevenue": 4890000000, "grossProfit": 1612000000, "grossProfitRatio": 0.2479237158, "researchAndDevelopmentExpenses": 89000000, "generalAndAdministrativeExpenses": 0, "sellingAndMarketingExpenses": 0, "sellingGeneralAndAdministrativeExpenses": 1442000000, "otherExpenses": 0, "operatingExpenses": 1531000000, "costAndExpenses": 6421000000, "interestIncome": 16000000, "interestExpense": 121000000, "depreciationAndAmortization": 299000000, "ebitda": 429000000, "ebitdaratio": 0.0659796986, "operatingIncome": 81000000, "operatingIncomeRatio": 0.0124577053, "totalOtherIncomeExpensesNet": 43000000, "incomeBeforeTax": 3000000, "incomeBeforeTaxRatio": 0.0004613965, "incomeTaxExpense": -53000000, "netIncome": 414000000, "netIncomeRatio": 0.0636727161, "eps": 5.31, "epsdiluted": 5.17, "weightedAverageShsOut": 78000000, "weightedAverageShsOutDil": 80000000, "link": "", "finalLink": "", "calculatedOtherExpenses": 0, "calculatedOperatingExpenses": 1531000000, "calculatedNetInterest": -105000000, "calculatedOtherIncome": 27000000, "calculatedIncomeNonControlling": -358000000, "calculatedEbitda": 380000000}, {"date": "2010-09-30", "symbol": "ASH", "reportedCurrency": "USD", "cik": "0001674862", "fillingDate": "2010-09-30", "acceptedDate": "2010-09-29 20:00:00", "calendarYear": "2010", "period": "FY", "revenue": 9012000000, "costOfRevenue": 7012000000, "grossProfit": 2000000000, "grossProfitRatio": 0.2219263205, "researchAndDevelopmentExpenses": 86000000, "generalAndAdministrativeExpenses": 0, "sellingAndMarketingExpenses": 0, "sellingGeneralAndAdministrativeExpenses": 1399000000, "otherExpenses": -51000000, "operatingExpenses": 1434000000, "costAndExpenses": 8446000000, "interestIncome": 12000000, "interestExpense": 209000000, "depreciationAndAmortization": 304000000, "ebitda": 847000000, "ebitdaratio": 0.0939857967, "operatingIncome": 566000000, "operatingIncomeRatio": 0.0628051487, "totalOtherIncomeExpensesNet": 23000000, "incomeBeforeTax": 392000000, "incomeBeforeTaxRatio": 0.0434975588, "incomeTaxExpense": 91000000, "netIncome": 332000000, "netIncomeRatio": 0.0368397692, "eps": 4.2, "epsdiluted": 4.18, "weightedAverageShsOut": 79000000, "weightedAverageShsOutDil": 79000000, "link": "", "finalLink": "", "calculatedOtherExpenses": -51000000, "calculatedOperatingExpenses": 1434000000, "calculatedNetInterest": -197000000, "calculatedOtherIncome": 23000000, "calculatedIncomeNonControlling": -31000000, "calculatedEbitda": 870000000}, {"date": "2009-09-30", "symbol": "ASH", "reportedCurrency": "USD", "cik": "0001674862", "fillingDate": "2009-09-30", "acceptedDate": "2009-09-29 20:00:00", "calendarYear": "2009", "period": "FY", "revenue": 8106000000, "costOfRevenue": 6317000000, "grossProfit": 1789000000, "grossProfitRatio": 0.2207007155, "researchAndDevelopmentExpenses": 96000000, "generalAndAdministrativeExpenses": 0, "sellingAndMarketingExpenses": 0, "sellingGeneralAndAdministrativeExpenses": 1341000000, "otherExpenses": 0, "operatingExpenses": 1437000000, "costAndExpenses": 7754000000, "interestIncome": 21000000, "interestExpense": 215000000, "depreciationAndAmortization": 329000000, "ebitda": 767000000, "ebitdaratio": 0.0946212682, "operatingIncome": 352000000, "operatingIncomeRatio": 0.0434246237, "totalOtherIncomeExpensesNet": -86000000, "incomeBeforeTax": 158000000, "incomeBeforeTaxRatio": 0.0194917345, "incomeTaxExpense": 80000000, "netIncome": 71000000, "netIncomeRatio": 0.008758944, "eps": 0.95, "epsdiluted": 0.95, "weightedAverageShsOut": 72000000, "weightedAverageShsOutDil": 73000000, "link": "", "finalLink": "", "calculatedOtherExpenses": 0, "calculatedOperatingExpenses": 1437000000, "calculatedNetInterest": -194000000, "calculatedOtherIncome": 0, "calculatedIncomeNonControlling": 7000000, "calculatedEbitda": 681000000}, {"date": "2008-09-30", "symbol": "ASH", "reportedCurrency": "USD", "cik": "0001674862", "fillingDate": "2008-09-30", "acceptedDate": "2008-09-29 20:00:00", "calendarYear": "2008", "period": "FY", "revenue": 8381000000, "costOfRevenue": 7056000000, "grossProfit": 1325000000, "grossProfitRatio": 0.1580956926, "researchAndDevelopmentExpenses": 0, "generalAndAdministrativeExpenses": 0, "sellingAndMarketingExpenses": 0, "sellingGeneralAndAdministrativeExpenses": 1166000000, "otherExpenses": -34000000, "operatingExpenses": 1132000000, "costAndExpenses": 8188000000, "interestIncome": 0, "interestExpense": 0, "depreciationAndAmortization": 145000000, "ebitda": 318000000, "ebitdaratio": 0.0379429662, "operatingIncome": 193000000, "operatingIncomeRatio": 0.0230282782, "totalOtherIncomeExpensesNet": 74000000, "incomeBeforeTax": 261000000, "incomeBeforeTaxRatio": 0.0311418685, "incomeTaxExpense": 86000000, "netIncome": 167000000, "netIncomeRatio": 0.0199260231, "eps": 2.65, "epsdiluted": 2.63, "weightedAverageShsOut": 63018868, "weightedAverageShsOutDil": 63498099, "link": "", "finalLink": "", "calculatedOtherExpenses": -34000000, "calculatedOperatingExpenses": 1132000000, "calculatedNetInterest": 0, "calculatedOtherIncome": 68000000, "calculatedIncomeNonControlling": 8000000, "calculatedEbitda": 338000000}, {"date": "2007-09-30", "symbol": "ASH", "reportedCurrency": "USD", "cik": "0001674862", "fillingDate": "2007-09-30", "acceptedDate": "2007-09-29 20:00:00", "calendarYear": "2007", "period": "FY", "revenue": 7834000000, "costOfRevenue": 6447000000, "grossProfit": 1387000000, "grossProfitRatio": 0.1770487618, "researchAndDevelopmentExpenses": 0, "generalAndAdministrativeExpenses": 0, "sellingAndMarketingExpenses": 0, "sellingGeneralAndAdministrativeExpenses": 1171000000, "otherExpenses": -3000000, "operatingExpenses": 1168000000, "costAndExpenses": 7615000000, "interestIncome": 0, "interestExpense": 0, "depreciationAndAmortization": 133000000, "ebitda": 321000000, "ebitdaratio": 0.0409752362, "operatingIncome": 219000000, "operatingIncomeRatio": 0.0279550677, "totalOtherIncomeExpensesNet": 46000000, "incomeBeforeTax": 259000000, "incomeBeforeTaxRatio": 0.0330610161, "incomeTaxExpense": 58000000, "netIncome": 230000000, "netIncomeRatio": 0.0293592035, "eps": 3.66, "epsdiluted": 3.6, "weightedAverageShsOut": 62841530, "weightedAverageShsOutDil": 63888889, "link": "", "finalLink": "", "calculatedOtherExpenses": -3000000, "calculatedOperatingExpenses": 1168000000, "calculatedNetInterest": 0, "calculatedOtherIncome": 40000000, "calculatedIncomeNonControlling": -29000000, "calculatedEbitda": 352000000}, {"date": "2006-09-30", "symbol": "ASH", "reportedCurrency": "USD", "cik": "0001674862", "fillingDate": "2006-09-30", "acceptedDate": "2006-09-29 20:00:00", "calendarYear": "2006", "period": "FY", "revenue": 7277000000, "costOfRevenue": 6030000000, "grossProfit": 1247000000, "grossProfitRatio": 0.1713618249, "researchAndDevelopmentExpenses": 0, "generalAndAdministrativeExpenses": 0, "sellingAndMarketingExpenses": 0, "sellingGeneralAndAdministrativeExpenses": 1077000000, "otherExpenses": -5000000, "operatingExpenses": 1072000000, "costAndExpenses": 7102000000, "interestIncome": 0, "interestExpense": 0, "depreciationAndAmortization": 111000000, "ebitda": 258000000, "ebitdaratio": 0.0354541707, "operatingIncome": 175000000, "operatingIncomeRatio": 0.0240483716, "totalOtherIncomeExpensesNet": 39000000, "incomeBeforeTax": 212000000, "incomeBeforeTaxRatio": 0.0291328844, "incomeTaxExpense": 29000000, "netIncome": 407000000, "netIncomeRatio": 0.0559296413, "eps": 5.73, "epsdiluted": 5.64, "weightedAverageShsOut": 71029668, "weightedAverageShsOutDil": 72163121, "link": "", "finalLink": "", "calculatedOtherExpenses": -5000000, "calculatedOperatingExpenses": 1072000000, "calculatedNetInterest": 0, "calculatedOtherIncome": 37000000, "calculatedIncomeNonControlling": -224000000, "calculatedEbitda": 286000000}, {"date": "2005-09-30", "symbol": "ASH", "reportedCurrency": "USD", "cik": "0001674862", "fillingDate": "2005-09-30", "acceptedDate": "2005-09-29 20:00:00", "calendarYear": "2005", "period": "FY", "revenue": 9860000000, "costOfRevenue": 7823000000, "grossProfit": 2037000000, "grossProfitRatio": 0.2065922921, "researchAndDevelopmentExpenses": 0, "generalAndAdministrativeExpenses": 0, "sellingAndMarketingExpenses": 0, "sellingGeneralAndAdministrativeExpenses": 1291000000, "otherExpenses": 0, "operatingExpenses": 1291000000, "costAndExpenses": 9114000000, "interestIncome": 0, "interestExpense": 0, "depreciationAndAmortization": 193000000, "ebitda": -259000000, "ebitdaratio": -0.0262677485, "operatingIncome": 746000000, "operatingIncomeRatio": 0.0756592292, "totalOtherIncomeExpensesNet": 1729000000, "incomeBeforeTax": 1801000000, "incomeBeforeTaxRatio": 0.1826572008, "incomeTaxExpense": -202000000, "netIncome": 2004000000, "netIncomeRatio": 0.2032454361, "eps": 27.92, "epsdiluted": 26.85, "weightedAverageShsOut": 72500957, "weightedAverageShsOutDil": 74636872, "link": "", "finalLink": "", "calculatedOtherExpenses": 0, "calculatedOperatingExpenses": 1291000000, "calculatedNetInterest": 0, "calculatedOtherIncome": 1055000000, "calculatedIncomeNonControlling": -1000000, "calculatedEbitda": 939000000}, {"date": "2004-09-30", "symbol": "ASH", "reportedCurrency": "USD", "cik": "0001674862", "fillingDate": "2004-09-30", "acceptedDate": "2004-09-29 20:00:00", "calendarYear": "2004", "period": "FY", "revenue": 8781000000, "costOfRevenue": 6948000000, "grossProfit": 1833000000, "grossProfitRatio": 0.2087461565, "researchAndDevelopmentExpenses": 0, "generalAndAdministrativeExpenses": 0, "sellingAndMarketingExpenses": 0, "sellingGeneralAndAdministrativeExpenses": 1171000000, "otherExpenses": 0, "operatingExpenses": 1171000000, "costAndExpenses": 8119000000, "interestIncome": 0, "interestExpense": 0, "depreciationAndAmortization": 193000000, "ebitda": 807000000, "ebitdaratio": 0.0919029723, "operatingIncome": 662000000, "operatingIncomeRatio": 0.0753900467, "totalOtherIncomeExpensesNet": 480000000, "incomeBeforeTax": 548000000, "incomeBeforeTaxRatio": 0.0624074707, "incomeTaxExpense": 150000000, "netIncome": 378000000, "netIncomeRatio": 0.0430474889, "eps": 5.25, "epsdiluted": 5.25, "weightedAverageShsOut": 69649805, "weightedAverageShsOutDil": 71186441, "link": "", "finalLink": "", "calculatedOtherExpenses": 0, "calculatedOperatingExpenses": 1171000000, "calculatedNetInterest": 0, "calculatedOtherIncome": -114000000, "calculatedIncomeNonControlling": 20000000, "calculatedEbitda": 855000000}, {"date": "2003-09-30", "symbol": "ASH", "reportedCurrency": "USD", "cik": "0001674862", "fillingDate": "2003-09-30", "acceptedDate": "2003-09-29 20:00:00", "calendarYear": "2003", "period": "FY", "revenue": 7865000000, "costOfRevenue": 6005000000, "grossProfit": 1860000000, "grossProfitRatio": 0.2364907819, "researchAndDevelopmentExpenses": 0, "generalAndAdministrativeExpenses": 0, "sellingAndMarketingExpenses": 0, "sellingGeneralAndAdministrativeExpenses": 1390000000, "otherExpenses": 204000000, "operatingExpenses": 1594000000, "costAndExpenses": 7599000000, "interestIncome": 0, "interestExpense": 0, "depreciationAndAmortization": 204000000, "ebitda": 424000000, "ebitdaratio": 0.0539097266, "operatingIncome": 266000000, "operatingIncomeRatio": 0.0338207247, "totalOtherIncomeExpensesNet": 347000000, "incomeBeforeTax": 138000000, "incomeBeforeTaxRatio": 0.0175460903, "incomeTaxExpense": 44000000, "netIncome": 75000000, "netIncomeRatio": 0.0095359186, "eps": 1.1, "epsdiluted": 1.1, "weightedAverageShsOut": 67777778, "weightedAverageShsOutDil": 68181818, "link": "", "finalLink": "", "calculatedOtherExpenses": 204000000, "calculatedOperatingExpenses": 1594000000, "calculatedNetInterest": 0, "calculatedOtherIncome": -128000000, "calculatedIncomeNonControlling": 19000000, "calculatedEbitda": 470000000}, {"date": "2002-09-30", "symbol": "ASH", "reportedCurrency": "USD", "cik": "0001674862", "fillingDate": "2002-09-30", "acceptedDate": "2002-09-29 20:00:00", "calendarYear": "2002", "period": "FY", "revenue": 7792000000, "costOfRevenue": 6049000000, "grossProfit": 1743000000, "grossProfitRatio": 0.2236909651, "researchAndDevelopmentExpenses": 0, "generalAndAdministrativeExpenses": 1185000000, "sellingAndMarketingExpenses": 0, "sellingGeneralAndAdministrativeExpenses": 1185000000, "otherExpenses": 220000000, "operatingExpenses": 1405000000, "costAndExpenses": 7454000000, "interestIncome": 0, "interestExpense": 0, "depreciationAndAmortization": 220000000, "ebitda": 490000000, "ebitdaratio": 0.0628850103, "operatingIncome": 338000000, "operatingIncomeRatio": 0.0433778234, "totalOtherIncomeExpensesNet": 249000000, "incomeBeforeTax": 200000000, "incomeBeforeTaxRatio": 0.0256673511, "incomeTaxExpense": 71000000, "netIncome": 117000000, "netIncomeRatio": 0.0150154004, "eps": 1.72, "epsdiluted": 1.67, "weightedAverageShsOut": 68627451, "weightedAverageShsOutDil": 70059880, "link": "", "finalLink": "", "calculatedOtherExpenses": 220000000, "calculatedOperatingExpenses": 1405000000, "calculatedNetInterest": 0, "calculatedOtherIncome": -138000000, "calculatedIncomeNonControlling": 12000000, "calculatedEbitda": 558000000}, {"date": "2001-09-30", "symbol": "ASH", "reportedCurrency": "USD", "cik": "0001674862", "fillingDate": "2001-09-30", "acceptedDate": "2001-09-29 20:00:00", "calendarYear": "2001", "period": "FY", "revenue": 8547000000, "costOfRevenue": 6319000000, "grossProfit": 2228000000, "grossProfitRatio": 0.2606762607, "researchAndDevelopmentExpenses": 0, "generalAndAdministrativeExpenses": 1127000000, "sellingAndMarketingExpenses": 0, "sellingGeneralAndAdministrativeExpenses": 1127000000, "otherExpenses": 250000000, "operatingExpenses": 1377000000, "costAndExpenses": 7696000000, "interestIncome": 0, "interestExpense": 0, "depreciationAndAmortization": 250000000, "ebitda": 1027000000, "ebitdaratio": 0.1201591202, "operatingIncome": 851000000, "operatingIncomeRatio": 0.0995670996, "totalOtherIncomeExpensesNet": 828000000, "incomeBeforeTax": 681000000, "incomeBeforeTaxRatio": 0.0796770797, "incomeTaxExpense": 275000000, "netIncome": 417000000, "netIncomeRatio": 0.0487890488, "eps": 6.04, "epsdiluted": 5.93, "weightedAverageShsOut": 69745958, "weightedAverageShsOutDil": 70320405, "link": "", "finalLink": "", "calculatedOtherExpenses": 250000000, "calculatedOperatingExpenses": 1377000000, "calculatedNetInterest": 0, "calculatedOtherIncome": -170000000, "calculatedIncomeNonControlling": -11000000, "calculatedEbitda": 1101000000}, {"date": "2000-09-30", "symbol": "ASH", "reportedCurrency": "USD", "cik": "0001674862", "fillingDate": "2000-09-30", "acceptedDate": "2000-09-29 20:00:00", "calendarYear": "2000", "period": "FY", "revenue": 7961000000, "costOfRevenue": 6434000000, "grossProfit": 1527000000, "grossProfitRatio": 0.1918100741, "researchAndDevelopmentExpenses": 0, "generalAndAdministrativeExpenses": 1094000000, "sellingAndMarketingExpenses": 0, "sellingGeneralAndAdministrativeExpenses": 1094000000, "otherExpenses": 237000000, "operatingExpenses": 1331000000, "costAndExpenses": 7765000000, "interestIncome": 0, "interestExpense": 0, "depreciationAndAmortization": 237000000, "ebitda": -42000000, "ebitdaratio": -0.0052757191, "operatingIncome": 196000000, "operatingIncomeRatio": 0.0246200226, "totalOtherIncomeExpensesNet": 475000000, "incomeBeforeTax": 483000000, "incomeBeforeTaxRatio": 0.06067077, "incomeTaxExpense": 191000000, "netIncome": 70000000, "netIncomeRatio": 0.0087928652, "eps": 0.99, "epsdiluted": 0.98, "weightedAverageShsOut": 70707071, "weightedAverageShsOutDil": 71428571, "link": "", "finalLink": "", "calculatedOtherExpenses": 237000000, "calculatedOperatingExpenses": 1331000000, "calculatedNetInterest": 0, "calculatedOtherIncome": 287000000, "calculatedIncomeNonControlling": 222000000, "calculatedEbitda": 433000000}, {"date": "1999-09-30", "symbol": "ASH", "reportedCurrency": "USD", "cik": "0001674862", "fillingDate": "1999-09-30", "acceptedDate": "1999-09-29 20:00:00", "calendarYear": "1999", "period": "FY", "revenue": 6801000000, "costOfRevenue": 5346000000, "grossProfit": 1455000000, "grossProfitRatio": 0.2139391266, "researchAndDevelopmentExpenses": 0, "generalAndAdministrativeExpenses": 1055000000, "sellingAndMarketingExpenses": 0, "sellingGeneralAndAdministrativeExpenses": 1055000000, "otherExpenses": 228000000, "operatingExpenses": 1283000000, "costAndExpenses": 6629000000, "interestIncome": 0, "interestExpense": 0, "depreciationAndAmortization": 228000000, "ebitda": -50000000, "ebitdaratio": -0.00735186, "operatingIncome": 172000000, "operatingIncomeRatio": 0.0252903985, "totalOtherIncomeExpensesNet": 450000000, "incomeBeforeTax": 482000000, "incomeBeforeTaxRatio": 0.0708719306, "incomeTaxExpense": 192000000, "netIncome": 290000000, "netIncomeRatio": 0.0426407881, "eps": 3.94, "epsdiluted": 3.89, "weightedAverageShsOut": 74000000, "weightedAverageShsOutDil": 75000000, "link": "", "finalLink": "", "calculatedOtherExpenses": 228000000, "calculatedOperatingExpenses": 1283000000, "calculatedNetInterest": 0, "calculatedOtherIncome": 310000000, "calculatedIncomeNonControlling": 0, "calculatedEbitda": 400000000}, {"date": "1998-09-30", "symbol": "ASH", "reportedCurrency": "USD", "cik": "0001674862", "fillingDate": "1998-09-30", "acceptedDate": "1998-09-29 20:00:00", "calendarYear": "1998", "period": "FY", "revenue": 6534000000, "costOfRevenue": 5299000000, "grossProfit": 1235000000, "grossProfitRatio": 0.1890113254, "researchAndDevelopmentExpenses": 0, "generalAndAdministrativeExpenses": 1006000000, "sellingAndMarketingExpenses": 0, "sellingGeneralAndAdministrativeExpenses": 1006000000, "otherExpenses": 181000000, "operatingExpenses": 1187000000, "costAndExpenses": 6486000000, "interestIncome": 0, "interestExpense": 0, "depreciationAndAmortization": 181000000, "ebitda": -170000000, "ebitdaratio": -0.0260177533, "operatingIncome": 48000000, "operatingIncomeRatio": 0.0073461892, "totalOtherIncomeExpensesNet": 399000000, "incomeBeforeTax": 317000000, "incomeBeforeTaxRatio": 0.0485154576, "incomeTaxExpense": 114000000, "netIncome": 203000000, "netIncomeRatio": 0.0310682583, "eps": 2.68, "epsdiluted": 2.63, "weightedAverageShsOut": 75746269, "weightedAverageShsOutDil": 77186312, "link": "", "finalLink": "", "calculatedOtherExpenses": 181000000, "calculatedOperatingExpenses": 1187000000, "calculatedNetInterest": 0, "calculatedOtherIncome": 269000000, "calculatedIncomeNonControlling": 0, "calculatedEbitda": 229000000}, {"date": "1997-09-30", "symbol": "ASH", "reportedCurrency": "USD", "cik": "0001674862", "fillingDate": "1997-09-30", "acceptedDate": "1997-09-29 20:00:00", "calendarYear": "1997", "period": "FY", "revenue": 13208000000, "costOfRevenue": 10860000000, "grossProfit": 2348000000, "grossProfitRatio": 0.1777710478, "researchAndDevelopmentExpenses": 0, "generalAndAdministrativeExpenses": 1405000000, "sellingAndMarketingExpenses": 0, "sellingGeneralAndAdministrativeExpenses": 1405000000, "otherExpenses": 572000000, "operatingExpenses": 1977000000, "costAndExpenses": 12837000000, "interestIncome": 0, "interestExpense": 0, "depreciationAndAmortization": 572000000, "ebitda": 809000000, "ebitdaratio": 0.0612507571, "operatingIncome": 371000000, "operatingIncomeRatio": 0.0280890369, "totalOtherIncomeExpensesNet": 134000000, "incomeBeforeTax": 311000000, "incomeBeforeTaxRatio": 0.0235463356, "incomeTaxExpense": 119000000, "netIncome": 279000000, "netIncomeRatio": 0.0211235615, "eps": 3.86, "epsdiluted": 3.64, "weightedAverageShsOut": 69689119, "weightedAverageShsOutDil": 73901099, "link": "", "finalLink": "", "calculatedOtherExpenses": 572000000, "calculatedOperatingExpenses": 1977000000, "calculatedNetInterest": 0, "calculatedOtherIncome": -60000000, "calculatedIncomeNonControlling": -87000000, "calculatedEbitda": 943000000}, {"date": "1996-09-30", "symbol": "ASH", "reportedCurrency": "USD", "cik": "0001674862", "fillingDate": "1996-09-30", "acceptedDate": "1996-09-29 20:00:00", "calendarYear": "1996", "period": "FY", "revenue": 12145000000, "costOfRevenue": 10151000000, "grossProfit": 1994000000, "grossProfitRatio": 0.1641827913, "researchAndDevelopmentExpenses": 0, "generalAndAdministrativeExpenses": 1291000000, "sellingAndMarketingExpenses": 0, "sellingGeneralAndAdministrativeExpenses": 1291000000, "otherExpenses": 402000000, "operatingExpenses": 1693000000, "costAndExpenses": 11844000000, "interestIncome": 0, "interestExpense": 0, "depreciationAndAmortization": 402000000, "ebitda": 524000000, "ebitdaratio": 0.0431453273, "operatingIncome": 301000000, "operatingIncomeRatio": 0.0247838617, "totalOtherIncomeExpensesNet": 179000000, "incomeBeforeTax": 303000000, "incomeBeforeTaxRatio": 0.0249485385, "incomeTaxExpense": 92000000, "netIncome": 211000000, "netIncomeRatio": 0.0173734047, "eps": 3, "epsdiluted": 2.96, "weightedAverageShsOut": 64000000, "weightedAverageShsOutDil": 64864865, "link": "", "finalLink": "", "calculatedOtherExpenses": 402000000, "calculatedOperatingExpenses": 1693000000, "calculatedNetInterest": 0, "calculatedOtherIncome": 2000000, "calculatedIncomeNonControlling": 0, "calculatedEbitda": 703000000}, {"date": "1995-09-30", "symbol": "ASH", "reportedCurrency": "USD", "cik": "0001674862", "fillingDate": "1995-09-30", "acceptedDate": "1995-09-29 20:00:00", "calendarYear": "1995", "period": "FY", "revenue": 11179000000, "costOfRevenue": 9270000000, "grossProfit": 1909000000, "grossProfitRatio": 0.170766616, "researchAndDevelopmentExpenses": 0, "generalAndAdministrativeExpenses": 1296000000, "sellingAndMarketingExpenses": 0, "sellingGeneralAndAdministrativeExpenses": 1296000000, "otherExpenses": 487000000, "operatingExpenses": 1783000000, "costAndExpenses": 11053000000, "interestIncome": 0, "interestExpense": 0, "depreciationAndAmortization": 487000000, "ebitda": 557000000, "ebitdaratio": 0.0498255658, "operatingIncome": 126000000, "operatingIncomeRatio": 0.0112711334, "totalOtherIncomeExpensesNet": 56000000, "incomeBeforeTax": 11000000, "incomeBeforeTaxRatio": 0.0009839878, "incomeTaxExpense": -13000000, "netIncome": 24000000, "netIncomeRatio": 0.0021468825, "eps": 0.08, "epsdiluted": 0.08, "weightedAverageShsOut": 62500000, "weightedAverageShsOutDil": 62500000, "link": "", "finalLink": "", "calculatedOtherExpenses": 487000000, "calculatedOperatingExpenses": 1783000000, "calculatedNetInterest": 0, "calculatedOtherIncome": -115000000, "calculatedIncomeNonControlling": 0, "calculatedEbitda": 613000000}, {"date": "1994-09-30", "symbol": "ASH", "reportedCurrency": "USD", "cik": "0001674862", "fillingDate": "1994-09-30", "acceptedDate": "1994-09-29 20:00:00", "calendarYear": "1994", "period": "FY", "revenue": 9457000000, "costOfRevenue": 7729000000, "grossProfit": 1728000000, "grossProfitRatio": 0.1827217934, "researchAndDevelopmentExpenses": 0, "generalAndAdministrativeExpenses": 1101000000, "sellingAndMarketingExpenses": 0, "sellingGeneralAndAdministrativeExpenses": 1101000000, "otherExpenses": 308000000, "operatingExpenses": 1409000000, "costAndExpenses": 9138000000, "interestIncome": 0, "interestExpense": 0, "depreciationAndAmortization": 308000000, "ebitda": 557000000, "ebitdaratio": 0.0588981707, "operatingIncome": 319000000, "operatingIncomeRatio": 0.0337316274, "totalOtherIncomeExpensesNet": 70000000, "incomeBeforeTax": 272000000, "incomeBeforeTaxRatio": 0.0287617638, "incomeTaxExpense": 75000000, "netIncome": 197000000, "netIncomeRatio": 0.0208311304, "eps": 2.94, "epsdiluted": 2.79, "weightedAverageShsOut": 61000000, "weightedAverageShsOutDil": 72000000, "link": "", "finalLink": "", "calculatedOtherExpenses": 308000000, "calculatedOperatingExpenses": 1409000000, "calculatedNetInterest": 0, "calculatedOtherIncome": -47000000, "calculatedIncomeNonControlling": 0, "calculatedEbitda": 627000000}, {"date": "1993-09-30", "symbol": "ASH", "reportedCurrency": "USD", "cik": "0001674862", "fillingDate": "1993-09-30", "acceptedDate": "1993-09-29 20:00:00", "calendarYear": "1993", "period": "FY", "revenue": 9553900000, "costOfRevenue": 7939000000, "grossProfit": 1614900000, "grossProfitRatio": 0.1690304483, "researchAndDevelopmentExpenses": 0, "generalAndAdministrativeExpenses": 1070800000, "sellingAndMarketingExpenses": 0, "sellingGeneralAndAdministrativeExpenses": 1070800000, "otherExpenses": 304600000, "operatingExpenses": 1375400000, "costAndExpenses": 9314400000, "interestIncome": 0, "interestExpense": 0, "depreciationAndAmortization": 304600000, "ebitda": 459600000, "ebitdaratio": 0.0481060091, "operatingIncome": 239500000, "operatingIncomeRatio": 0.0250682967, "totalOtherIncomeExpensesNet": 84500000, "incomeBeforeTax": 200300000, "incomeBeforeTaxRatio": 0.0209652603, "incomeTaxExpense": 58100000, "netIncome": 142200000, "netIncomeRatio": 0.0148839741, "eps": 2.26, "epsdiluted": 2.2, "weightedAverageShsOut": 62920354, "weightedAverageShsOutDil": 64636364, "link": "", "finalLink": "", "calculatedOtherExpenses": 304600000, "calculatedOperatingExpenses": 1375400000, "calculatedNetInterest": 0, "calculatedOtherIncome": -39200000, "calculatedIncomeNonControlling": 0, "calculatedEbitda": 544100000}, {"date": "1992-09-30", "symbol": "ASH", "reportedCurrency": "USD", "cik": "0001674862", "fillingDate": "1992-09-30", "acceptedDate": "1992-09-29 20:00:00", "calendarYear": "1992", "period": "FY", "revenue": 9552200000, "costOfRevenue": 8197100000, "grossProfit": 1355100000, "grossProfitRatio": 0.1418626076, "researchAndDevelopmentExpenses": 0, "generalAndAdministrativeExpenses": 1155500000, "sellingAndMarketingExpenses": 0, "sellingGeneralAndAdministrativeExpenses": 1155500000, "otherExpenses": 302100000, "operatingExpenses": 1457600000, "costAndExpenses": 9654700000, "interestIncome": 0, "interestExpense": 0, "depreciationAndAmortization": 302100000, "ebitda": 123500000, "ebitdaratio": 0.0129289588, "operatingIncome": -102500000, "operatingIncomeRatio": -0.0107305123, "totalOtherIncomeExpensesNet": 76100000, "incomeBeforeTax": -158100000, "incomeBeforeTaxRatio": -0.016551161, "incomeTaxExpense": -89800000, "netIncome": -335700000, "netIncomeRatio": -0.0351437365, "eps": -5.75, "epsdiluted": -5.75, "weightedAverageShsOut": 58382609, "weightedAverageShsOutDil": 58382609, "link": "", "finalLink": "", "calculatedOtherExpenses": 302100000, "calculatedOperatingExpenses": 1457600000, "calculatedNetInterest": 0, "calculatedOtherIncome": -55600000, "calculatedIncomeNonControlling": 267400000, "calculatedEbitda": 199600000}, {"date": "1991-09-30", "symbol": "ASH", "reportedCurrency": "USD", "cik": "0001674862", "fillingDate": "1991-09-30", "acceptedDate": "1991-09-29 20:00:00", "calendarYear": "1991", "period": "FY", "revenue": 9246400000, "costOfRevenue": 7711700000, "grossProfit": 1534700000, "grossProfitRatio": 0.1659781104, "researchAndDevelopmentExpenses": 0, "generalAndAdministrativeExpenses": 1018500000, "sellingAndMarketingExpenses": 0, "sellingGeneralAndAdministrativeExpenses": 1018500000, "otherExpenses": 278600000, "operatingExpenses": 1297100000, "costAndExpenses": 9008800000, "interestIncome": 0, "interestExpense": 0, "depreciationAndAmortization": 278600000, "ebitda": 436000000, "ebitdaratio": 0.0471534868, "operatingIncome": 237600000, "operatingIncomeRatio": 0.0256964873, "totalOtherIncomeExpensesNet": 80200000, "incomeBeforeTax": 192800000, "incomeBeforeTaxRatio": 0.0208513584, "incomeTaxExpense": 47800000, "netIncome": 145000000, "netIncomeRatio": 0.0156817789, "eps": 2.56, "epsdiluted": 2.54, "weightedAverageShsOut": 56640625, "weightedAverageShsOutDil": 57086614, "link": "", "finalLink": "", "calculatedOtherExpenses": 278600000, "calculatedOperatingExpenses": 1297100000, "calculatedNetInterest": 0, "calculatedOtherIncome": -44800000, "calculatedIncomeNonControlling": 0, "calculatedEbitda": 516200000}, {"date": "1990-09-30", "symbol": "ASH", "reportedCurrency": "USD", "cik": "0001674862", "fillingDate": "1990-09-30", "acceptedDate": "1990-09-29 20:00:00", "calendarYear": "1990", "period": "FY", "revenue": 8498000000, "costOfRevenue": 6909400000, "grossProfit": 1588600000, "grossProfitRatio": 0.1869381031, "researchAndDevelopmentExpenses": 0, "generalAndAdministrativeExpenses": 1041800000, "sellingAndMarketingExpenses": 0, "sellingGeneralAndAdministrativeExpenses": 1041800000, "otherExpenses": 269400000, "operatingExpenses": 1311200000, "costAndExpenses": 8220600000, "interestIncome": 0, "interestExpense": 0, "depreciationAndAmortization": 269400000, "ebitda": 441200000, "ebitdaratio": 0.0519180984, "operatingIncome": 277400000, "operatingIncomeRatio": 0.0326429748, "totalOtherIncomeExpensesNet": 105600000, "incomeBeforeTax": 263200000, "incomeBeforeTaxRatio": 0.0309719934, "incomeTaxExpense": 81100000, "netIncome": 182100000, "netIncomeRatio": 0.0214285714, "eps": 3.27, "epsdiluted": 3.2, "weightedAverageShsOut": 55688073, "weightedAverageShsOutDil": 56906250, "link": "", "finalLink": "", "calculatedOtherExpenses": 269400000, "calculatedOperatingExpenses": 1311200000, "calculatedNetInterest": 0, "calculatedOtherIncome": -14200000, "calculatedIncomeNonControlling": 0, "calculatedEbitda": 546800000}, {"date": "1989-09-30", "symbol": "ASH", "reportedCurrency": "USD", "cik": "0001674862", "fillingDate": "1989-09-30", "acceptedDate": "1989-09-29 20:00:00", "calendarYear": "1989", "period": "FY", "revenue": 8061900000, "costOfRevenue": 6578100000, "grossProfit": 1483800000, "grossProfitRatio": 0.1840509061, "researchAndDevelopmentExpenses": 0, "generalAndAdministrativeExpenses": 1023700000, "sellingAndMarketingExpenses": 0, "sellingGeneralAndAdministrativeExpenses": 1023700000, "otherExpenses": 279200000, "operatingExpenses": 1302900000, "costAndExpenses": 7881000000, "interestIncome": 0, "interestExpense": 0, "depreciationAndAmortization": 279200000, "ebitda": 406400000, "ebitdaratio": 0.050409953, "operatingIncome": 180900000, "operatingIncomeRatio": 0.0224388792, "totalOtherIncomeExpensesNet": 53700000, "incomeBeforeTax": 142200000, "incomeBeforeTaxRatio": 0.0176385219, "incomeTaxExpense": 56000000, "netIncome": 86200000, "netIncomeRatio": 0.0106922686, "eps": 1.55, "epsdiluted": 1.55, "weightedAverageShsOut": 55612903, "weightedAverageShsOutDil": 55612903, "link": "", "finalLink": "", "calculatedOtherExpenses": 279200000, "calculatedOperatingExpenses": 1302900000, "calculatedNetInterest": 0, "calculatedOtherIncome": -38700000, "calculatedIncomeNonControlling": 0, "calculatedEbitda": 460100000}, {"date": "1988-09-30", "symbol": "ASH", "reportedCurrency": "USD", "cik": "0001674862", "fillingDate": "1988-09-30", "acceptedDate": "1988-09-29 20:00:00", "calendarYear": "1988", "period": "FY", "revenue": 7826100000, "costOfRevenue": 6336300000, "grossProfit": 1489800000, "grossProfitRatio": 0.1903630161, "researchAndDevelopmentExpenses": 0, "generalAndAdministrativeExpenses": 930800000, "sellingAndMarketingExpenses": 0, "sellingGeneralAndAdministrativeExpenses": 930800000, "otherExpenses": 270200000, "operatingExpenses": 1201000000, "costAndExpenses": 7537300000, "interestIncome": 0, "interestExpense": 0, "depreciationAndAmortization": 270200000, "ebitda": 498900000, "ebitdaratio": 0.0637482271, "operatingIncome": 288800000, "operatingIncomeRatio": 0.0369021607, "totalOtherIncomeExpensesNet": 60100000, "incomeBeforeTax": 271100000, "incomeBeforeTaxRatio": 0.0346404978, "incomeTaxExpense": 87300000, "netIncome": 183800000, "netIncomeRatio": 0.0234855164, "eps": 3.29, "epsdiluted": 3.29, "weightedAverageShsOut": 55866261, "weightedAverageShsOutDil": 55866261, "link": "", "finalLink": "", "calculatedOtherExpenses": 270200000, "calculatedOperatingExpenses": 1201000000, "calculatedNetInterest": 0, "calculatedOtherIncome": -17700000, "calculatedIncomeNonControlling": 0, "calculatedEbitda": 559000000}, {"date": "1987-09-30", "symbol": "ASH", "reportedCurrency": "USD", "cik": "0001674862", "fillingDate": "1987-09-30", "acceptedDate": "1987-09-29 20:00:00", "calendarYear": "1987", "period": "FY", "revenue": 6870900000, "costOfRevenue": 5755000000, "grossProfit": 1115900000, "grossProfitRatio": 0.1624095824, "researchAndDevelopmentExpenses": 0, "generalAndAdministrativeExpenses": 711600000, "sellingAndMarketingExpenses": 0, "sellingGeneralAndAdministrativeExpenses": 711600000, "otherExpenses": 258100000, "operatingExpenses": 969700000, "costAndExpenses": 6724700000, "interestIncome": 0, "interestExpense": 0, "depreciationAndAmortization": 258100000, "ebitda": 290900000, "ebitdaratio": 0.0423379761, "operatingIncome": 146200000, "operatingIncomeRatio": 0.0212781441, "totalOtherIncomeExpensesNet": 113400000, "incomeBeforeTax": 207700000, "incomeBeforeTaxRatio": 0.0302289365, "incomeTaxExpense": 74300000, "netIncome": 133400000, "netIncomeRatio": 0.0194152149, "eps": 1.07, "epsdiluted": 1.07, "weightedAverageShsOut": 62054000, "weightedAverageShsOutDil": 62054000, "link": "", "finalLink": "", "calculatedOtherExpenses": 258100000, "calculatedOperatingExpenses": 969700000, "calculatedNetInterest": 0, "calculatedOtherIncome": 61500000, "calculatedIncomeNonControlling": 0, "calculatedEbitda": 404300000}, {"date": "1986-09-30", "symbol": "ASH", "reportedCurrency": "USD", "cik": "0001674862", "fillingDate": "1986-09-30", "acceptedDate": "1986-09-29 20:00:00", "calendarYear": "1986", "period": "FY", "revenue": 6991300000, "costOfRevenue": 5713700000, "grossProfit": 1277600000, "grossProfitRatio": 0.1827414072, "researchAndDevelopmentExpenses": 0, "generalAndAdministrativeExpenses": 655000000, "sellingAndMarketingExpenses": 0, "sellingGeneralAndAdministrativeExpenses": 655000000, "otherExpenses": 240700000, "operatingExpenses": 895700000, "costAndExpenses": 6609400000, "interestIncome": 0, "interestExpense": 0, "depreciationAndAmortization": 240700000, "ebitda": 570600000, "ebitdaratio": 0.0816157224, "operatingIncome": 381900000, "operatingIncomeRatio": 0.054625034, "totalOtherIncomeExpensesNet": 52000000, "incomeBeforeTax": 372400000, "incomeBeforeTaxRatio": 0.0532662023, "incomeTaxExpense": 163800000, "netIncome": 208600000, "netIncomeRatio": 0.0298370832, "eps": 1.54, "epsdiluted": 1.54, "weightedAverageShsOut": 65082000, "weightedAverageShsOutDil": 65082000, "link": "", "finalLink": "", "calculatedOtherExpenses": 240700000, "calculatedOperatingExpenses": 895700000, "calculatedNetInterest": 0, "calculatedOtherIncome": -9500000, "calculatedIncomeNonControlling": 0, "calculatedEbitda": 622600000}, {"date": "1985-09-30", "symbol": "ASH", "reportedCurrency": "USD", "cik": "0001674862", "fillingDate": "1985-09-30", "acceptedDate": "1985-09-29 20:00:00", "calendarYear": "1985", "period": "FY", "revenue": 7891200000, "costOfRevenue": 6738800000, "grossProfit": 1152400000, "grossProfitRatio": 0.1460360908, "researchAndDevelopmentExpenses": 0, "generalAndAdministrativeExpenses": 606800000, "sellingAndMarketingExpenses": 0, "sellingGeneralAndAdministrativeExpenses": 606800000, "otherExpenses": 247800000, "operatingExpenses": 854600000, "costAndExpenses": 7593400000, "interestIncome": 0, "interestExpense": 0, "depreciationAndAmortization": 209100000, "ebitda": 518600000, "ebitdaratio": 0.0657187753, "operatingIncome": 297800000, "operatingIncomeRatio": 0.0377382401, "totalOtherIncomeExpensesNet": -11700000, "incomeBeforeTax": 218700000, "incomeBeforeTaxRatio": 0.0277144161, "incomeTaxExpense": 72000000, "netIncome": 146700000, "netIncomeRatio": 0.0185903285, "eps": 1.03, "epsdiluted": 1.03, "weightedAverageShsOut": 56774000, "weightedAverageShsOutDil": 56774000, "link": "", "finalLink": "", "calculatedOtherExpenses": 247800000, "calculatedOperatingExpenses": 854600000, "calculatedNetInterest": 0, "calculatedOtherIncome": -79100000, "calculatedIncomeNonControlling": 0, "calculatedEbitda": 506900000}]}