{"originalCurrency": "USD", "convertedCurrency": "USD", "report": [{"date": "2023-12-31", "symbol": "ASPN", "reportedCurrency": "USD", "cik": "0001145986", "fillingDate": "2024-03-07", "acceptedDate": "2024-03-07 17:03:00", "calendarYear": "2023", "period": "FY", "revenue": 238718000, "costOfRevenue": 181797000, "grossProfit": 56921000, "grossProfitRatio": 0.2384445245, "researchAndDevelopmentExpenses": 16356000, "generalAndAdministrativeExpenses": 56760000, "sellingAndMarketingExpenses": 33008000, "sellingGeneralAndAdministrativeExpenses": 89768000, "otherExpenses": 2186000, "operatingExpenses": 106124000, "costAndExpenses": 287921000, "interestIncome": 6534000, "interestExpense": 5328000, "depreciationAndAmortization": 18177000, "ebitda": -31026000, "ebitdaratio": -0.1299692524, "operatingIncome": -49203000, "operatingIncomeRatio": -0.2061134896, "totalOtherIncomeExpensesNet": 3392000, "incomeBeforeTax": -45811000, "incomeBeforeTaxRatio": -0.1919042552, "incomeTaxExpense": 0, "netIncome": -45811000, "netIncomeRatio": -0.1919042552, "eps": -0.66, "epsdiluted": -0.66, "weightedAverageShsOut": 69439034, "weightedAverageShsOutDil": 69439034, "link": "https://www.sec.gov/Archives/edgar/data/1145986/000095017024028127/0000950170-24-028127-index.htm", "finalLink": "https://www.sec.gov/Archives/edgar/data/1145986/000095017024028127/aspn-20231231.htm", "calculatedOtherExpenses": 0, "calculatedOperatingExpenses": 106124000, "calculatedNetInterest": 1206000, "calculatedOtherIncome": 2186000, "calculatedIncomeNonControlling": 0, "calculatedEbitda": -31026000}, {"date": "2022-12-31", "symbol": "ASPN", "reportedCurrency": "USD", "cik": "0001145986", "fillingDate": "2023-03-16", "acceptedDate": "2023-03-16 16:16:54", "calendarYear": "2022", "period": "FY", "revenue": 180364000, "costOfRevenue": 175388000, "grossProfit": 4976000, "grossProfitRatio": 0.0275886541, "researchAndDevelopmentExpenses": 16930000, "generalAndAdministrativeExpenses": 38499000, "sellingAndMarketingExpenses": 28792000, "sellingGeneralAndAdministrativeExpenses": 67291000, "otherExpenses": 0, "operatingExpenses": 84221000, "costAndExpenses": 259609000, "interestIncome": 1617000, "interestExpense": 5110000, "depreciationAndAmortization": 1617000, "ebitda": -77628000, "ebitdaratio": -0.4303963097, "operatingIncome": -79245000, "operatingIncomeRatio": -0.4393615134, "totalOtherIncomeExpensesNet": -3493000, "incomeBeforeTax": -82738000, "incomeBeforeTaxRatio": -0.4587279058, "incomeTaxExpense": 3493000, "netIncome": -86231000, "netIncomeRatio": -0.4780942982, "eps": -2.19, "epsdiluted": -2.19, "weightedAverageShsOut": 39363114, "weightedAverageShsOutDil": 39363114, "link": "https://www.sec.gov/Archives/edgar/data/1145986/000095017023008476/0000950170-23-008476-index.htm", "finalLink": "https://www.sec.gov/Archives/edgar/data/1145986/000095017023008476/aspn-20221231.htm", "calculatedOtherExpenses": 0, "calculatedOperatingExpenses": 84221000, "calculatedNetInterest": -3493000, "calculatedOtherIncome": 0, "calculatedIncomeNonControlling": 0, "calculatedEbitda": -77628000}, {"date": "2021-12-31", "symbol": "ASPN", "reportedCurrency": "USD", "cik": "0001145986", "fillingDate": "2022-03-01", "acceptedDate": "2022-02-28 20:19:26", "calendarYear": "2021", "period": "FY", "revenue": 121622000, "costOfRevenue": 111685000, "grossProfit": 9937000, "grossProfitRatio": 0.081703968, "researchAndDevelopmentExpenses": 11441000, "generalAndAdministrativeExpenses": 22514000, "sellingAndMarketingExpenses": 16581000, "sellingGeneralAndAdministrativeExpenses": 39095000, "otherExpenses": 0, "operatingExpenses": 50536000, "costAndExpenses": 162221000, "interestIncome": 229000, "interestExpense": 229000, "depreciationAndAmortization": 9440000, "ebitda": -40599000, "ebitdaratio": -0.3338129615, "operatingIncome": -40599000, "operatingIncomeRatio": -0.3338129615, "totalOtherIncomeExpensesNet": 3505000, "incomeBeforeTax": -37094000, "incomeBeforeTaxRatio": -0.3049941622, "incomeTaxExpense": -9211000, "netIncome": -27883000, "netIncomeRatio": -0.229259509, "eps": -0.92, "epsdiluted": -0.92, "weightedAverageShsOut": 30433154, "weightedAverageShsOutDil": 30433154, "link": "https://www.sec.gov/Archives/edgar/data/1145986/000156459022007814/0001564590-22-007814-index.htm", "finalLink": "https://www.sec.gov/Archives/edgar/data/1145986/000156459022007814/aspn-10k_20211231.htm", "calculatedOtherExpenses": 0, "calculatedOperatingExpenses": 50536000, "calculatedNetInterest": 0, "calculatedOtherIncome": 3505000, "calculatedIncomeNonControlling": 0, "calculatedEbitda": -31159000}, {"date": "2020-12-31", "symbol": "ASPN", "reportedCurrency": "USD", "cik": "0001145986", "fillingDate": "2021-03-12", "acceptedDate": "2021-03-12 17:25:19", "calendarYear": "2020", "period": "FY", "revenue": 100273000, "costOfRevenue": 85679000, "grossProfit": 14594000, "grossProfitRatio": 0.1455426685, "researchAndDevelopmentExpenses": 8729000, "generalAndAdministrativeExpenses": 15681000, "sellingAndMarketingExpenses": 11753000, "sellingGeneralAndAdministrativeExpenses": 27434000, "otherExpenses": 0, "operatingExpenses": 36163000, "costAndExpenses": 121842000, "interestIncome": 240000, "interestExpense": 240000, "depreciationAndAmortization": 10198000, "ebitda": -21569000, "ebitdaratio": -0.2151027694, "operatingIncome": -21569000, "operatingIncomeRatio": -0.2151027694, "totalOtherIncomeExpensesNet": -240000, "incomeBeforeTax": -21809000, "incomeBeforeTaxRatio": -0.2174962353, "incomeTaxExpense": -9958000, "netIncome": -11851000, "netIncomeRatio": -0.1181873485, "eps": -0.45, "epsdiluted": -0.45, "weightedAverageShsOut": 26377652, "weightedAverageShsOutDil": 26377652, "link": "https://www.sec.gov/Archives/edgar/data/1145986/000156459021012925/0001564590-21-012925-index.htm", "finalLink": "https://www.sec.gov/Archives/edgar/data/1145986/000156459021012925/aspn-10k_20201231.htm", "calculatedOtherExpenses": 0, "calculatedOperatingExpenses": 36163000, "calculatedNetInterest": 0, "calculatedOtherIncome": -240000, "calculatedIncomeNonControlling": 0, "calculatedEbitda": -11371000}, {"date": "2019-12-31", "symbol": "ASPN", "reportedCurrency": "USD", "cik": "0001145986", "fillingDate": "2020-03-06", "acceptedDate": "2020-03-06 16:31:49", "calendarYear": "2019", "period": "FY", "revenue": 139375000, "costOfRevenue": 113091000, "grossProfit": 26284000, "grossProfitRatio": 0.1885847534, "researchAndDevelopmentExpenses": 8407000, "generalAndAdministrativeExpenses": 16479000, "sellingAndMarketingExpenses": 15557000, "sellingGeneralAndAdministrativeExpenses": 32036000, "otherExpenses": 0, "operatingExpenses": 40443000, "costAndExpenses": 153534000, "interestIncome": 406000, "interestExpense": 406000, "depreciationAndAmortization": 10213000, "ebitda": -14159000, "ebitdaratio": -0.1015892377, "operatingIncome": -14159000, "operatingIncomeRatio": -0.1015892377, "totalOtherIncomeExpensesNet": -406000, "incomeBeforeTax": -14565000, "incomeBeforeTaxRatio": -0.1045022422, "incomeTaxExpense": -9807000, "netIncome": -4758000, "netIncomeRatio": -0.0341381166, "eps": -0.2, "epsdiluted": -0.2, "weightedAverageShsOut": 24099438, "weightedAverageShsOutDil": 24099438, "link": "https://www.sec.gov/Archives/edgar/data/1145986/000156459020009181/0001564590-20-009181-index.htm", "finalLink": "https://www.sec.gov/Archives/edgar/data/1145986/000156459020009181/aspn-10k_20191231.htm", "calculatedOtherExpenses": 0, "calculatedOperatingExpenses": 40443000, "calculatedNetInterest": 0, "calculatedOtherIncome": -406000, "calculatedIncomeNonControlling": 0, "calculatedEbitda": -3946000}, {"date": "2018-12-31", "symbol": "ASPN", "reportedCurrency": "USD", "cik": "0001145986", "fillingDate": "2019-03-08", "acceptedDate": "2019-03-08 06:31:41", "calendarYear": "2018", "period": "FY", "revenue": 104361000, "costOfRevenue": 91692000, "grossProfit": 12669000, "grossProfitRatio": 0.1213959238, "researchAndDevelopmentExpenses": 6319000, "generalAndAdministrativeExpenses": 19116000, "sellingAndMarketingExpenses": 13794000, "sellingGeneralAndAdministrativeExpenses": 32910000, "otherExpenses": 7356000, "operatingExpenses": 39229000, "costAndExpenses": 130921000, "interestIncome": 0, "interestExpense": 524000, "depreciationAndAmortization": 10787000, "ebitda": -26560000, "ebitdaratio": -0.2545012026, "operatingIncome": -33916000, "operatingIncomeRatio": -0.3249873037, "totalOtherIncomeExpensesNet": -7356000, "incomeBeforeTax": -34440000, "incomeBeforeTaxRatio": -0.3300083364, "incomeTaxExpense": -10263000, "netIncome": -34440000, "netIncomeRatio": -0.3300083364, "eps": -1.45, "epsdiluted": -1.45, "weightedAverageShsOut": 23738852, "weightedAverageShsOutDil": 23738852, "link": "https://www.sec.gov/Archives/edgar/data/1145986/000156459019006884/0001564590-19-006884-index.htm", "finalLink": "https://www.sec.gov/Archives/edgar/data/1145986/000156459019006884/aspn-10k_20181231.htm", "calculatedOtherExpenses": 7356000, "calculatedOperatingExpenses": 46585000, "calculatedNetInterest": -524000, "calculatedOtherIncome": 0, "calculatedIncomeNonControlling": 10263000, "calculatedEbitda": -23129000}, {"date": "2017-12-31", "symbol": "ASPN", "reportedCurrency": "USD", "cik": "0001145986", "fillingDate": "2018-03-01", "acceptedDate": "2018-03-01 16:16:52", "calendarYear": "2017", "period": "FY", "revenue": 111631000, "costOfRevenue": 92960000, "grossProfit": 18671000, "grossProfitRatio": 0.1672564073, "researchAndDevelopmentExpenses": 6180000, "generalAndAdministrativeExpenses": 19023000, "sellingAndMarketingExpenses": 12604000, "sellingGeneralAndAdministrativeExpenses": 31627000, "otherExpenses": 0, "operatingExpenses": 37807000, "costAndExpenses": 130767000, "interestIncome": 0, "interestExpense": 185000, "depreciationAndAmortization": 10753000, "ebitda": -19136000, "ebitdaratio": -0.1714219169, "operatingIncome": -19136000, "operatingIncomeRatio": -0.1714219169, "totalOtherIncomeExpensesNet": -185000, "incomeBeforeTax": -19321000, "incomeBeforeTaxRatio": -0.1730791626, "incomeTaxExpense": -10753000, "netIncome": -19321000, "netIncomeRatio": -0.1730791626, "eps": -0.83, "epsdiluted": -0.83, "weightedAverageShsOut": 23390235, "weightedAverageShsOutDil": 23390235, "link": "https://www.sec.gov/Archives/edgar/data/1145986/000156459018004115/0001564590-18-004115-index.htm", "finalLink": "https://www.sec.gov/Archives/edgar/data/1145986/000156459018004115/aspn-10k_20171231.htm", "calculatedOtherExpenses": 0, "calculatedOperatingExpenses": 37807000, "calculatedNetInterest": -185000, "calculatedOtherIncome": 0, "calculatedIncomeNonControlling": 10753000, "calculatedEbitda": -8383000}, {"date": "2016-12-31", "symbol": "ASPN", "reportedCurrency": "USD", "cik": "0001145986", "fillingDate": "2017-03-02", "acceptedDate": "2017-03-02 06:05:05", "calendarYear": "2016", "period": "FY", "revenue": 117738000, "costOfRevenue": 94427000, "grossProfit": 23311000, "grossProfitRatio": 0.1979904534, "researchAndDevelopmentExpenses": 5306000, "generalAndAdministrativeExpenses": 17415000, "sellingAndMarketingExpenses": 11810000, "sellingGeneralAndAdministrativeExpenses": 29225000, "otherExpenses": 0, "operatingExpenses": 34531000, "costAndExpenses": 128958000, "interestIncome": 0, "interestExpense": 147000, "depreciationAndAmortization": 9853000, "ebitda": -11876000, "ebitdaratio": -0.100868029, "operatingIncome": -11220000, "operatingIncomeRatio": -0.0952963359, "totalOtherIncomeExpensesNet": -803000, "incomeBeforeTax": -12023000, "incomeBeforeTaxRatio": -0.1021165639, "incomeTaxExpense": -10509000, "netIncome": -12023000, "netIncomeRatio": -0.1021165639, "eps": -0.52, "epsdiluted": -0.52, "weightedAverageShsOut": 23139807, "weightedAverageShsOutDil": 23139807, "link": "https://www.sec.gov/Archives/edgar/data/1145986/000156459017003151/0001564590-17-003151-index.htm", "finalLink": "https://www.sec.gov/Archives/edgar/data/1145986/000156459017003151/aspn-10k_20161231.htm", "calculatedOtherExpenses": 0, "calculatedOperatingExpenses": 34531000, "calculatedNetInterest": -147000, "calculatedOtherIncome": -656000, "calculatedIncomeNonControlling": 10509000, "calculatedEbitda": -1367000}, {"date": "2015-12-31", "symbol": "ASPN", "reportedCurrency": "USD", "cik": "0001145986", "fillingDate": "2016-03-04", "acceptedDate": "2016-03-04 16:06:41", "calendarYear": "2015", "period": "FY", "revenue": 122518000, "costOfRevenue": 97870000, "grossProfit": 24648000, "grossProfitRatio": 0.2011786023, "researchAndDevelopmentExpenses": 5253000, "generalAndAdministrativeExpenses": 15068000, "sellingAndMarketingExpenses": 10562000, "sellingGeneralAndAdministrativeExpenses": 25630000, "otherExpenses": 0, "operatingExpenses": 30883000, "costAndExpenses": 128753000, "interestIncome": 0, "interestExpense": 182000, "depreciationAndAmortization": 9887000, "ebitda": -6235000, "ebitdaratio": -0.0508904814, "operatingIncome": -6235000, "operatingIncomeRatio": -0.0508904814, "totalOtherIncomeExpensesNet": -182000, "incomeBeforeTax": -6417000, "incomeBeforeTaxRatio": -0.0523759774, "incomeTaxExpense": -9887000, "netIncome": -6417000, "netIncomeRatio": -0.0523759774, "eps": -0.28, "epsdiluted": -0.28, "weightedAverageShsOut": 22917857, "weightedAverageShsOutDil": 22986931, "link": "https://www.sec.gov/Archives/edgar/data/1145986/000119312516493372/0001193125-16-493372-index.htm", "finalLink": "https://www.sec.gov/Archives/edgar/data/1145986/000119312516493372/d107637d10k.htm", "calculatedOtherExpenses": 0, "calculatedOperatingExpenses": 30883000, "calculatedNetInterest": -182000, "calculatedOtherIncome": 0, "calculatedIncomeNonControlling": 9887000, "calculatedEbitda": 3652000}, {"date": "2014-12-31", "symbol": "ASPN", "reportedCurrency": "USD", "cik": "0001145986", "fillingDate": "2015-03-13", "acceptedDate": "2015-03-13 16:05:31", "calendarYear": "2014", "period": "FY", "revenue": 102399000, "costOfRevenue": 85319000, "grossProfit": 17080000, "grossProfitRatio": 0.1667985039, "researchAndDevelopmentExpenses": 5980000, "generalAndAdministrativeExpenses": 16853000, "sellingAndMarketingExpenses": 10290000, "sellingGeneralAndAdministrativeExpenses": 27143000, "otherExpenses": 0, "operatingExpenses": 33123000, "costAndExpenses": 118442000, "interestIncome": 0, "interestExpense": 50281000, "depreciationAndAmortization": 10183000, "ebitda": -16043000, "ebitdaratio": -0.1566714519, "operatingIncome": -16043000, "operatingIncomeRatio": -0.1566714519, "totalOtherIncomeExpensesNet": -50281000, "incomeBeforeTax": -66324000, "incomeBeforeTaxRatio": -0.6477016377, "incomeTaxExpense": -10183000, "netIncome": -66324000, "netIncomeRatio": -0.6477016377, "eps": -5.37, "epsdiluted": -5.37, "weightedAverageShsOut": 12349456, "weightedAverageShsOutDil": 12349456, "link": "https://www.sec.gov/Archives/edgar/data/1145986/000119312515091170/0001193125-15-091170-index.htm", "finalLink": "https://www.sec.gov/Archives/edgar/data/1145986/000119312515091170/d842948d10k.htm", "calculatedOtherExpenses": 0, "calculatedOperatingExpenses": 33123000, "calculatedNetInterest": -50281000, "calculatedOtherIncome": 0, "calculatedIncomeNonControlling": 10183000, "calculatedEbitda": -5860000}, {"date": "2013-12-31", "symbol": "ASPN", "reportedCurrency": "USD", "cik": "0001145986", "fillingDate": "2013-12-31", "acceptedDate": "2013-12-30 19:00:00", "calendarYear": "2013", "period": "FY", "revenue": 86094000, "costOfRevenue": 75363000, "grossProfit": 10731000, "grossProfitRatio": 0.1246428323, "researchAndDevelopmentExpenses": 5159000, "generalAndAdministrativeExpenses": 13418000, "sellingAndMarketingExpenses": 9271000, "sellingGeneralAndAdministrativeExpenses": 22689000, "otherExpenses": -5697000, "operatingExpenses": 27848000, "costAndExpenses": 103211000, "interestIncome": 0, "interestExpense": 30014000, "depreciationAndAmortization": 10061000, "ebitda": -12994000, "ebitdaratio": -0.1509280554, "operatingIncome": -19972000, "operatingIncomeRatio": -0.2319789997, "totalOtherIncomeExpensesNet": -239000, "incomeBeforeTax": -47611000, "incomeBeforeTaxRatio": -0.5530118243, "incomeTaxExpense": 24317000, "netIncome": -47611000, "netIncomeRatio": -0.5530118243, "eps": -2.07, "epsdiluted": -2.07, "weightedAverageShsOut": 23000000, "weightedAverageShsOutDil": 23000000, "link": "", "finalLink": "", "calculatedOtherExpenses": 2855000, "calculatedOperatingExpenses": 30703000, "calculatedNetInterest": -30014000, "calculatedOtherIncome": 2375000, "calculatedIncomeNonControlling": -24317000, "calculatedEbitda": -9911000}, {"date": "2012-12-31", "symbol": "ASPN", "reportedCurrency": "USD", "cik": "0001145986", "fillingDate": "2012-12-31", "acceptedDate": "2012-12-30 19:00:00", "calendarYear": "2012", "period": "FY", "revenue": 63453000, "costOfRevenue": 71421000, "grossProfit": -7968000, "grossProfitRatio": -0.1255732589, "researchAndDevelopmentExpenses": 5142000, "generalAndAdministrativeExpenses": 11299000, "sellingAndMarketingExpenses": 8564000, "sellingGeneralAndAdministrativeExpenses": 19863000, "otherExpenses": 0, "operatingExpenses": 25005000, "costAndExpenses": 96426000, "interestIncome": 0, "interestExpense": 21790000, "depreciationAndAmortization": 9684000, "ebitda": -23289000, "ebitdaratio": -0.3670275637, "operatingIncome": -32973000, "operatingIncomeRatio": -0.5196444613, "totalOtherIncomeExpensesNet": -1379000, "incomeBeforeTax": -56142000, "incomeBeforeTaxRatio": -0.8847808614, "incomeTaxExpense": 21790000, "netIncome": -56142000, "netIncomeRatio": -0.8847808614, "eps": -3.64, "epsdiluted": -3.64, "weightedAverageShsOut": 15438200, "weightedAverageShsOutDil": 15438200, "link": "", "finalLink": "", "calculatedOtherExpenses": 0, "calculatedOperatingExpenses": 25005000, "calculatedNetInterest": -21790000, "calculatedOtherIncome": -1379000, "calculatedIncomeNonControlling": -21790000, "calculatedEbitda": -23289000}, {"date": "2011-12-31", "symbol": "ASPN", "reportedCurrency": "USD", "cik": "0001145986", "fillingDate": "2011-12-31", "acceptedDate": "2011-12-30 19:00:00", "calendarYear": "2011", "period": "FY", "revenue": 45950000, "costOfRevenue": 48576000, "grossProfit": -2626000, "grossProfitRatio": -0.0571490751, "researchAndDevelopmentExpenses": 4085000, "generalAndAdministrativeExpenses": 8914000, "sellingAndMarketingExpenses": 5565000, "sellingGeneralAndAdministrativeExpenses": 14479000, "otherExpenses": 0, "operatingExpenses": 18564000, "costAndExpenses": 67140000, "interestIncome": 0, "interestExpense": 7575000, "depreciationAndAmortization": 7521000, "ebitda": -17736000, "ebitdaratio": -0.3859847661, "operatingIncome": -20567000, "operatingIncomeRatio": -0.4475952122, "totalOtherIncomeExpensesNet": -12265000, "incomeBeforeTax": -32832000, "incomeBeforeTaxRatio": -0.714515778, "incomeTaxExpense": -4690000, "netIncome": -32832000, "netIncomeRatio": -0.714515778, "eps": -2.13, "epsdiluted": -2.13, "weightedAverageShsOut": 15438200, "weightedAverageShsOutDil": 15438200, "link": "", "finalLink": "", "calculatedOtherExpenses": -623000, "calculatedOperatingExpenses": 17941000, "calculatedNetInterest": -7575000, "calculatedOtherIncome": -4690000, "calculatedIncomeNonControlling": 4690000, "calculatedEbitda": -13046000}, {"date": "2010-12-31", "symbol": "ASPN", "reportedCurrency": "USD", "cik": "0001145986", "fillingDate": "2010-12-31", "acceptedDate": "2010-12-30 19:00:00", "calendarYear": "2010", "period": "FY", "revenue": 43209000, "costOfRevenue": 37518000, "grossProfit": 5691000, "grossProfitRatio": 0.1317086718, "researchAndDevelopmentExpenses": 2985000, "generalAndAdministrativeExpenses": 5675000, "sellingAndMarketingExpenses": 4526000, "sellingGeneralAndAdministrativeExpenses": 10201000, "otherExpenses": 0, "operatingExpenses": 13186000, "costAndExpenses": 50704000, "interestIncome": 170000, "interestExpense": 2585000, "depreciationAndAmortization": 4633000, "ebitda": -2862000, "ebitdaratio": -0.0662362008, "operatingIncome": -7495000, "operatingIncomeRatio": -0.173459233, "totalOtherIncomeExpensesNet": 0, "incomeBeforeTax": 0, "incomeBeforeTaxRatio": 0, "incomeTaxExpense": 2415000, "netIncome": -9910000, "netIncomeRatio": -0.2293503668, "eps": -0.64, "epsdiluted": -0.64, "weightedAverageShsOut": 15438200, "weightedAverageShsOutDil": 15438200, "link": "", "finalLink": "", "calculatedOtherExpenses": 0, "calculatedOperatingExpenses": 13186000, "calculatedNetInterest": -2415000, "calculatedOtherIncome": 9910000, "calculatedIncomeNonControlling": 7495000, "calculatedEbitda": -2862000}, {"date": "2009-12-31", "symbol": "ASPN", "reportedCurrency": "USD", "cik": "0001145986", "fillingDate": "2009-12-31", "acceptedDate": "2009-12-30 19:00:00", "calendarYear": "2009", "period": "FY", "revenue": 28616000, "costOfRevenue": 32250000, "grossProfit": -3634000, "grossProfitRatio": -0.1269918926, "researchAndDevelopmentExpenses": 2524000, "generalAndAdministrativeExpenses": 5430000, "sellingAndMarketingExpenses": 3994000, "sellingGeneralAndAdministrativeExpenses": 9424000, "otherExpenses": 0, "operatingExpenses": 11948000, "costAndExpenses": 44198000, "interestIncome": 18000, "interestExpense": 3075000, "depreciationAndAmortization": 5630000, "ebitda": -9952000, "ebitdaratio": -0.3477774672, "operatingIncome": -15582000, "operatingIncomeRatio": -0.5445205479, "totalOtherIncomeExpensesNet": 0, "incomeBeforeTax": 0, "incomeBeforeTaxRatio": 0, "incomeTaxExpense": 3057000, "netIncome": -18639000, "netIncomeRatio": -0.6513488957, "eps": -1.21, "epsdiluted": -1.21, "weightedAverageShsOut": 15438200, "weightedAverageShsOutDil": 15438200, "link": "", "finalLink": "", "calculatedOtherExpenses": 0, "calculatedOperatingExpenses": 11948000, "calculatedNetInterest": -3057000, "calculatedOtherIncome": 18639000, "calculatedIncomeNonControlling": 15582000, "calculatedEbitda": -9952000}, {"date": "2001-12-31", "symbol": "ASPN", "reportedCurrency": "USD", "cik": "0001145986", "fillingDate": "2023-02-15", "acceptedDate": "2023-02-15 16:23:56", "calendarYear": "2001", "period": "FY", "revenue": 121622000, "costOfRevenue": 111685000, "grossProfit": 9937000, "grossProfitRatio": 0.081703968, "researchAndDevelopmentExpenses": 11441000, "generalAndAdministrativeExpenses": 22514000, "sellingAndMarketingExpenses": 16581000, "sellingGeneralAndAdministrativeExpenses": 39095000, "otherExpenses": 0, "operatingExpenses": 50536000, "costAndExpenses": 162221000, "interestIncome": 0, "interestExpense": -229000, "depreciationAndAmortization": 0, "ebitda": -40599000, "ebitdaratio": -0.3338129615, "operatingIncome": -40599000, "operatingIncomeRatio": -0.3338129615, "totalOtherIncomeExpensesNet": 3505000, "incomeBeforeTax": -37094000, "incomeBeforeTaxRatio": -0.3049941622, "incomeTaxExpense": 0, "netIncome": -37094000, "netIncomeRatio": -0.3049941622, "eps": -0.0012, "epsdiluted": -0.0012, "weightedAverageShsOut": 30433154000, "weightedAverageShsOutDil": 30433154000, "link": "https://www.sec.gov/Archives/edgar/data/1145986/000095017023002903/0000950170-23-002903-index.htm", "finalLink": "https://www.sec.gov/Archives/edgar/data/1145986/000095017023002903/aspn-ex99_1.htm", "calculatedOtherExpenses": 0, "calculatedOperatingExpenses": 50536000, "calculatedNetInterest": 229000, "calculatedOtherIncome": 3276000, "calculatedIncomeNonControlling": 0, "calculatedEbitda": -40599000}]}