{"originalCurrency": "MXN", "convertedCurrency": "MXN", "report": [{"date": "2023-12-31", "symbol": "ASR", "reportedCurrency": "MXN", "cik": "0001123452", "fillingDate": "2024-04-15", "acceptedDate": "2024-04-15 16:17:38", "calendarYear": "2023", "period": "FY", "revenue": 25821644000, "costOfRevenue": 10258919000, "grossProfit": 15562725000, "grossProfitRatio": 0.6027007808, "researchAndDevelopmentExpenses": 0, "generalAndAdministrativeExpenses": 319200000, "sellingAndMarketingExpenses": 0, "sellingGeneralAndAdministrativeExpenses": 319200000, "otherExpenses": 0, "operatingExpenses": 319200000, "costAndExpenses": 10578119000, "interestIncome": 1349317000, "interestExpense": 1125862000, "depreciationAndAmortization": 2069157000, "ebitda": 17312682000, "ebitdaratio": 0.6704717174, "operatingIncome": 15243525000, "operatingIncomeRatio": 0.5903390582, "totalOtherIncomeExpensesNet": -613753000, "incomeBeforeTax": 14629772000, "incomeBeforeTaxRatio": 0.5665701223, "incomeTaxExpense": 3944143000, "netIncome": 10203713000, "netIncomeRatio": 0.3951612453, "eps": 34.01, "epsdiluted": 34.01, "weightedAverageShsOut": 300000000, "weightedAverageShsOutDil": 300000000, "link": "https://www.sec.gov/Archives/edgar/data/1123452/000110465924047281/0001104659-24-047281-index.htm", "finalLink": "https://www.sec.gov/Archives/edgar/data/1123452/000110465924047281/asurb-20231231x20f.htm", "calculatedOtherExpenses": 0, "calculatedOperatingExpenses": 319200000, "calculatedNetInterest": 223455000, "calculatedOtherIncome": -837208000, "calculatedIncomeNonControlling": 481916000, "calculatedEbitda": 17312682000}, {"date": "2022-12-31", "symbol": "ASR", "reportedCurrency": "MXN", "cik": "0001123452", "fillingDate": "2023-04-17", "acceptedDate": "2023-04-17 14:30:18", "calendarYear": "2022", "period": "FY", "revenue": 25313882000, "costOfRevenue": 6547710000, "grossProfit": 18766172000, "grossProfitRatio": 0.7413391593, "researchAndDevelopmentExpenses": 0, "generalAndAdministrativeExpenses": 287061000, "sellingAndMarketingExpenses": 0, "sellingGeneralAndAdministrativeExpenses": 287061000, "otherExpenses": 3780962000, "operatingExpenses": 4068023000, "costAndExpenses": 10615733000, "interestIncome": 450261000, "interestExpense": 855518000, "depreciationAndAmortization": 2509498000, "ebitda": 17207647000, "ebitdaratio": 0.6797711627, "operatingIncome": 14698149000, "operatingIncomeRatio": 0.5806359135, "totalOtherIncomeExpensesNet": -613416000, "incomeBeforeTax": 14084733000, "incomeBeforeTaxRatio": 0.556403518, "incomeTaxExpense": 3438809000, "netIncome": 9986548000, "netIncomeRatio": 0.3945087522, "eps": 33.29, "epsdiluted": 33.29, "weightedAverageShsOut": 300000000, "weightedAverageShsOutDil": 300000000, "link": "https://www.sec.gov/Archives/edgar/data/1123452/000110465923046098/0001104659-23-046098-index.htm", "finalLink": "https://www.sec.gov/Archives/edgar/data/1123452/000110465923046098/asurb-20211231x20f.htm", "calculatedOtherExpenses": 3780962000, "calculatedOperatingExpenses": 4068023000, "calculatedNetInterest": -405257000, "calculatedOtherIncome": -208159000, "calculatedIncomeNonControlling": 659376000, "calculatedEbitda": 17207647000}, {"date": "2021-12-31", "symbol": "ASR", "reportedCurrency": "MXN", "cik": "0001123452", "fillingDate": "2022-04-08", "acceptedDate": "2022-04-08 17:15:51", "calendarYear": "2021", "period": "FY", "revenue": 18784661000, "costOfRevenue": 6527886000, "grossProfit": 12256775000, "grossProfitRatio": 0.6524884852, "researchAndDevelopmentExpenses": 0, "generalAndAdministrativeExpenses": 1605759000, "sellingAndMarketingExpenses": 0, "sellingGeneralAndAdministrativeExpenses": 1605759000, "otherExpenses": 1993342000, "operatingExpenses": 3599101000, "costAndExpenses": 10126987000, "interestIncome": 202146000, "interestExpense": 842386000, "depreciationAndAmortization": 2195488000, "ebitda": 10853162000, "ebitdaratio": 0.5777672538, "operatingIncome": 8657674000, "operatingIncomeRatio": 0.4608906171, "totalOtherIncomeExpensesNet": -531639000, "incomeBeforeTax": 8126035000, "incomeBeforeTaxRatio": 0.4325888553, "incomeTaxExpense": 1728507000, "netIncome": 5983747000, "netIncomeRatio": 0.3185443166, "eps": 19.95, "epsdiluted": 19.95, "weightedAverageShsOut": 300000000, "weightedAverageShsOutDil": 300000000, "link": "https://www.sec.gov/Archives/edgar/data/1123452/000110465922044335/0001104659-22-044335-index.htm", "finalLink": "https://www.sec.gov/Archives/edgar/data/1123452/000110465922044335/asurb-20211231x20f.htm", "calculatedOtherExpenses": 1993342000, "calculatedOperatingExpenses": 3599101000, "calculatedNetInterest": -640240000, "calculatedOtherIncome": 108601000, "calculatedIncomeNonControlling": 413781000, "calculatedEbitda": 10853162000}, {"date": "2020-12-31", "symbol": "ASR", "reportedCurrency": "MXN", "cik": "0001123452", "fillingDate": "2021-04-12", "acceptedDate": "2021-04-12 17:01:12", "calendarYear": "2020", "period": "FY", "revenue": 12624731000, "costOfRevenue": 6625659000, "grossProfit": 5999072000, "grossProfitRatio": 0.4751841445, "researchAndDevelopmentExpenses": 0, "generalAndAdministrativeExpenses": 947011000, "sellingAndMarketingExpenses": 0, "sellingGeneralAndAdministrativeExpenses": 947011000, "otherExpenses": 1775885000, "operatingExpenses": 2722896000, "costAndExpenses": 9348555000, "interestIncome": 262370000, "interestExpense": 926312000, "depreciationAndAmortization": 2195518000, "ebitda": 5471694000, "ebitdaratio": 0.4334107396, "operatingIncome": 3276176000, "operatingIncomeRatio": 0.2595046184, "totalOtherIncomeExpensesNet": -420484000, "incomeBeforeTax": 2855692000, "incomeBeforeTaxRatio": 0.2261982453, "incomeTaxExpense": 729155000, "netIncome": 1972319000, "netIncomeRatio": 0.1562266158, "eps": 6.57, "epsdiluted": 6.57, "weightedAverageShsOut": 300000000, "weightedAverageShsOutDil": 300000000, "link": "https://www.sec.gov/Archives/edgar/data/1123452/000110465921049375/0001104659-21-049375-index.htm", "finalLink": "https://www.sec.gov/Archives/edgar/data/1123452/000110465921049375/tm2037704d1_20f.htm", "calculatedOtherExpenses": 1775885000, "calculatedOperatingExpenses": 2722896000, "calculatedNetInterest": -663942000, "calculatedOtherIncome": 243458000, "calculatedIncomeNonControlling": 154218000, "calculatedEbitda": 5471694000}, {"date": "2019-12-31", "symbol": "ASR", "reportedCurrency": "MXN", "cik": "0001123452", "fillingDate": "2020-04-09", "acceptedDate": "2020-04-09 17:23:29", "calendarYear": "2019", "period": "FY", "revenue": 16821638000, "costOfRevenue": 5061064000, "grossProfit": 11760574000, "grossProfitRatio": 0.6991336991, "researchAndDevelopmentExpenses": 0, "generalAndAdministrativeExpenses": 1647102000, "sellingAndMarketingExpenses": 0, "sellingGeneralAndAdministrativeExpenses": 1647102000, "otherExpenses": 1632178000, "operatingExpenses": 3279280000, "costAndExpenses": 8340344000, "interestIncome": 343613000, "interestExpense": 1084293000, "depreciationAndAmortization": 2180510000, "ebitda": 10661804000, "ebitdaratio": 0.633814852, "operatingIncome": 8481294000, "operatingIncomeRatio": 0.5041895444, "totalOtherIncomeExpensesNet": -819557000, "incomeBeforeTax": 7661737000, "incomeBeforeTaxRatio": 0.4554691404, "incomeTaxExpense": 1978102000, "netIncome": 5465823000, "netIncomeRatio": 0.3249281075, "eps": 18.22, "epsdiluted": 18.22, "weightedAverageShsOut": 300000000, "weightedAverageShsOutDil": 300000000, "link": "https://www.sec.gov/Archives/edgar/data/1123452/000110465920045240/0001104659-20-045240-index.htm", "finalLink": "https://www.sec.gov/Archives/edgar/data/1123452/000110465920045240/tm209243-1_20f.htm", "calculatedOtherExpenses": 1632178000, "calculatedOperatingExpenses": 3279280000, "calculatedNetInterest": -740680000, "calculatedOtherIncome": -78877000, "calculatedIncomeNonControlling": 217812000, "calculatedEbitda": 10661804000}, {"date": "2018-12-31", "symbol": "ASR", "reportedCurrency": "MXN", "cik": "0001123452", "fillingDate": "2019-04-25", "acceptedDate": "2019-04-25 17:18:16", "calendarYear": "2018", "period": "FY", "revenue": 15410241000, "costOfRevenue": 4478566000, "grossProfit": 10931675000, "grossProfitRatio": 0.7093772901, "researchAndDevelopmentExpenses": 0, "generalAndAdministrativeExpenses": 1526602000, "sellingAndMarketingExpenses": 0, "sellingGeneralAndAdministrativeExpenses": 1526602000, "otherExpenses": -134637000, "operatingExpenses": 3152706000, "costAndExpenses": 7631272000, "interestIncome": 280623000, "interestExpense": 1230651000, "depreciationAndAmortization": 1760741000, "ebitda": 9820333000, "ebitdaratio": 0.637260183, "operatingIncome": 7778969000, "operatingIncomeRatio": 0.5047921703, "totalOtherIncomeExpensesNet": 87758000, "incomeBeforeTax": 6916699000, "incomeBeforeTaxRatio": 0.4488378215, "incomeTaxExpense": 1796893000, "netIncome": 4987601000, "netIncomeRatio": 0.3236549643, "eps": 166.25, "epsdiluted": 166.25, "weightedAverageShsOut": 30000066, "weightedAverageShsOutDil": 30000066, "link": "https://www.sec.gov/Archives/edgar/data/1123452/000110465919023740/0001104659-19-023740-index.htm", "finalLink": "https://www.sec.gov/Archives/edgar/data/1123452/000110465919023740/a19-8495_120f.htm", "calculatedOtherExpenses": 1626104000, "calculatedOperatingExpenses": 3152706000, "calculatedNetInterest": -950028000, "calculatedOtherIncome": 87758000, "calculatedIncomeNonControlling": 132205000, "calculatedEbitda": 9539710000}, {"date": "2017-12-31", "symbol": "ASR", "reportedCurrency": "MXN", "cik": "0001123452", "fillingDate": "2018-04-26", "acceptedDate": "2018-04-25 18:08:45", "calendarYear": "2017", "period": "FY", "revenue": 12513893000, "costOfRevenue": 4132250000, "grossProfit": 8381643000, "grossProfitRatio": 0.6697870119, "researchAndDevelopmentExpenses": 0, "generalAndAdministrativeExpenses": 1019600000, "sellingAndMarketingExpenses": 0, "sellingGeneralAndAdministrativeExpenses": 1019600000, "otherExpenses": 0, "operatingExpenses": 6904810000, "costAndExpenses": 11037060000, "interestIncome": 245787000, "interestExpense": 618831000, "depreciationAndAmortization": 5885210000, "ebitda": 7720175000, "ebitdaratio": 0.6169283212, "operatingIncome": 1476833000, "operatingIncomeRatio": 0.1180154729, "totalOtherIncomeExpensesNet": 7282755000, "incomeBeforeTax": 8386544000, "incomeBeforeTaxRatio": 0.6701786566, "incomeTaxExpense": 1636379000, "netIncome": 5834484000, "netIncomeRatio": 0.4662405216, "eps": 194.48, "epsdiluted": 194.48, "weightedAverageShsOut": 29999969, "weightedAverageShsOutDil": 29999969, "link": "https://www.sec.gov/Archives/edgar/data/1123452/000110465918026696/0001104659-18-026696-index.htm", "finalLink": "https://www.sec.gov/Archives/edgar/data/1123452/000110465918026696/a18-9707_120f.htm", "calculatedOtherExpenses": 5885210000, "calculatedOperatingExpenses": 6904810000, "calculatedNetInterest": -373044000, "calculatedOtherIncome": 7282755000, "calculatedIncomeNonControlling": 915681000, "calculatedEbitda": 7362043000}, {"date": "2016-12-31", "symbol": "ASR", "reportedCurrency": "MXN", "cik": "0001123452", "fillingDate": "2017-04-28", "acceptedDate": "2017-04-28 16:06:49", "calendarYear": "2016", "period": "FY", "revenue": 9753491000, "costOfRevenue": 3453340000, "grossProfit": 6300151000, "grossProfitRatio": 0.6459380544, "researchAndDevelopmentExpenses": 0, "generalAndAdministrativeExpenses": 837892000, "sellingAndMarketingExpenses": 0, "sellingGeneralAndAdministrativeExpenses": 837892000, "otherExpenses": 0, "operatingExpenses": 1367552000, "costAndExpenses": 4820892000, "interestIncome": 184569000, "interestExpense": 126186000, "depreciationAndAmortization": 529660000, "ebitda": 5791076000, "ebitdaratio": 0.593743922, "operatingIncome": 4932599000, "operatingIncomeRatio": 0.5057265137, "totalOtherIncomeExpensesNet": 40396000, "incomeBeforeTax": 5031378000, "incomeBeforeTaxRatio": 0.515854067, "incomeTaxExpense": 1402116000, "netIncome": 3629262000, "netIncomeRatio": 0.3720987696, "eps": 120.98, "epsdiluted": 120.98, "weightedAverageShsOut": 30000099, "weightedAverageShsOutDil": 30000099, "link": "https://www.sec.gov/Archives/edgar/data/1123452/000110465917027871/0001104659-17-027871-index.htm", "finalLink": "https://www.sec.gov/Archives/edgar/data/1123452/000110465917027871/a17-11893_120f.htm", "calculatedOtherExpenses": 529660000, "calculatedOperatingExpenses": 1367552000, "calculatedNetInterest": 58383000, "calculatedOtherIncome": 40396000, "calculatedIncomeNonControlling": 0, "calculatedEbitda": 5462259000}, {"date": "2015-12-31", "symbol": "ASR", "reportedCurrency": "MXN", "cik": "0001123452", "fillingDate": "2016-04-15", "acceptedDate": "2016-04-15 14:21:56", "calendarYear": "2015", "period": "FY", "revenue": 8994597000, "costOfRevenue": 4724710000, "grossProfit": 4269887000, "grossProfitRatio": 0.4747168773, "researchAndDevelopmentExpenses": 0, "generalAndAdministrativeExpenses": 196990000, "sellingAndMarketingExpenses": 0, "sellingGeneralAndAdministrativeExpenses": 196990000, "otherExpenses": 0, "operatingExpenses": 196990000, "costAndExpenses": 4921700000, "interestIncome": 155718000, "interestExpense": 97017000, "depreciationAndAmortization": 468996000, "ebitda": 4748534000, "ebitdaratio": 0.527931824, "operatingIncome": 4072897000, "operatingIncomeRatio": 0.4528159516, "totalOtherIncomeExpensesNet": -117741000, "incomeBeforeTax": 4013857000, "incomeBeforeTaxRatio": 0.4462520111, "incomeTaxExpense": 1100122000, "netIncome": 2913735000, "netIncomeRatio": 0.323942807, "eps": 97.1, "epsdiluted": 97.1, "weightedAverageShsOut": 30007570, "weightedAverageShsOutDil": 30007570, "link": "https://www.sec.gov/Archives/edgar/data/1123452/000110465916111773/0001104659-16-111773-index.htm", "finalLink": "https://www.sec.gov/Archives/edgar/data/1123452/000110465916111773/a16-8289_120f.htm", "calculatedOtherExpenses": 0, "calculatedOperatingExpenses": 196990000, "calculatedNetInterest": 58701000, "calculatedOtherIncome": -117741000, "calculatedIncomeNonControlling": 0, "calculatedEbitda": 4541893000}, {"date": "2014-12-31", "symbol": "ASR", "reportedCurrency": "MXN", "cik": "0001123452", "fillingDate": "2015-04-13", "acceptedDate": "2015-04-13 17:02:02", "calendarYear": "2014", "period": "FY", "revenue": 5879163000, "costOfRevenue": 1661149000, "grossProfit": 4218014000, "grossProfitRatio": 0.7174514467, "researchAndDevelopmentExpenses": 0, "generalAndAdministrativeExpenses": 602815000, "sellingAndMarketingExpenses": 0, "sellingGeneralAndAdministrativeExpenses": 602815000, "otherExpenses": 0, "operatingExpenses": 1057080000, "costAndExpenses": 2718229000, "interestIncome": 121369000, "interestExpense": 81814000, "depreciationAndAmortization": 454265000, "ebitda": 3773015000, "ebitdaratio": 0.6417605703, "operatingIncome": 3160934000, "operatingIncomeRatio": 0.5376503424, "totalOtherIncomeExpensesNet": -118084000, "incomeBeforeTax": 3082404000, "incomeBeforeTaxRatio": 0.5242929989, "incomeTaxExpense": 798681000, "netIncome": 2283724000, "netIncomeRatio": 0.3884437291, "eps": 76.12, "epsdiluted": 76.12, "weightedAverageShsOut": 30000053, "weightedAverageShsOutDil": 30000053, "link": "https://www.sec.gov/Archives/edgar/data/1123452/000110465915027282/0001104659-15-027282-index.htm", "finalLink": "https://www.sec.gov/Archives/edgar/data/1123452/000110465915027282/a15-8901_120f.htm", "calculatedOtherExpenses": 454265000, "calculatedOperatingExpenses": 1057080000, "calculatedNetInterest": 39555000, "calculatedOtherIncome": -118085000, "calculatedIncomeNonControlling": -1000, "calculatedEbitda": 3615199000}, {"date": "2013-12-31", "symbol": "ASR", "reportedCurrency": "MXN", "cik": "0001123452", "fillingDate": "2014-04-09", "acceptedDate": "2014-04-09 14:48:22", "calendarYear": "2013", "period": "FY", "revenue": 5446086000, "costOfRevenue": 1581753000, "grossProfit": 3864333000, "grossProfitRatio": 0.7095615089, "researchAndDevelopmentExpenses": 0, "generalAndAdministrativeExpenses": 574950000, "sellingAndMarketingExpenses": 0, "sellingGeneralAndAdministrativeExpenses": 574950000, "otherExpenses": 0, "operatingExpenses": 993223000, "costAndExpenses": 2574976000, "interestIncome": 136043000, "interestExpense": 76291000, "depreciationAndAmortization": 418273000, "ebitda": 3281975000, "ebitdaratio": 0.6026300356, "operatingIncome": 2871110000, "operatingIncomeRatio": 0.5271877822, "totalOtherIncomeExpensesNet": -184562000, "incomeBeforeTax": 2746300000, "incomeBeforeTaxRatio": 0.5042704063, "incomeTaxExpense": 449427000, "netIncome": 2296873000, "netIncomeRatio": 0.4217474715, "eps": 76.56, "epsdiluted": 76.56, "weightedAverageShsOut": 30000170, "weightedAverageShsOutDil": 30000170, "link": "https://www.sec.gov/Archives/edgar/data/1123452/000110465914026675/0001104659-14-026675-index.htm", "finalLink": "https://www.sec.gov/Archives/edgar/data/1123452/000110465914026675/a14-10072_120f.htm", "calculatedOtherExpenses": 418273000, "calculatedOperatingExpenses": 993223000, "calculatedNetInterest": 59752000, "calculatedOtherIncome": -184562000, "calculatedIncomeNonControlling": 0, "calculatedEbitda": 3289383000}, {"date": "2012-12-31", "symbol": "ASR", "reportedCurrency": "MXN", "cik": "0001123452", "fillingDate": "2013-04-12", "acceptedDate": "2013-04-12 14:02:11", "calendarYear": "2012", "period": "FY", "revenue": 5119891000, "costOfRevenue": 1647665000, "grossProfit": 3472226000, "grossProfitRatio": 0.6781835785, "researchAndDevelopmentExpenses": 0, "generalAndAdministrativeExpenses": 540762000, "sellingAndMarketingExpenses": 0, "sellingGeneralAndAdministrativeExpenses": 540762000, "otherExpenses": 0, "operatingExpenses": 942307000, "costAndExpenses": 2589972000, "interestIncome": 92075000, "interestExpense": 22363000, "depreciationAndAmortization": 401545000, "ebitda": 3023539000, "ebitdaratio": 0.5905475331, "operatingIncome": 2529919000, "operatingIncomeRatio": 0.4941353244, "totalOtherIncomeExpensesNet": -14934000, "incomeBeforeTax": 2584697000, "incomeBeforeTaxRatio": 0.5048343803, "incomeTaxExpense": 509369000, "netIncome": 2075328000, "netIncomeRatio": 0.4053461294, "eps": 69.18, "epsdiluted": 69.18, "weightedAverageShsOut": 29999827, "weightedAverageShsOutDil": 29999827, "link": "https://www.sec.gov/Archives/edgar/data/1123452/000110465913028962/0001104659-13-028962-index.htm", "finalLink": "https://www.sec.gov/Archives/edgar/data/1123452/000110465913028962/a13-9876_120f.htm", "calculatedOtherExpenses": 401545000, "calculatedOperatingExpenses": 942307000, "calculatedNetInterest": 69712000, "calculatedOtherIncome": -14934000, "calculatedIncomeNonControlling": 0, "calculatedEbitda": 2931464000}, {"date": "2011-12-31", "symbol": "ASR", "reportedCurrency": "MXN", "cik": "0001123452", "fillingDate": "2012-03-30", "acceptedDate": "2012-03-30 16:44:28", "calendarYear": "2011", "period": "FY", "revenue": 4573306000, "costOfRevenue": 1619285000, "grossProfit": 2954021000, "grossProfitRatio": 0.6459268197, "researchAndDevelopmentExpenses": 0, "generalAndAdministrativeExpenses": 0, "sellingAndMarketingExpenses": 0, "sellingGeneralAndAdministrativeExpenses": 476786000, "otherExpenses": 382740000, "operatingExpenses": 859526000, "costAndExpenses": 2478811000, "interestIncome": 66727000, "interestExpense": 39420000, "depreciationAndAmortization": 382740000, "ebitda": 2476996000, "ebitdaratio": 0.5416204383, "operatingIncome": 2094495000, "operatingIncomeRatio": 0.4579826935, "totalOtherIncomeExpensesNet": 239000, "incomeBeforeTax": 2145426000, "incomeBeforeTaxRatio": 0.4691192761, "incomeTaxExpense": 553070000, "netIncome": 1592356000, "netIncomeRatio": 0.3481848798, "eps": 53.1, "epsdiluted": 53.1, "weightedAverageShsOut": 29987872, "weightedAverageShsOutDil": 29987872, "link": "https://www.sec.gov/Archives/edgar/data/1123452/000110465912022892/0001104659-12-022892-index.htm", "finalLink": "https://www.sec.gov/Archives/edgar/data/1123452/000110465912022892/a12-8449_120f.htm", "calculatedOtherExpenses": 382740000, "calculatedOperatingExpenses": 859526000, "calculatedNetInterest": 27307000, "calculatedOtherIncome": 23624000, "calculatedIncomeNonControlling": 0, "calculatedEbitda": 2477235000}, {"date": "2010-12-31", "symbol": "ASR", "reportedCurrency": "MXN", "cik": "0001123452", "fillingDate": "2011-05-05", "acceptedDate": "2011-05-05 15:50:13", "calendarYear": "2010", "period": "FY", "revenue": 4235472000, "costOfRevenue": 1689966000, "grossProfit": 2545506000, "grossProfitRatio": 0.6009970081, "researchAndDevelopmentExpenses": 0, "generalAndAdministrativeExpenses": 0, "sellingAndMarketingExpenses": 0, "sellingGeneralAndAdministrativeExpenses": 441970000, "otherExpenses": 379210000, "operatingExpenses": 821180000, "costAndExpenses": 2511146000, "interestIncome": 54444000, "interestExpense": 39874000, "depreciationAndAmortization": 379210000, "ebitda": 2104340000, "ebitdaratio": 0.4968371884, "operatingIncome": 1724326000, "operatingIncomeRatio": 0.4071154289, "totalOtherIncomeExpensesNet": -804000, "incomeBeforeTax": 1750141000, "incomeBeforeTaxRatio": 0.4132103813, "incomeTaxExpense": 474998000, "netIncome": 1275143000, "netIncomeRatio": 0.3010627859, "eps": 42.5, "epsdiluted": 42.5, "weightedAverageShsOut": 30003365, "weightedAverageShsOutDil": 30003365, "link": "https://www.sec.gov/Archives/edgar/data/1123452/000095012311045618/0000950123-11-045618-index.htm", "finalLink": "https://www.sec.gov/Archives/edgar/data/1123452/000095012311045618/c16518e20vf.htm", "calculatedOtherExpenses": 379210000, "calculatedOperatingExpenses": 821180000, "calculatedNetInterest": 14570000, "calculatedOtherIncome": 11245000, "calculatedIncomeNonControlling": 0, "calculatedEbitda": 2103536000}, {"date": "2009-12-31", "symbol": "ASR", "reportedCurrency": "MXN", "cik": "0001123452", "fillingDate": "2010-05-28", "acceptedDate": "2010-05-28 17:14:44", "calendarYear": "2009", "period": "FY", "revenue": 3131184000, "costOfRevenue": 788562000, "grossProfit": 2342622000, "grossProfitRatio": 0.7481585241, "researchAndDevelopmentExpenses": 0, "generalAndAdministrativeExpenses": 104019000, "sellingAndMarketingExpenses": 271766000, "sellingGeneralAndAdministrativeExpenses": 375785000, "otherExpenses": 629507000, "operatingExpenses": 1005292000, "costAndExpenses": 1793854000, "interestIncome": 43841000, "interestExpense": 20156000, "depreciationAndAmortization": 629507000, "ebitda": 1966837000, "ebitdaratio": 0.6281448168, "operatingIncome": 1337330000, "operatingIncomeRatio": 0.4271004195, "totalOtherIncomeExpensesNet": 24928000, "incomeBeforeTax": 1342102000, "incomeBeforeTaxRatio": 0.4286244437, "incomeTaxExpense": 544692000, "netIncome": 797410000, "netIncomeRatio": 0.2546672441, "eps": 26.58, "epsdiluted": 26.58, "weightedAverageShsOut": 30000376, "weightedAverageShsOutDil": 30000376, "link": "https://www.sec.gov/Archives/edgar/data/1123452/000095012310054312/0000950123-10-054312-index.htm", "finalLink": "https://www.sec.gov/Archives/edgar/data/1123452/000095012310054312/c01816e20vf.htm", "calculatedOtherExpenses": 629507000, "calculatedOperatingExpenses": 1005292000, "calculatedNetInterest": 23685000, "calculatedOtherIncome": -18913000, "calculatedIncomeNonControlling": 0, "calculatedEbitda": 1966837000}, {"date": "2008-12-31", "symbol": "ASR", "reportedCurrency": "MXN", "cik": "0001123452", "fillingDate": "2009-06-10", "acceptedDate": "2009-06-10 16:42:44", "calendarYear": "2008", "period": "FY", "revenue": 3168707000, "costOfRevenue": 810101000, "grossProfit": 2358606000, "grossProfitRatio": 0.7443433552, "researchAndDevelopmentExpenses": 0, "generalAndAdministrativeExpenses": 101156000, "sellingAndMarketingExpenses": 272240000, "sellingGeneralAndAdministrativeExpenses": 373396000, "otherExpenses": 601513000, "operatingExpenses": 974909000, "costAndExpenses": 1785010000, "interestIncome": 137454000, "interestExpense": 137454000, "depreciationAndAmortization": 601513000, "ebitda": 1958126000, "ebitdaratio": 0.6179574192, "operatingIncome": 1383697000, "operatingIncomeRatio": 0.4366755904, "totalOtherIncomeExpensesNet": 27084000, "incomeBeforeTax": 1548235000, "incomeBeforeTaxRatio": 0.4886015021, "incomeTaxExpense": 498766000, "netIncome": 1049469000, "netIncomeRatio": 0.3311978671, "eps": 35, "epsdiluted": 35, "weightedAverageShsOut": 30000000, "weightedAverageShsOutDil": 30921377, "link": "https://www.sec.gov/Archives/edgar/data/1123452/000095012309013000/0000950123-09-013000-index.htm", "finalLink": "https://www.sec.gov/Archives/edgar/data/1123452/000095012309013000/c86528e20vf.htm", "calculatedOtherExpenses": 601513000, "calculatedOperatingExpenses": 974909000, "calculatedNetInterest": 0, "calculatedOtherIncome": 164538000, "calculatedIncomeNonControlling": 0, "calculatedEbitda": 1985210000}, {"date": "2007-12-31", "symbol": "ASR", "reportedCurrency": "MXN", "cik": "0001123452", "fillingDate": "2008-06-20", "acceptedDate": "2008-06-20 16:31:32", "calendarYear": "2007", "period": "FY", "revenue": 2785891000, "costOfRevenue": 743642000, "grossProfit": 2042249000, "grossProfitRatio": 0.7330685228, "researchAndDevelopmentExpenses": 0, "generalAndAdministrativeExpenses": 110907000, "sellingAndMarketingExpenses": -6888000, "sellingGeneralAndAdministrativeExpenses": 104019000, "otherExpenses": 769669768, "operatingExpenses": 873688768, "costAndExpenses": 1617330768, "interestIncome": 106482000, "interestExpense": 106482000, "depreciationAndAmortization": 540821000, "ebitda": 1803109463, "ebitdaratio": 0.6472290062, "operatingIncome": 1166170000, "operatingIncomeRatio": 0.418598574, "totalOtherIncomeExpensesNet": -93728231.7, "incomeBeforeTax": 1178929000, "incomeBeforeTaxRatio": 0.4231784373, "incomeTaxExpense": 145528000, "netIncome": 522361000, "netIncomeRatio": 0.1875023108, "eps": 17.4, "epsdiluted": 17.4, "weightedAverageShsOut": 30000000, "weightedAverageShsOutDil": 30000000, "link": "https://www.sec.gov/Archives/edgar/data/1123452/000136231008003322/0001362310-08-003322-index.htm", "finalLink": "https://www.sec.gov/Archives/edgar/data/1123452/000136231008003322/c73658e20vf.htm", "calculatedOtherExpenses": 772060000, "calculatedOperatingExpenses": 876079000, "calculatedNetInterest": 0, "calculatedOtherIncome": 12759000, "calculatedIncomeNonControlling": 511040000, "calculatedEbitda": 1706991000}, {"date": "2006-12-31", "symbol": "ASR", "reportedCurrency": "MXN", "cik": "0001123452", "fillingDate": "2007-07-02", "acceptedDate": "2007-06-29 21:43:33", "calendarYear": "2006", "period": "FY", "revenue": 2238961000, "costOfRevenue": 620036000, "grossProfit": 1618925000, "grossProfitRatio": 0.7230697632, "researchAndDevelopmentExpenses": 0, "generalAndAdministrativeExpenses": 113710000, "sellingAndMarketingExpenses": 187759000, "sellingGeneralAndAdministrativeExpenses": 301469000, "otherExpenses": 487788000, "operatingExpenses": 789257000, "costAndExpenses": 1409293000, "interestIncome": 0, "interestExpense": 99579000, "depreciationAndAmortization": 487788000, "ebitda": 1401821000, "ebitdaratio": 0.6261033578, "operatingIncome": 829668000, "operatingIncomeRatio": 0.37055938, "totalOtherIncomeExpensesNet": -84365000, "incomeBeforeTax": 844882000, "incomeBeforeTaxRatio": 0.3773544961, "incomeTaxExpense": 301113000, "netIncome": 528115000, "netIncomeRatio": 0.2358750331, "eps": 18.3, "epsdiluted": 18.27, "weightedAverageShsOut": 30000000, "weightedAverageShsOutDil": 30000000, "link": "https://www.sec.gov/Archives/edgar/data/1123452/000095012307009470/0000950123-07-009470-index.htm", "finalLink": "https://www.sec.gov/Archives/edgar/data/1123452/000095012307009470/y35180e20vf.htm", "calculatedOtherExpenses": 487788000, "calculatedOperatingExpenses": 789257000, "calculatedNetInterest": -99579000, "calculatedOtherIncome": 114793000, "calculatedIncomeNonControlling": 15654000, "calculatedEbitda": 1317456000}, {"date": "2005-12-31", "symbol": "ASR", "reportedCurrency": "MXN", "cik": "0001123452", "fillingDate": "2006-06-29", "acceptedDate": "2006-06-29 15:07:51", "calendarYear": "2005", "period": "FY", "revenue": 2063808000, "costOfRevenue": 536375000, "grossProfit": 1527433000, "grossProfitRatio": 0.7401042151, "researchAndDevelopmentExpenses": 0, "generalAndAdministrativeExpenses": 0, "sellingAndMarketingExpenses": 0, "sellingGeneralAndAdministrativeExpenses": 124344000, "otherExpenses": 594711185, "operatingExpenses": 719055185, "costAndExpenses": 1255430185, "interestIncome": 0, "interestExpense": 0, "depreciationAndAmortization": 434080000, "ebitda": 1331232628, "ebitdaratio": 0.6450370521, "operatingIncome": 799389000, "operatingIncomeRatio": 0.3873369034, "totalOtherIncomeExpensesNet": -88774814.25, "incomeBeforeTax": 822136000, "incomeBeforeTaxRatio": 0.3983587621, "incomeTaxExpense": 249983000, "netIncome": 563189000, "netIncomeRatio": 0.2728882726, "eps": 20.3, "epsdiluted": 20.3, "weightedAverageShsOut": 29952956, "weightedAverageShsOutDil": 29952956, "link": "https://www.sec.gov/Archives/edgar/data/1123452/000095012306008364/0000950123-06-008364-index.htm", "finalLink": "https://www.sec.gov/Archives/edgar/data/1123452/000095012306008364/y22673e20vf.txt", "calculatedOtherExpenses": 603700000, "calculatedOperatingExpenses": 728044000, "calculatedNetInterest": 0, "calculatedOtherIncome": 22747000, "calculatedIncomeNonControlling": 8964000, "calculatedEbitda": 1233469000}, {"date": "2004-12-31", "symbol": "ASR", "reportedCurrency": "MXN", "cik": "0001123452", "fillingDate": "2005-06-22", "acceptedDate": "2005-06-22 12:05:30", "calendarYear": "2004", "period": "FY", "revenue": 1975976000, "costOfRevenue": 467345000, "grossProfit": 1508631000, "grossProfitRatio": 0.7634864998, "researchAndDevelopmentExpenses": 0, "generalAndAdministrativeExpenses": 0, "sellingAndMarketingExpenses": 0, "sellingGeneralAndAdministrativeExpenses": 105756000, "otherExpenses": 547541270, "operatingExpenses": 653297270, "costAndExpenses": 1120642270, "interestIncome": 0, "interestExpense": 0, "depreciationAndAmortization": 399547000, "ebitda": 1346756460, "ebitdaratio": 0.6815651911, "operatingIncome": 837610000, "operatingIncomeRatio": 0.4238968489, "totalOtherIncomeExpensesNet": -91875730, "incomeBeforeTax": 808904000, "incomeBeforeTaxRatio": 0.4093693446, "incomeTaxExpense": 184198000, "netIncome": 606992000, "netIncomeRatio": 0.3071859172, "eps": 22.6, "epsdiluted": 22.6, "weightedAverageShsOut": 29963628, "weightedAverageShsOutDil": 29963628, "link": "https://www.sec.gov/Archives/edgar/data/1123452/000090342305000458/0000903423-05-000458-index.htm", "finalLink": "https://www.sec.gov/Archives/edgar/data/1123452/000090342305000458/asur-20f_0621.txt", "calculatedOtherExpenses": 565265000, "calculatedOperatingExpenses": 671021000, "calculatedNetInterest": 0, "calculatedOtherIncome": -28706000, "calculatedIncomeNonControlling": 17714000, "calculatedEbitda": 1237157000}, {"date": "2003-12-31", "symbol": "ASR", "reportedCurrency": "MXN", "cik": "0001123452", "fillingDate": "2004-06-16", "acceptedDate": "2004-06-16 16:59:28", "calendarYear": "2003", "period": "FY", "revenue": 1466632000, "costOfRevenue": 369732000, "grossProfit": 1096900000, "grossProfitRatio": 0.7479040414, "researchAndDevelopmentExpenses": 0, "generalAndAdministrativeExpenses": 0, "sellingAndMarketingExpenses": 0, "sellingGeneralAndAdministrativeExpenses": 121011000, "otherExpenses": 439298185, "operatingExpenses": 560309185, "costAndExpenses": 930041185, "interestIncome": 0, "interestExpense": 0, "depreciationAndAmortization": 354625000, "ebitda": 955045628, "ebitdaratio": 0.6511828656, "operatingIncome": 501834000, "operatingIncomeRatio": 0.3421676331, "totalOtherIncomeExpensesNet": -63829814.25, "incomeBeforeTax": 526047000, "incomeBeforeTaxRatio": 0.3586768869, "incomeTaxExpense": 231936000, "netIncome": 276191000, "netIncomeRatio": 0.1883164966, "eps": 10.8, "epsdiluted": 10.8, "weightedAverageShsOut": 30011296, "weightedAverageShsOutDil": 30011296, "link": "https://www.sec.gov/Archives/edgar/data/1123452/000090342304000649/0000903423-04-000649-index.htm", "finalLink": "https://www.sec.gov/Archives/edgar/data/1123452/000090342304000649/asur20f_6-15.txt", "calculatedOtherExpenses": 474055000, "calculatedOperatingExpenses": 595066000, "calculatedNetInterest": 0, "calculatedOtherIncome": 24213000, "calculatedIncomeNonControlling": 17920000, "calculatedEbitda": 856459000}, {"date": "2002-12-31", "symbol": "ASR", "reportedCurrency": "MXN", "cik": "0001123452", "fillingDate": "2003-06-26", "acceptedDate": "2003-06-26 14:37:12", "calendarYear": "2002", "period": "FY", "revenue": 1240601000, "costOfRevenue": 343922000, "grossProfit": 896679000, "grossProfitRatio": 0.7227779117, "researchAndDevelopmentExpenses": 0, "generalAndAdministrativeExpenses": 0, "sellingAndMarketingExpenses": 0, "sellingGeneralAndAdministrativeExpenses": 106989000, "otherExpenses": 423898040, "operatingExpenses": 530887040, "costAndExpenses": 874809040, "interestIncome": 0, "interestExpense": 0, "depreciationAndAmortization": 335100000, "ebitda": 731135920, "ebitdaratio": 0.5893401021, "operatingIncome": 355171000, "operatingIncomeRatio": 0.2862894678, "totalOtherIncomeExpensesNet": -30243960, "incomeBeforeTax": 382341000, "incomeBeforeTaxRatio": 0.3081901433, "incomeTaxExpense": 151514000, "netIncome": 220285000, "netIncomeRatio": 0.1775631327, "eps": 7.3, "epsdiluted": 7.3, "weightedAverageShsOut": 30176027, "weightedAverageShsOutDil": 30176027, "link": "https://www.sec.gov/Archives/edgar/data/1123452/000090342303000567/0000903423-03-000567-index.htm", "finalLink": "https://www.sec.gov/Archives/edgar/data/1123452/000090342303000567/asur20f_6-24.txt", "calculatedOtherExpenses": 434519000, "calculatedOperatingExpenses": 541508000, "calculatedNetInterest": 0, "calculatedOtherIncome": 27170000, "calculatedIncomeNonControlling": 10542000, "calculatedEbitda": 690271000}, {"date": "2001-12-31", "symbol": "ASR", "reportedCurrency": "MXN", "cik": "0001123452", "fillingDate": "2002-06-25", "acceptedDate": "2002-06-25 11:45:31", "calendarYear": "2001", "period": "FY", "revenue": 1164254000, "costOfRevenue": 288192000, "grossProfit": 876062000, "grossProfitRatio": 0.7524663862, "researchAndDevelopmentExpenses": 0, "generalAndAdministrativeExpenses": 0, "sellingAndMarketingExpenses": 0, "sellingGeneralAndAdministrativeExpenses": 99591000, "otherExpenses": 392524826, "operatingExpenses": 492115826, "costAndExpenses": 780307826, "interestIncome": 0, "interestExpense": 0, "depreciationAndAmortization": 302938000, "ebitda": 736359347, "ebitdaratio": 0.632473109, "operatingIncome": 377244000, "operatingIncomeRatio": 0.3240220777, "totalOtherIncomeExpensesNet": -49475173.5, "incomeBeforeTax": 412137000, "incomeBeforeTaxRatio": 0.3539923419, "incomeTaxExpense": 152697000, "netIncome": 252750000, "netIncomeRatio": 0.217091803, "eps": 10.1, "epsdiluted": 10.1, "weightedAverageShsOut": 20000000, "weightedAverageShsOutDil": 20000000, "link": "https://www.sec.gov/Archives/edgar/data/1123452/000090342302000416/0000903423-02-000416-index.htm", "finalLink": "https://www.sec.gov/Archives/edgar/data/1123452/000090342302000416/asur20f_6-25.txt", "calculatedOtherExpenses": 399227000, "calculatedOperatingExpenses": 498818000, "calculatedNetInterest": 0, "calculatedOtherIncome": 34893000, "calculatedIncomeNonControlling": 6690000, "calculatedEbitda": 680182000}, {"date": "2000-12-31", "symbol": "ASR", "reportedCurrency": "MXN", "cik": "0001123452", "fillingDate": "2000-12-31", "acceptedDate": "2000-12-30 19:00:00", "calendarYear": "2000", "period": "FY", "revenue": 1158327508, "costOfRevenue": 269922824, "grossProfit": 888404683, "grossProfitRatio": 0.7669719291, "researchAndDevelopmentExpenses": 0, "generalAndAdministrativeExpenses": 0, "sellingAndMarketingExpenses": 0, "sellingGeneralAndAdministrativeExpenses": 211445311, "otherExpenses": 290312125, "operatingExpenses": 501757436, "costAndExpenses": 771680261, "interestIncome": 0, "interestExpense": 0, "depreciationAndAmortization": -290302516.89, "ebitda": 728172837, "ebitdaratio": 0.6286415821, "operatingIncome": 386647247, "operatingIncomeRatio": 0.3337978632, "totalOtherIncomeExpensesNet": -51223073.43, "incomeBeforeTax": 372349754, "incomeBeforeTaxRatio": 0.321454642, "incomeTaxExpense": 162912626, "netIncome": 209437128, "netIncomeRatio": 0.1808099409, "eps": 7.3, "epsdiluted": 7.3, "weightedAverageShsOut": 20000000, "weightedAverageShsOutDil": 20000000, "link": "", "finalLink": "", "calculatedOtherExpenses": 290312125, "calculatedOperatingExpenses": 501757436, "calculatedNetInterest": 0, "calculatedOtherIncome": -14297493, "calculatedIncomeNonControlling": 0, "calculatedEbitda": 96344730.11000001}]}