{"originalCurrency": "USD", "convertedCurrency": "USD", "report": [{"date": "2023-06-30", "symbol": "ATGE", "reportedCurrency": "USD", "cik": "0000730464", "fillingDate": "2023-08-10", "acceptedDate": "2023-08-10 16:16:11", "calendarYear": "2023", "period": "FY", "revenue": 1450826000, "costOfRevenue": 648486000, "grossProfit": 802340000, "grossProfitRatio": 0.5530228987, "researchAndDevelopmentExpenses": 0, "generalAndAdministrativeExpenses": 366609000, "sellingAndMarketingExpenses": 219400000, "sellingGeneralAndAdministrativeExpenses": 586009000, "otherExpenses": 6965000, "operatingExpenses": 586009000, "costAndExpenses": 1234495000, "interestIncome": 63100000, "interestExpense": 63156000, "depreciationAndAmortization": 151284000, "ebitda": 374565000, "ebitdaratio": 0.2581736197, "operatingIncome": 168170000, "operatingIncomeRatio": 0.1159132797, "totalOtherIncomeExpensesNet": -41125000, "incomeBeforeTax": 112035000, "incomeBeforeTaxRatio": 0.0772215276, "incomeTaxExpense": 10283000, "netIncome": 93358000, "netIncomeRatio": 0.0643481713, "eps": 2.16, "epsdiluted": 2.13, "weightedAverageShsOut": 44781000, "weightedAverageShsOutDil": 45600000, "link": "https://www.sec.gov/Archives/edgar/data/730464/000155837023014509/0001558370-23-014509-index.htm", "finalLink": "https://www.sec.gov/Archives/edgar/data/730464/000155837023014509/atge-20230630x10k.htm", "calculatedOtherExpenses": 48161000, "calculatedOperatingExpenses": 634170000, "calculatedNetInterest": -56000, "calculatedOtherIncome": -56079000, "calculatedIncomeNonControlling": 8394000, "calculatedEbitda": 319454000}, {"date": "2022-06-30", "symbol": "ATGE", "reportedCurrency": "USD", "cik": "0000730464", "fillingDate": "2022-08-11", "acceptedDate": "2022-08-11 16:13:41", "calendarYear": "2022", "period": "FY", "revenue": 1387122000, "costOfRevenue": 659776000, "grossProfit": 727346000, "grossProfitRatio": 0.524356185, "researchAndDevelopmentExpenses": 0, "generalAndAdministrativeExpenses": 377356000, "sellingAndMarketingExpenses": 190700000, "sellingGeneralAndAdministrativeExpenses": 568056000, "otherExpenses": 1108000, "operatingExpenses": 568056000, "costAndExpenses": 1227832000, "interestIncome": 3820000, "interestExpense": 129348000, "depreciationAndAmortization": 186596000, "ebitda": 349706000, "ebitdaratio": 0.252109043, "operatingIncome": 163110000, "operatingIncomeRatio": 0.1175887918, "totalOtherIncomeExpensesNet": -208174000, "incomeBeforeTax": -45064000, "incomeBeforeTaxRatio": -0.0324874092, "incomeTaxExpense": -15237000, "netIncome": -29827000, "netIncomeRatio": -0.021502795, "eps": -0.62, "epsdiluted": -0.62, "weightedAverageShsOut": 48388000, "weightedAverageShsOutDil": 48388000, "link": "https://www.sec.gov/Archives/edgar/data/730464/000155837022013289/0001558370-22-013289-index.htm", "finalLink": "https://www.sec.gov/Archives/edgar/data/730464/000155837022013289/atge-20220630x10k.htm", "calculatedOtherExpenses": -3820000, "calculatedOperatingExpenses": 564236000, "calculatedNetInterest": -125528000, "calculatedOtherIncome": -82646000, "calculatedIncomeNonControlling": 0, "calculatedEbitda": 349706000}, {"date": "2021-06-30", "symbol": "ATGE", "reportedCurrency": "USD", "cik": "0000730464", "fillingDate": "2021-08-19", "acceptedDate": "2021-08-19 16:11:24", "calendarYear": "2021", "period": "FY", "revenue": 1112380000, "costOfRevenue": 489233000, "grossProfit": 623147000, "grossProfitRatio": 0.5601925601, "researchAndDevelopmentExpenses": 0, "generalAndAdministrativeExpenses": 347567000, "sellingAndMarketingExpenses": 72700000, "sellingGeneralAndAdministrativeExpenses": 420267000, "otherExpenses": 6732000, "operatingExpenses": 420267000, "costAndExpenses": 909500000, "interestIncome": 4094000, "interestExpense": 41365000, "depreciationAndAmortization": 144542000, "ebitda": 306025000, "ebitdaratio": 0.2751083263, "operatingIncome": 161483000, "operatingIncomeRatio": 0.1451689171, "totalOtherIncomeExpensesNet": -34633000, "incomeBeforeTax": 126850000, "incomeBeforeTaxRatio": 0.1140347723, "incomeTaxExpense": 25248000, "netIncome": 70027000, "netIncomeRatio": 0.0629524083, "eps": 1.5, "epsdiluted": 1.49, "weightedAverageShsOut": 51322000, "weightedAverageShsOutDil": 51645000, "link": "https://www.sec.gov/Archives/edgar/data/730464/000155837021011957/0001558370-21-011957-index.htm", "finalLink": "https://www.sec.gov/Archives/edgar/data/730464/000155837021011957/atge-20210630x10k.htm", "calculatedOtherExpenses": 41397000, "calculatedOperatingExpenses": 461664000, "calculatedNetInterest": -37271000, "calculatedOtherIncome": 2638000, "calculatedIncomeNonControlling": 31575000, "calculatedEbitda": 306025000}, {"date": "2020-06-30", "symbol": "ATGE", "reportedCurrency": "USD", "cik": "0000730464", "fillingDate": "2020-08-18", "acceptedDate": "2020-08-18 16:09:32", "calendarYear": "2020", "period": "FY", "revenue": 1052001000, "costOfRevenue": 490054000, "grossProfit": 561947000, "grossProfitRatio": 0.5341696443, "researchAndDevelopmentExpenses": 0, "generalAndAdministrativeExpenses": 328538000, "sellingAndMarketingExpenses": 67300000, "sellingGeneralAndAdministrativeExpenses": 395838000, "otherExpenses": 0, "operatingExpenses": 395838000, "costAndExpenses": 885892000, "interestIncome": 3688000, "interestExpense": 19510000, "depreciationAndAmortization": 128509000, "ebitda": 270769000, "ebitdaratio": 0.2573847363, "operatingIncome": 142260000, "operatingIncomeRatio": 0.1352280083, "totalOtherIncomeExpensesNet": 94919000, "incomeBeforeTax": 237179000, "incomeBeforeTaxRatio": 0.2254551089, "incomeTaxExpense": -6358000, "netIncome": 243537000, "netIncomeRatio": 0.2314988294, "eps": 4.54, "epsdiluted": 4.5, "weightedAverageShsOut": 53659000, "weightedAverageShsOutDil": 54094000, "link": "https://www.sec.gov/Archives/edgar/data/730464/000155837020010728/0001558370-20-010728-index.htm", "finalLink": "https://www.sec.gov/Archives/edgar/data/730464/000155837020010728/atge-20200630x10k.htm", "calculatedOtherExpenses": 23849000, "calculatedOperatingExpenses": 419687000, "calculatedNetInterest": -15822000, "calculatedOtherIncome": 110741000, "calculatedIncomeNonControlling": 0, "calculatedEbitda": 270769000}, {"date": "2019-06-30", "symbol": "ATGE", "reportedCurrency": "USD", "cik": "0000730464", "fillingDate": "2019-08-28", "acceptedDate": "2019-08-28 16:12:03", "calendarYear": "2019", "period": "FY", "revenue": 1239687000, "costOfRevenue": 623540000, "grossProfit": 616147000, "grossProfitRatio": 0.4970181989, "researchAndDevelopmentExpenses": 0, "generalAndAdministrativeExpenses": 328411000, "sellingAndMarketingExpenses": 72000000, "sellingGeneralAndAdministrativeExpenses": 400411000, "otherExpenses": 0, "operatingExpenses": 400411000, "costAndExpenses": 1023951000, "interestIncome": 7976000, "interestExpense": 23631000, "depreciationAndAmortization": 89464000, "ebitda": 275453000, "ebitdaratio": 0.2221956026, "operatingIncome": 185989000, "operatingIncomeRatio": 0.1500289993, "totalOtherIncomeExpensesNet": -15808000, "incomeBeforeTax": 170181000, "incomeBeforeTaxRatio": 0.1372773934, "incomeTaxExpense": 34157000, "netIncome": 136024000, "netIncomeRatio": 0.1097244708, "eps": 2.32, "epsdiluted": 2.29, "weightedAverageShsOut": 58540000, "weightedAverageShsOutDil": 59330000, "link": "https://www.sec.gov/Archives/edgar/data/730464/000155837019008351/0001558370-19-008351-index.htm", "finalLink": "https://www.sec.gov/Archives/edgar/data/730464/000155837019008351/atge-20190630x10k.htm", "calculatedOtherExpenses": 29747000, "calculatedOperatingExpenses": 430158000, "calculatedNetInterest": -15655000, "calculatedOtherIncome": -153000, "calculatedIncomeNonControlling": 0, "calculatedEbitda": 275453000}, {"date": "2018-06-30", "symbol": "ATGE", "reportedCurrency": "USD", "cik": "0000730464", "fillingDate": "2018-08-24", "acceptedDate": "2018-08-24 12:50:00", "calendarYear": "2018", "period": "FY", "revenue": 1231211000, "costOfRevenue": 645604000, "grossProfit": 585607000, "grossProfitRatio": 0.4756349643, "researchAndDevelopmentExpenses": 0, "generalAndAdministrativeExpenses": 373064000, "sellingAndMarketingExpenses": 64900000, "sellingGeneralAndAdministrativeExpenses": 373064000, "otherExpenses": 0, "operatingExpenses": 373064000, "costAndExpenses": 1018668000, "interestIncome": 5827000, "interestExpense": 14620000, "depreciationAndAmortization": 52824000, "ebitda": 271194000, "ebitdaratio": 0.2202660632, "operatingIncome": 207476000, "operatingIncomeRatio": 0.1685137641, "totalOtherIncomeExpensesNet": -5067000, "incomeBeforeTax": 198683000, "incomeBeforeTaxRatio": 0.161372015, "incomeTaxExpense": 84102000, "netIncome": 33769000, "netIncomeRatio": 0.0274274678, "eps": 0.55, "epsdiluted": 0.54, "weightedAverageShsOut": 61462000, "weightedAverageShsOutDil": 62280000, "link": "https://www.sec.gov/Archives/edgar/data/730464/000114420418046216/0001144204-18-046216-index.htm", "finalLink": "https://www.sec.gov/Archives/edgar/data/730464/000114420418046216/tv500801_10k.htm", "calculatedOtherExpenses": 5067000, "calculatedOperatingExpenses": 378131000, "calculatedNetInterest": -8793000, "calculatedOtherIncome": 0, "calculatedIncomeNonControlling": 80812000, "calculatedEbitda": 260300000}, {"date": "2017-06-30", "symbol": "ATGE", "reportedCurrency": "USD", "cik": "0000730464", "fillingDate": "2017-08-24", "acceptedDate": "2017-08-24 15:03:23", "calendarYear": "2017", "period": "FY", "revenue": 1809800000, "costOfRevenue": 962194000, "grossProfit": 847606000, "grossProfitRatio": 0.4683423583, "researchAndDevelopmentExpenses": 0, "generalAndAdministrativeExpenses": 618152000, "sellingAndMarketingExpenses": 75600000, "sellingGeneralAndAdministrativeExpenses": 618152000, "otherExpenses": 0, "operatingExpenses": 618152000, "costAndExpenses": 1580346000, "interestIncome": 4925000, "interestExpense": 9144000, "depreciationAndAmortization": 84061000, "ebitda": 318440000, "ebitdaratio": 0.175953144, "operatingIncome": 138613000, "operatingIncomeRatio": 0.076590231, "totalOtherIncomeExpensesNet": -90841000, "incomeBeforeTax": 134394000, "incomeBeforeTaxRatio": 0.0742590341, "incomeTaxExpense": 10420000, "netIncome": 122283000, "netIncomeRatio": 0.0675671345, "eps": 1.93, "epsdiluted": 1.91, "weightedAverageShsOut": 63359067, "weightedAverageShsOutDil": 64019000, "link": "https://www.sec.gov/Archives/edgar/data/730464/000114420417044976/0001144204-17-044976-index.htm", "finalLink": "https://www.sec.gov/Archives/edgar/data/730464/000114420417044976/v472999_10k.htm", "calculatedOtherExpenses": 90841000, "calculatedOperatingExpenses": 708993000, "calculatedNetInterest": -4219000, "calculatedOtherIncome": 0, "calculatedIncomeNonControlling": 1691000, "calculatedEbitda": 222674000}, {"date": "2016-06-30", "symbol": "ATGE", "reportedCurrency": "USD", "cik": "0000730464", "fillingDate": "2016-08-25", "acceptedDate": "2016-08-25 14:59:06", "calendarYear": "2016", "period": "FY", "revenue": 1843537000, "costOfRevenue": 986778000, "grossProfit": 856759000, "grossProfitRatio": 0.4647365363, "researchAndDevelopmentExpenses": 0, "generalAndAdministrativeExpenses": 654049000, "sellingAndMarketingExpenses": 68300000, "sellingGeneralAndAdministrativeExpenses": 654049000, "otherExpenses": 0, "operatingExpenses": 654049000, "costAndExpenses": 1640827000, "interestIncome": 779000, "interestExpense": 5934000, "depreciationAndAmortization": 85551000, "ebitda": 289040000, "ebitdaratio": 0.1567855703, "operatingIncome": -12143000, "operatingIncomeRatio": -0.0065867948, "totalOtherIncomeExpensesNet": -214853000, "incomeBeforeTax": -17298000, "incomeBeforeTaxRatio": -0.0093830501, "incomeTaxExpense": -14542000, "netIncome": -3166000, "netIncomeRatio": -0.0017173509, "eps": -0.0494, "epsdiluted": -0.0492, "weightedAverageShsOut": 64036000, "weightedAverageShsOutDil": 64371000, "link": "https://www.sec.gov/Archives/edgar/data/730464/000114420416121173/0001144204-16-121173-index.htm", "finalLink": "https://www.sec.gov/Archives/edgar/data/730464/000114420416121173/v446933_10k.htm", "calculatedOtherExpenses": 214853000, "calculatedOperatingExpenses": 868902000, "calculatedNetInterest": -5155000, "calculatedOtherIncome": 0, "calculatedIncomeNonControlling": 410000, "calculatedEbitda": 73408000}, {"date": "2015-06-30", "symbol": "ATGE", "reportedCurrency": "USD", "cik": "0000730464", "fillingDate": "2015-08-27", "acceptedDate": "2015-08-27 13:03:52", "calendarYear": "2015", "period": "FY", "revenue": 1909943000, "costOfRevenue": 1000055000, "grossProfit": 909888000, "grossProfitRatio": 0.4763953689, "researchAndDevelopmentExpenses": 0, "generalAndAdministrativeExpenses": 708285000, "sellingAndMarketingExpenses": 264200000, "sellingGeneralAndAdministrativeExpenses": 708285000, "otherExpenses": 0, "operatingExpenses": 708285000, "costAndExpenses": 1708340000, "interestIncome": 2063000, "interestExpense": 5313000, "depreciationAndAmortization": 90556000, "ebitda": 294222000, "ebitdaratio": 0.1540475292, "operatingIncome": 156910000, "operatingIncomeRatio": 0.0821542842, "totalOtherIncomeExpensesNet": -44693000, "incomeBeforeTax": 153660000, "incomeBeforeTaxRatio": 0.0804526627, "incomeTaxExpense": 18537000, "netIncome": 139899000, "netIncomeRatio": 0.0732477357, "eps": 2.17, "epsdiluted": 2.14, "weightedAverageShsOut": 64469585, "weightedAverageShsOutDil": 65277000, "link": "https://www.sec.gov/Archives/edgar/data/730464/000114420415052225/0001144204-15-052225-index.htm", "finalLink": "https://www.sec.gov/Archives/edgar/data/730464/000114420415052225/v418056_10k.htm", "calculatedOtherExpenses": 44693000, "calculatedOperatingExpenses": 752978000, "calculatedNetInterest": -3250000, "calculatedOtherIncome": 0, "calculatedIncomeNonControlling": -4776000, "calculatedEbitda": 247466000}, {"date": "2014-06-30", "symbol": "ATGE", "reportedCurrency": "USD", "cik": "0000730464", "fillingDate": "2014-08-27", "acceptedDate": "2014-08-27 15:48:05", "calendarYear": "2014", "period": "FY", "revenue": 1923371000, "costOfRevenue": 983436000, "grossProfit": 939935000, "grossProfitRatio": 0.4886914693, "researchAndDevelopmentExpenses": 0, "generalAndAdministrativeExpenses": 727870000, "sellingAndMarketingExpenses": 259000000, "sellingGeneralAndAdministrativeExpenses": 727870000, "otherExpenses": 0, "operatingExpenses": 727870000, "costAndExpenses": 1711306000, "interestIncome": 1731000, "interestExpense": 3632000, "depreciationAndAmortization": 89817000, "ebitda": 303613000, "ebitdaratio": 0.1578546209, "operatingIncome": 181268000, "operatingIncomeRatio": 0.0942449481, "totalOtherIncomeExpensesNet": -30797000, "incomeBeforeTax": 179367000, "incomeBeforeTaxRatio": 0.0932565792, "incomeTaxExpense": 27699000, "netIncome": 134032000, "netIncomeRatio": 0.0696859836, "eps": 2.09, "epsdiluted": 2.07, "weightedAverageShsOut": 64130144, "weightedAverageShsOutDil": 64853000, "link": "https://www.sec.gov/Archives/edgar/data/730464/000114420414052733/0001144204-14-052733-index.htm", "finalLink": "https://www.sec.gov/Archives/edgar/data/730464/000114420414052733/v386090_10k.htm", "calculatedOtherExpenses": 30797000, "calculatedOperatingExpenses": 758667000, "calculatedNetInterest": -1901000, "calculatedOtherIncome": 0, "calculatedIncomeNonControlling": 17636000, "calculatedEbitda": 271085000}, {"date": "2013-06-30", "symbol": "ATGE", "reportedCurrency": "USD", "cik": "0000730464", "fillingDate": "2013-08-29", "acceptedDate": "2013-08-29 17:07:02", "calendarYear": "2013", "period": "FY", "revenue": 1964375000, "costOfRevenue": 962223000, "grossProfit": 1002152000, "grossProfitRatio": 0.5101632835, "researchAndDevelopmentExpenses": 0, "generalAndAdministrativeExpenses": 756384000, "sellingAndMarketingExpenses": 261000000, "sellingGeneralAndAdministrativeExpenses": 756384000, "otherExpenses": 0, "operatingExpenses": 756384000, "costAndExpenses": 1718607000, "interestIncome": 1652000, "interestExpense": 3611000, "depreciationAndAmortization": 93250000, "ebitda": 340670000, "ebitdaratio": 0.1734241171, "operatingIncome": 166928000, "operatingIncomeRatio": 0.0849776647, "totalOtherIncomeExpensesNet": -78840000, "incomeBeforeTax": 164969000, "incomeBeforeTaxRatio": 0.0839804009, "incomeTaxExpense": 39227000, "netIncome": 106786000, "netIncomeRatio": 0.0543613108, "eps": 1.66, "epsdiluted": 1.65, "weightedAverageShsOut": 64328916, "weightedAverageShsOutDil": 64611000, "link": "https://www.sec.gov/Archives/edgar/data/730464/000114420413048520/0001144204-13-048520-index.htm", "finalLink": "https://www.sec.gov/Archives/edgar/data/730464/000114420413048520/v352578_10k.htm", "calculatedOtherExpenses": 78840000, "calculatedOperatingExpenses": 835224000, "calculatedNetInterest": -1959000, "calculatedOtherIncome": 0, "calculatedIncomeNonControlling": 18956000, "calculatedEbitda": 260178000}, {"date": "2012-06-30", "symbol": "ATGE", "reportedCurrency": "USD", "cik": "0000730464", "fillingDate": "2012-08-28", "acceptedDate": "2012-08-28 17:06:53", "calendarYear": "2012", "period": "FY", "revenue": 2089781000, "costOfRevenue": 975642000, "grossProfit": 1114139000, "grossProfitRatio": 0.5331367258, "researchAndDevelopmentExpenses": 0, "generalAndAdministrativeExpenses": 808400000, "sellingAndMarketingExpenses": 0, "sellingGeneralAndAdministrativeExpenses": 808400000, "otherExpenses": 0, "operatingExpenses": 808400000, "costAndExpenses": 1784042000, "interestIncome": 818000, "interestExpense": 2612000, "depreciationAndAmortization": 88689000, "ebitda": 395246000, "ebitdaratio": 0.1891327369, "operatingIncome": 204237000, "operatingIncomeRatio": 0.0977312934, "totalOtherIncomeExpensesNet": -97807000, "incomeBeforeTax": 206138000, "incomeBeforeTaxRatio": 0.0986409581, "incomeTaxExpense": 63757000, "netIncome": 141565000, "netIncomeRatio": 0.067741548, "eps": 2.11, "epsdiluted": 2.09, "weightedAverageShsOut": 67176000, "weightedAverageShsOutDil": 67705000, "link": "https://www.sec.gov/Archives/edgar/data/730464/000119312512372041/0001193125-12-372041-index.htm", "finalLink": "https://www.sec.gov/Archives/edgar/data/730464/000119312512372041/d365898d10k.htm", "calculatedOtherExpenses": 101502000, "calculatedOperatingExpenses": 909902000, "calculatedNetInterest": -1794000, "calculatedOtherIncome": 3695000, "calculatedIncomeNonControlling": 816000, "calculatedEbitda": 292926000}, {"date": "2011-06-30", "symbol": "ATGE", "reportedCurrency": "USD", "cik": "0000730464", "fillingDate": "2011-08-26", "acceptedDate": "2011-08-26 13:48:16", "calendarYear": "2011", "period": "FY", "revenue": 2182371000, "costOfRevenue": 925504000, "grossProfit": 1256867000, "grossProfitRatio": 0.5759181184, "researchAndDevelopmentExpenses": 0, "generalAndAdministrativeExpenses": 762692000, "sellingAndMarketingExpenses": 0, "sellingGeneralAndAdministrativeExpenses": 762692000, "otherExpenses": 0, "operatingExpenses": 762692000, "costAndExpenses": 1688196000, "interestIncome": 1539000, "interestExpense": 1282000, "depreciationAndAmortization": 64571000, "ebitda": 560285000, "ebitdaratio": 0.2567322421, "operatingIncome": 494175000, "operatingIncomeRatio": 0.2264395009, "totalOtherIncomeExpensesNet": 257000, "incomeBeforeTax": 494432000, "incomeBeforeTaxRatio": 0.2265572627, "incomeTaxExpense": 163602000, "netIncome": 330403000, "netIncomeRatio": 0.1513963483, "eps": 4.73, "epsdiluted": 4.68, "weightedAverageShsOut": 69852643, "weightedAverageShsOutDil": 70598932, "link": "https://www.sec.gov/Archives/edgar/data/730464/000095012311080434/0000950123-11-080434-index.htm", "finalLink": "https://www.sec.gov/Archives/edgar/data/730464/000095012311080434/c65966e10vk.htm", "calculatedOtherExpenses": 0, "calculatedOperatingExpenses": 762692000, "calculatedNetInterest": 257000, "calculatedOtherIncome": 0, "calculatedIncomeNonControlling": 427000, "calculatedEbitda": 558746000}, {"date": "2010-06-30", "symbol": "ATGE", "reportedCurrency": "USD", "cik": "0000730464", "fillingDate": "2010-08-25", "acceptedDate": "2010-08-25 14:01:54", "calendarYear": "2010", "period": "FY", "revenue": 1915181000, "costOfRevenue": 826089000, "grossProfit": 1089092000, "grossProfitRatio": 0.5686627008, "researchAndDevelopmentExpenses": 0, "generalAndAdministrativeExpenses": 678190000, "sellingAndMarketingExpenses": 0, "sellingGeneralAndAdministrativeExpenses": 678190000, "otherExpenses": 0, "operatingExpenses": 678190000, "costAndExpenses": 1504279000, "interestIncome": 2080000, "interestExpense": 1585000, "depreciationAndAmortization": 62222000, "ebitda": 475204000, "ebitdaratio": 0.2481248509, "operatingIncome": 410902000, "operatingIncomeRatio": 0.2145499564, "totalOtherIncomeExpensesNet": 1225000, "incomeBeforeTax": 412622000, "incomeBeforeTaxRatio": 0.2154480438, "incomeTaxExpense": 132639000, "netIncome": 279909000, "netIncomeRatio": 0.1461527657, "eps": 3.92, "epsdiluted": 3.87, "weightedAverageShsOut": 71405357, "weightedAverageShsOutDil": 72267000, "link": "https://www.sec.gov/Archives/edgar/data/730464/000095012310080775/0000950123-10-080775-index.htm", "finalLink": "https://www.sec.gov/Archives/edgar/data/730464/000095012310080775/c60004e10vk.htm", "calculatedOtherExpenses": 0, "calculatedOperatingExpenses": 678190000, "calculatedNetInterest": 495000, "calculatedOtherIncome": 1225000, "calculatedIncomeNonControlling": 74000, "calculatedEbitda": 473124000}, {"date": "2009-06-30", "symbol": "ATGE", "reportedCurrency": "USD", "cik": "0000730464", "fillingDate": "2009-08-26", "acceptedDate": "2009-08-26 10:09:36", "calendarYear": "2009", "period": "FY", "revenue": 1461453000, "costOfRevenue": 669673000, "grossProfit": 791780000, "grossProfitRatio": 0.5417758902, "researchAndDevelopmentExpenses": 0, "generalAndAdministrativeExpenses": 548070000, "sellingAndMarketingExpenses": 0, "sellingGeneralAndAdministrativeExpenses": 548070000, "otherExpenses": 8877000, "operatingExpenses": 556947000, "costAndExpenses": 1226620000, "interestIncome": 5251000, "interestExpense": 2775000, "depreciationAndAmortization": 50450000, "ebitda": 290534000, "ebitdaratio": 0.1987980455, "operatingIncome": 234833000, "operatingIncomeRatio": 0.1606846063, "totalOtherIncomeExpensesNet": 43000, "incomeBeforeTax": 237352000, "incomeBeforeTaxRatio": 0.1624082334, "incomeTaxExpense": 71700000, "netIncome": 165613000, "netIncomeRatio": 0.1133207842, "eps": 2.32, "epsdiluted": 2.28, "weightedAverageShsOut": 71384914, "weightedAverageShsOutDil": 72637281, "link": "https://www.sec.gov/Archives/edgar/data/730464/000114036109019718/0001140361-09-019718-index.htm", "finalLink": "https://www.sec.gov/Archives/edgar/data/730464/000114036109019718/form10k.htm", "calculatedOtherExpenses": 8877000, "calculatedOperatingExpenses": 556947000, "calculatedNetInterest": 2476000, "calculatedOtherIncome": 43000, "calculatedIncomeNonControlling": 39000, "calculatedEbitda": 285283000}, {"date": "2008-06-30", "symbol": "ATGE", "reportedCurrency": "USD", "cik": "0000730464", "fillingDate": "2008-08-27", "acceptedDate": "2008-08-27 17:13:20", "calendarYear": "2008", "period": "FY", "revenue": 1091833000, "costOfRevenue": 503133000, "grossProfit": 588700000, "grossProfitRatio": 0.5391850219, "researchAndDevelopmentExpenses": 0, "generalAndAdministrativeExpenses": 422622000, "sellingAndMarketingExpenses": 0, "sellingGeneralAndAdministrativeExpenses": 422622000, "otherExpenses": 3743000, "operatingExpenses": 426365000, "costAndExpenses": 929498000, "interestIncome": 10463000, "interestExpense": -522000, "depreciationAndAmortization": 39874000, "ebitda": 205952000, "ebitdaratio": 0.1886295798, "operatingIncome": 162335000, "operatingIncomeRatio": 0.1486811628, "totalOtherIncomeExpensesNet": -3743000, "incomeBeforeTax": 172276000, "incomeBeforeTaxRatio": 0.157786035, "incomeTaxExpense": 46744000, "netIncome": 125532000, "netIncomeRatio": 0.1149736269, "eps": 1.76, "epsdiluted": 1.73, "weightedAverageShsOut": 71277000, "weightedAverageShsOutDil": 72406000, "link": "https://www.sec.gov/Archives/edgar/data/730464/000114036108020341/0001140361-08-020341-index.htm", "finalLink": "https://www.sec.gov/Archives/edgar/data/730464/000114036108020341/form10k.htm", "calculatedOtherExpenses": 3743000, "calculatedOperatingExpenses": 426365000, "calculatedNetInterest": 10985000, "calculatedOtherIncome": -1044000, "calculatedIncomeNonControlling": 0, "calculatedEbitda": 202209000}, {"date": "2007-06-30", "symbol": "ATGE", "reportedCurrency": "USD", "cik": "0000730464", "fillingDate": "2007-08-24", "acceptedDate": "2007-08-24 15:40:50", "calendarYear": "2007", "period": "FY", "revenue": 933473000, "costOfRevenue": 486721000, "grossProfit": 446752000, "grossProfitRatio": 0.4785912394, "researchAndDevelopmentExpenses": 0, "generalAndAdministrativeExpenses": 359025000, "sellingAndMarketingExpenses": 0, "sellingGeneralAndAdministrativeExpenses": 359025000, "otherExpenses": -20812000, "operatingExpenses": 338213000, "costAndExpenses": 824934000, "interestIncome": 7437000, "interestExpense": -4784000, "depreciationAndAmortization": 44007000, "ebitda": 137986000, "ebitdaratio": 0.1478200226, "operatingIncome": 102287000, "operatingIncomeRatio": 0.1095768169, "totalOtherIncomeExpensesNet": 14560000, "incomeBeforeTax": 104940000, "incomeBeforeTaxRatio": 0.1124188916, "incomeTaxExpense": 28752000, "netIncome": 76188000, "netIncomeRatio": 0.0816177865, "eps": 1.07, "epsdiluted": 1.07, "weightedAverageShsOut": 70909000, "weightedAverageShsOutDil": 71400000, "link": "https://www.sec.gov/Archives/edgar/data/730464/000114036107017229/0001140361-07-017229-index.htm", "finalLink": "https://www.sec.gov/Archives/edgar/data/730464/000114036107017229/form10k.htm", "calculatedOtherExpenses": -14560000, "calculatedOperatingExpenses": 344465000, "calculatedNetInterest": 12221000, "calculatedOtherIncome": -9568000, "calculatedIncomeNonControlling": 0, "calculatedEbitda": 146294000}, {"date": "2006-06-30", "symbol": "ATGE", "reportedCurrency": "USD", "cik": "0000730464", "fillingDate": "2006-09-13", "acceptedDate": "2006-09-13 12:59:03", "calendarYear": "2006", "period": "FY", "revenue": 843298000, "costOfRevenue": 452615000, "grossProfit": 390683000, "grossProfitRatio": 0.4632798845, "researchAndDevelopmentExpenses": 0, "generalAndAdministrativeExpenses": 323010000, "sellingAndMarketingExpenses": 0, "sellingGeneralAndAdministrativeExpenses": 323010000, "otherExpenses": 0, "operatingExpenses": 323010000, "costAndExpenses": 775625000, "interestIncome": 0, "interestExpense": 10190000, "depreciationAndAmortization": 48108000, "ebitda": 115781000, "ebitdaratio": 0.1372954756, "operatingIncome": 67673000, "operatingIncomeRatio": 0.0802480262, "totalOtherIncomeExpensesNet": -10190000, "incomeBeforeTax": 57483000, "incomeBeforeTaxRatio": 0.068164516, "incomeTaxExpense": 14430000, "netIncome": 43053000, "netIncomeRatio": 0.0510531271, "eps": 0.61, "epsdiluted": 0.61, "weightedAverageShsOut": 70578689, "weightedAverageShsOutDil": 70578689, "link": "https://www.sec.gov/Archives/edgar/data/730464/000095013706010014/0000950137-06-010014-index.htm", "finalLink": "https://www.sec.gov/Archives/edgar/data/730464/000095013706010014/c07336e10vk.htm", "calculatedOtherExpenses": 0, "calculatedOperatingExpenses": 323010000, "calculatedNetInterest": -10190000, "calculatedOtherIncome": 0, "calculatedIncomeNonControlling": 0, "calculatedEbitda": 115781000}, {"date": "2005-06-30", "symbol": "ATGE", "reportedCurrency": "USD", "cik": "0000730464", "fillingDate": "2005-09-13", "acceptedDate": "2005-09-13 10:34:56", "calendarYear": "2005", "period": "FY", "revenue": 781304000, "costOfRevenue": 437345000, "grossProfit": 343959000, "grossProfitRatio": 0.4402370908, "researchAndDevelopmentExpenses": 0, "generalAndAdministrativeExpenses": 300165000, "sellingAndMarketingExpenses": 0, "sellingGeneralAndAdministrativeExpenses": 300165000, "otherExpenses": 0, "operatingExpenses": 300165000, "costAndExpenses": 737510000, "interestIncome": 0, "interestExpense": 0, "depreciationAndAmortization": 57566000, "ebitda": 101360000, "ebitdaratio": 0.1297318329, "operatingIncome": 43794000, "operatingIncomeRatio": 0.0560524457, "totalOtherIncomeExpensesNet": -9047000, "incomeBeforeTax": 34747000, "incomeBeforeTaxRatio": 0.044473086, "incomeTaxExpense": 8013000, "netIncome": 28544000, "netIncomeRatio": 0.0365337948, "eps": 0.41, "epsdiluted": 0.41, "weightedAverageShsOut": 69273077, "weightedAverageShsOutDil": 69273077, "link": "https://www.sec.gov/Archives/edgar/data/730464/000073046405000014/0000730464-05-000014-index.htm", "finalLink": "https://www.sec.gov/Archives/edgar/data/730464/000073046405000014/k05.txt", "calculatedOtherExpenses": 0, "calculatedOperatingExpenses": 300165000, "calculatedNetInterest": 0, "calculatedOtherIncome": -9047000, "calculatedIncomeNonControlling": -1810000, "calculatedEbitda": 101360000}, {"date": "2004-06-30", "symbol": "ATGE", "reportedCurrency": "USD", "cik": "0000730464", "fillingDate": "2004-09-10", "acceptedDate": "2004-09-10 14:09:45", "calendarYear": "2004", "period": "FY", "revenue": 784885000, "costOfRevenue": 420108000, "grossProfit": 364777000, "grossProfitRatio": 0.4647521611, "researchAndDevelopmentExpenses": 0, "generalAndAdministrativeExpenses": 275587000, "sellingAndMarketingExpenses": 0, "sellingGeneralAndAdministrativeExpenses": 275587000, "otherExpenses": 0, "operatingExpenses": 275587000, "costAndExpenses": 695695000, "interestIncome": 0, "interestExpense": 0, "depreciationAndAmortization": 55584000, "ebitda": 144774000, "ebitdaratio": 0.1844524994, "operatingIncome": 89190000, "operatingIncomeRatio": 0.1136344815, "totalOtherIncomeExpensesNet": -7834000, "incomeBeforeTax": 81356000, "incomeBeforeTaxRatio": 0.1036534015, "incomeTaxExpense": 23295000, "netIncome": 52357000, "netIncomeRatio": 0.0667065876, "eps": 0.74, "epsdiluted": 0.74, "weightedAverageShsOut": 70608333, "weightedAverageShsOutDil": 70757000, "link": "https://www.sec.gov/Archives/edgar/data/730464/000073046404000011/0000730464-04-000011-index.htm", "finalLink": "https://www.sec.gov/Archives/edgar/data/730464/000073046404000011/k04.txt", "calculatedOtherExpenses": 0, "calculatedOperatingExpenses": 275587000, "calculatedNetInterest": 0, "calculatedOtherIncome": -7834000, "calculatedIncomeNonControlling": 5704000, "calculatedEbitda": 144774000}, {"date": "2003-06-30", "symbol": "ATGE", "reportedCurrency": "USD", "cik": "0000730464", "fillingDate": "2003-09-26", "acceptedDate": "2003-09-26 10:18:35", "calendarYear": "2003", "period": "FY", "revenue": 679579000, "costOfRevenue": 366075000, "grossProfit": 313504000, "grossProfitRatio": 0.461320906, "researchAndDevelopmentExpenses": 0, "generalAndAdministrativeExpenses": 225767000, "sellingAndMarketingExpenses": 0, "sellingGeneralAndAdministrativeExpenses": 225767000, "otherExpenses": 0, "operatingExpenses": 225767000, "costAndExpenses": 591842000, "interestIncome": 0, "interestExpense": 0, "depreciationAndAmortization": 40332000, "ebitda": 128069000, "ebitdaratio": 0.1884534396, "operatingIncome": 87737000, "operatingIncomeRatio": 0.1291049311, "totalOtherIncomeExpensesNet": -1280000, "incomeBeforeTax": 86457000, "incomeBeforeTaxRatio": 0.1272214121, "incomeTaxExpense": 25309000, "netIncome": 61148000, "netIncomeRatio": 0.0899792371, "eps": 0.87, "epsdiluted": 0.87, "weightedAverageShsOut": 70285057, "weightedAverageShsOutDil": 70285057, "link": "https://www.sec.gov/Archives/edgar/data/730464/000073046403000019/0000730464-03-000019-index.htm", "finalLink": "https://www.sec.gov/Archives/edgar/data/730464/000073046403000019/k031.txt", "calculatedOtherExpenses": 0, "calculatedOperatingExpenses": 225767000, "calculatedNetInterest": 0, "calculatedOtherIncome": -1280000, "calculatedIncomeNonControlling": 0, "calculatedEbitda": 128069000}, {"date": "2002-06-30", "symbol": "ATGE", "reportedCurrency": "USD", "cik": "0000730464", "fillingDate": "2002-09-25", "acceptedDate": "2002-09-25 11:27:59", "calendarYear": "2002", "period": "FY", "revenue": 647581000, "costOfRevenue": 347986000, "grossProfit": 299595000, "grossProfitRatio": 0.4626371064, "researchAndDevelopmentExpenses": 0, "generalAndAdministrativeExpenses": 188712000, "sellingAndMarketingExpenses": 0, "sellingGeneralAndAdministrativeExpenses": 188712000, "otherExpenses": 0, "operatingExpenses": 188712000, "costAndExpenses": 536698000, "interestIncome": 0, "interestExpense": 0, "depreciationAndAmortization": 33536000, "ebitda": 144419000, "ebitdaratio": 0.2230130285, "operatingIncome": 110883000, "operatingIncomeRatio": 0.1712264566, "totalOtherIncomeExpensesNet": -254000, "incomeBeforeTax": 110629000, "incomeBeforeTaxRatio": 0.1708342277, "incomeTaxExpense": 43574000, "netIncome": 67055000, "netIncomeRatio": 0.1035468922, "eps": 0.96, "epsdiluted": 0.95, "weightedAverageShsOut": 69848958, "weightedAverageShsOutDil": 70584211, "link": "https://www.sec.gov/Archives/edgar/data/730464/000073046402000007/0000730464-02-000007-index.htm", "finalLink": "https://www.sec.gov/Archives/edgar/data/730464/000073046402000007/k02.txt", "calculatedOtherExpenses": 0, "calculatedOperatingExpenses": 188712000, "calculatedNetInterest": 0, "calculatedOtherIncome": -254000, "calculatedIncomeNonControlling": 0, "calculatedEbitda": 144419000}, {"date": "2001-06-30", "symbol": "ATGE", "reportedCurrency": "USD", "cik": "0000730464", "fillingDate": "2001-09-26", "acceptedDate": "2001-09-26 00:00:00", "calendarYear": "2001", "period": "FY", "revenue": 568177000, "costOfRevenue": 304532000, "grossProfit": 263645000, "grossProfitRatio": 0.4640191349, "researchAndDevelopmentExpenses": 0, "generalAndAdministrativeExpenses": 167330000, "sellingAndMarketingExpenses": 0, "sellingGeneralAndAdministrativeExpenses": 167330000, "otherExpenses": 0, "operatingExpenses": 167330000, "costAndExpenses": 471862000, "interestIncome": 0, "interestExpense": 0, "depreciationAndAmortization": 32036000, "ebitda": 128351000, "ebitdaratio": 0.2258996756, "operatingIncome": 96315000, "operatingIncomeRatio": 0.1695158375, "totalOtherIncomeExpensesNet": -400000, "incomeBeforeTax": 95915000, "incomeBeforeTaxRatio": 0.1688118315, "incomeTaxExpense": 38139000, "netIncome": 57776000, "netIncomeRatio": 0.1016866223, "eps": 0.83, "epsdiluted": 0.82, "weightedAverageShsOut": 69722222, "weightedAverageShsOutDil": 70458537, "link": "https://www.sec.gov/Archives/edgar/data/730464/000073046401500009/0000730464-01-500009-index.htm", "finalLink": "https://www.sec.gov/Archives/edgar/data/730464/000073046401500009/k01.txt", "calculatedOtherExpenses": 0, "calculatedOperatingExpenses": 167330000, "calculatedNetInterest": 0, "calculatedOtherIncome": -400000, "calculatedIncomeNonControlling": 0, "calculatedEbitda": 128351000}, {"date": "2000-06-30", "symbol": "ATGE", "reportedCurrency": "USD", "cik": "0000730464", "fillingDate": "2000-09-27", "acceptedDate": "2000-09-27 00:00:00", "calendarYear": "2000", "period": "FY", "revenue": 505332000, "costOfRevenue": 260647000, "grossProfit": 244685000, "grossProfitRatio": 0.4842064227, "researchAndDevelopmentExpenses": 0, "generalAndAdministrativeExpenses": 141443000, "sellingAndMarketingExpenses": 0, "sellingGeneralAndAdministrativeExpenses": 141443000, "otherExpenses": 25251000, "operatingExpenses": 166694000, "costAndExpenses": 427341000, "interestIncome": 0, "interestExpense": 0, "depreciationAndAmortization": 25251000, "ebitda": 103242000, "ebitdaratio": 0.2043052884, "operatingIncome": 77991000, "operatingIncomeRatio": 0.1543361592, "totalOtherIncomeExpensesNet": 83000, "incomeBeforeTax": 78074000, "incomeBeforeTaxRatio": 0.1545004077, "incomeTaxExpense": 30293000, "netIncome": 47781000, "netIncomeRatio": 0.0945536796, "eps": 0.69, "epsdiluted": 0.68, "weightedAverageShsOut": 69221154, "weightedAverageShsOutDil": 70266176, "link": "https://www.sec.gov/Archives/edgar/data/730464/000073046400000006/0000730464-00-000006-index.htm", "finalLink": "https://www.sec.gov/Archives/edgar/data/730464/000073046400000006/0000730464-00-000006-0001.txt", "calculatedOtherExpenses": 25251000, "calculatedOperatingExpenses": 166694000, "calculatedNetInterest": 0, "calculatedOtherIncome": 83000, "calculatedIncomeNonControlling": 0, "calculatedEbitda": 103242000}, {"date": "1999-06-30", "symbol": "ATGE", "reportedCurrency": "USD", "cik": "0000730464", "fillingDate": "1999-09-27", "acceptedDate": "1999-09-27 00:00:00", "calendarYear": "1999", "period": "FY", "revenue": 419400000, "costOfRevenue": 218400000, "grossProfit": 201000000, "grossProfitRatio": 0.4792560801, "researchAndDevelopmentExpenses": 0, "generalAndAdministrativeExpenses": 121100000, "sellingAndMarketingExpenses": 0, "sellingGeneralAndAdministrativeExpenses": 121100000, "otherExpenses": 17800000, "operatingExpenses": 138900000, "costAndExpenses": 357300000, "interestIncome": 0, "interestExpense": 0, "depreciationAndAmortization": 17800000, "ebitda": 79900000, "ebitdaratio": 0.1905102527, "operatingIncome": 62100000, "operatingIncomeRatio": 0.1480686695, "totalOtherIncomeExpensesNet": 1000000, "incomeBeforeTax": 63100000, "incomeBeforeTaxRatio": 0.1504530281, "incomeTaxExpense": 24300000, "netIncome": 38830000, "netIncomeRatio": 0.0925846447, "eps": 0.56, "epsdiluted": 0.55, "weightedAverageShsOut": 70000000, "weightedAverageShsOutDil": 70600000, "link": "https://www.sec.gov/Archives/edgar/data/730464/000073046499000012/0000730464-99-000012-index.html", "finalLink": "https://www.sec.gov/Archives/edgar/data/730464/000073046499000012/", "calculatedOtherExpenses": 17800000, "calculatedOperatingExpenses": 138900000, "calculatedNetInterest": 0, "calculatedOtherIncome": 1000000, "calculatedIncomeNonControlling": -30000, "calculatedEbitda": 79900000}, {"date": "1998-06-30", "symbol": "ATGE", "reportedCurrency": "USD", "cik": "0000730464", "fillingDate": "1998-09-23", "acceptedDate": "1998-09-23 00:00:00", "calendarYear": "1998", "period": "FY", "revenue": 351900000, "costOfRevenue": 184300000, "grossProfit": 167600000, "grossProfitRatio": 0.4762716681, "researchAndDevelopmentExpenses": 0, "generalAndAdministrativeExpenses": 103800000, "sellingAndMarketingExpenses": 0, "sellingGeneralAndAdministrativeExpenses": 103800000, "otherExpenses": 14000000, "operatingExpenses": 117800000, "costAndExpenses": 302100000, "interestIncome": 0, "interestExpense": 0, "depreciationAndAmortization": 14000000, "ebitda": 62300000, "ebitdaratio": 0.1770389315, "operatingIncome": 49800000, "operatingIncomeRatio": 0.1415174766, "totalOtherIncomeExpensesNet": 1500000, "incomeBeforeTax": 50500000, "incomeBeforeTaxRatio": 0.143506678, "incomeTaxExpense": 19800000, "netIncome": 30700000, "netIncomeRatio": 0.0872406934, "eps": 0.44, "epsdiluted": 0.44, "weightedAverageShsOut": 69772727, "weightedAverageShsOutDil": 69772727, "link": "https://www.sec.gov/Archives/edgar/data/730464/000073046498000006/0000730464-98-000006-index.html", "finalLink": "https://www.sec.gov/Archives/edgar/data/730464/", "calculatedOtherExpenses": 14000000, "calculatedOperatingExpenses": 117800000, "calculatedNetInterest": 0, "calculatedOtherIncome": 700000, "calculatedIncomeNonControlling": 0, "calculatedEbitda": 63800000}, {"date": "1997-06-30", "symbol": "ATGE", "reportedCurrency": "USD", "cik": "0000730464", "fillingDate": "1997-09-24", "acceptedDate": "1997-09-24 00:00:00", "calendarYear": "1997", "period": "FY", "revenue": 307300000, "costOfRevenue": 166900000, "grossProfit": 140400000, "grossProfitRatio": 0.4568825252, "researchAndDevelopmentExpenses": 0, "generalAndAdministrativeExpenses": 87500000, "sellingAndMarketingExpenses": 0, "sellingGeneralAndAdministrativeExpenses": 87500000, "otherExpenses": 11300000, "operatingExpenses": 98800000, "costAndExpenses": 265700000, "interestIncome": 0, "interestExpense": 0, "depreciationAndAmortization": 11300000, "ebitda": 51900000, "ebitdaratio": 0.1688903352, "operatingIncome": 41600000, "operatingIncomeRatio": 0.1353726001, "totalOtherIncomeExpensesNet": 1000000, "incomeBeforeTax": 39900000, "incomeBeforeTaxRatio": 0.1298405467, "incomeTaxExpense": 15700000, "netIncome": 24200000, "netIncomeRatio": 0.0787504068, "eps": 0.36, "epsdiluted": 0.36, "weightedAverageShsOut": 67222222, "weightedAverageShsOutDil": 67222222, "link": "https://www.sec.gov/Archives/edgar/data/730464/000073046497000006/0000730464-97-000006-index.html", "finalLink": "https://www.sec.gov/Archives/edgar/data/730464/", "calculatedOtherExpenses": 11300000, "calculatedOperatingExpenses": 98800000, "calculatedNetInterest": 0, "calculatedOtherIncome": -1700000, "calculatedIncomeNonControlling": 0, "calculatedEbitda": 52900000}, {"date": "1996-06-30", "symbol": "ATGE", "reportedCurrency": "USD", "cik": "0000730464", "fillingDate": "1996-09-24", "acceptedDate": "1996-09-24 00:00:00", "calendarYear": "1996", "period": "FY", "revenue": 258900000, "costOfRevenue": 147600000, "grossProfit": 111300000, "grossProfitRatio": 0.4298957126, "researchAndDevelopmentExpenses": 0, "generalAndAdministrativeExpenses": 71000000, "sellingAndMarketingExpenses": 0, "sellingGeneralAndAdministrativeExpenses": 71000000, "otherExpenses": 7600000, "operatingExpenses": 78600000, "costAndExpenses": 226200000, "interestIncome": 0, "interestExpense": 0, "depreciationAndAmortization": 7600000, "ebitda": 39200000, "ebitdaratio": 0.1514098107, "operatingIncome": 32700000, "operatingIncomeRatio": 0.1263035921, "totalOtherIncomeExpensesNet": 1100000, "incomeBeforeTax": 32700000, "incomeBeforeTaxRatio": 0.1263035921, "incomeTaxExpense": 13500000, "netIncome": 19200000, "netIncomeRatio": 0.0741599073, "eps": 0.28, "epsdiluted": 0.28, "weightedAverageShsOut": 67368421, "weightedAverageShsOutDil": 67368421, "link": "https://www.sec.gov/Archives/edgar/data/730464/000073046496000012/0000730464-96-000012-index.html", "finalLink": "https://www.sec.gov/Archives/edgar/data/730464/", "calculatedOtherExpenses": 7600000, "calculatedOperatingExpenses": 78600000, "calculatedNetInterest": 0, "calculatedOtherIncome": 0, "calculatedIncomeNonControlling": 0, "calculatedEbitda": 40300000}, {"date": "1995-06-30", "symbol": "ATGE", "reportedCurrency": "USD", "cik": "0000730464", "fillingDate": "1995-06-30", "acceptedDate": "1995-06-29 20:00:00", "calendarYear": "1995", "period": "FY", "revenue": 227300000, "costOfRevenue": 130500000, "grossProfit": 96800000, "grossProfitRatio": 0.4258688957, "researchAndDevelopmentExpenses": 0, "generalAndAdministrativeExpenses": 63000000, "sellingAndMarketingExpenses": 0, "sellingGeneralAndAdministrativeExpenses": 63000000, "otherExpenses": 6200000, "operatingExpenses": 69200000, "costAndExpenses": 199700000, "interestIncome": 0, "interestExpense": 0, "depreciationAndAmortization": 6200000, "ebitda": 32600000, "ebitdaratio": 0.1434227893, "operatingIncome": 27600000, "operatingIncomeRatio": 0.1214254289, "totalOtherIncomeExpensesNet": 1200000, "incomeBeforeTax": 25600000, "incomeBeforeTaxRatio": 0.1126264848, "incomeTaxExpense": 10700000, "netIncome": 14900000, "netIncomeRatio": 0.0655521337, "eps": 0.23, "epsdiluted": 0.23, "weightedAverageShsOut": 64782609, "weightedAverageShsOutDil": 64782609, "link": "", "finalLink": "", "calculatedOtherExpenses": 6200000, "calculatedOperatingExpenses": 69200000, "calculatedNetInterest": 0, "calculatedOtherIncome": -2000000, "calculatedIncomeNonControlling": 0, "calculatedEbitda": 33800000}, {"date": "1994-06-30", "symbol": "ATGE", "reportedCurrency": "USD", "cik": "0000730464", "fillingDate": "1994-06-30", "acceptedDate": "1994-06-29 20:00:00", "calendarYear": "1994", "period": "FY", "revenue": 211400000, "costOfRevenue": 120400000, "grossProfit": 91000000, "grossProfitRatio": 0.4304635762, "researchAndDevelopmentExpenses": 0, "generalAndAdministrativeExpenses": 58100000, "sellingAndMarketingExpenses": 0, "sellingGeneralAndAdministrativeExpenses": 58100000, "otherExpenses": 7300000, "operatingExpenses": 65400000, "costAndExpenses": 185800000, "interestIncome": 0, "interestExpense": 0, "depreciationAndAmortization": 7300000, "ebitda": 32900000, "ebitdaratio": 0.1556291391, "operatingIncome": 25600000, "operatingIncomeRatio": 0.1210974456, "totalOtherIncomeExpensesNet": -4600000, "incomeBeforeTax": 21000000, "incomeBeforeTaxRatio": 0.0993377483, "incomeTaxExpense": 8800000, "netIncome": 12200000, "netIncomeRatio": 0.0577105014, "eps": 0.19, "epsdiluted": 0.19, "weightedAverageShsOut": 64210526, "weightedAverageShsOutDil": 64210526, "link": "", "finalLink": "", "calculatedOtherExpenses": 7300000, "calculatedOperatingExpenses": 65400000, "calculatedNetInterest": 0, "calculatedOtherIncome": -4600000, "calculatedIncomeNonControlling": 0, "calculatedEbitda": 32900000}, {"date": "1993-06-30", "symbol": "ATGE", "reportedCurrency": "USD", "cik": "0000730464", "fillingDate": "1993-06-30", "acceptedDate": "1993-06-29 20:00:00", "calendarYear": "1993", "period": "FY", "revenue": 191900000, "costOfRevenue": 110800000, "grossProfit": 81100000, "grossProfitRatio": 0.4226159458, "researchAndDevelopmentExpenses": 0, "generalAndAdministrativeExpenses": 51900000, "sellingAndMarketingExpenses": 0, "sellingGeneralAndAdministrativeExpenses": 51900000, "otherExpenses": 6800000, "operatingExpenses": 58700000, "costAndExpenses": 169500000, "interestIncome": 0, "interestExpense": 0, "depreciationAndAmortization": 6800000, "ebitda": 29200000, "ebitdaratio": 0.1521625847, "operatingIncome": 22400000, "operatingIncomeRatio": 0.1167274622, "totalOtherIncomeExpensesNet": -6800000, "incomeBeforeTax": 15600000, "incomeBeforeTaxRatio": 0.0812923398, "incomeTaxExpense": 6200000, "netIncome": 9400000, "netIncomeRatio": 0.0489838458, "eps": 0.15, "epsdiluted": 0.15, "weightedAverageShsOut": 62666667, "weightedAverageShsOutDil": 62666667, "link": "", "finalLink": "", "calculatedOtherExpenses": 6800000, "calculatedOperatingExpenses": 58700000, "calculatedNetInterest": 0, "calculatedOtherIncome": -6800000, "calculatedIncomeNonControlling": 0, "calculatedEbitda": 29200000}, {"date": "1992-06-30", "symbol": "ATGE", "reportedCurrency": "USD", "cik": "0000730464", "fillingDate": "1992-06-30", "acceptedDate": "1992-06-29 20:00:00", "calendarYear": "1992", "period": "FY", "revenue": 179200000, "costOfRevenue": 102400000, "grossProfit": 76800000, "grossProfitRatio": 0.4285714286, "researchAndDevelopmentExpenses": 0, "generalAndAdministrativeExpenses": 50500000, "sellingAndMarketingExpenses": 0, "sellingGeneralAndAdministrativeExpenses": 50500000, "otherExpenses": 6800000, "operatingExpenses": 57300000, "costAndExpenses": 159700000, "interestIncome": 0, "interestExpense": 0, "depreciationAndAmortization": 6800000, "ebitda": 26300000, "ebitdaratio": 0.1467633929, "operatingIncome": 19500000, "operatingIncomeRatio": 0.1088169643, "totalOtherIncomeExpensesNet": -9600000, "incomeBeforeTax": 9900000, "incomeBeforeTaxRatio": 0.0552455357, "incomeTaxExpense": 4000000, "netIncome": 21700000, "netIncomeRatio": 0.12109375, "eps": 0.35, "epsdiluted": 0.33, "weightedAverageShsOut": 62000000, "weightedAverageShsOutDil": 65757576, "link": "", "finalLink": "", "calculatedOtherExpenses": 6800000, "calculatedOperatingExpenses": 57300000, "calculatedNetInterest": 0, "calculatedOtherIncome": -9600000, "calculatedIncomeNonControlling": -15800000, "calculatedEbitda": 26300000}, {"date": "1991-06-30", "symbol": "ATGE", "reportedCurrency": "USD", "cik": "0000730464", "fillingDate": "1991-06-30", "acceptedDate": "1991-06-29 20:00:00", "calendarYear": "1991", "period": "FY", "revenue": 163100000, "costOfRevenue": 80600000, "grossProfit": 82500000, "grossProfitRatio": 0.5058246475, "researchAndDevelopmentExpenses": 0, "generalAndAdministrativeExpenses": 55300000, "sellingAndMarketingExpenses": 0, "sellingGeneralAndAdministrativeExpenses": 55300000, "otherExpenses": 17100000, "operatingExpenses": 72400000, "costAndExpenses": 153000000, "interestIncome": 0, "interestExpense": 0, "depreciationAndAmortization": 17100000, "ebitda": 27200000, "ebitdaratio": 0.1667688535, "operatingIncome": 10100000, "operatingIncomeRatio": 0.0619251993, "totalOtherIncomeExpensesNet": -13900000, "incomeBeforeTax": -3800000, "incomeBeforeTaxRatio": -0.0232985898, "incomeTaxExpense": -300000, "netIncome": -3500000, "netIncomeRatio": -0.0214592275, "eps": -0.0598, "epsdiluted": -0.0598, "weightedAverageShsOut": 58520000, "weightedAverageShsOutDil": 58520000, "link": "", "finalLink": "", "calculatedOtherExpenses": 17100000, "calculatedOperatingExpenses": 72400000, "calculatedNetInterest": 0, "calculatedOtherIncome": -13900000, "calculatedIncomeNonControlling": 0, "calculatedEbitda": 27200000}, {"date": "1990-06-30", "symbol": "ATGE", "reportedCurrency": "USD", "cik": "0000730464", "fillingDate": "1990-06-30", "acceptedDate": "1990-06-29 20:00:00", "calendarYear": "1990", "period": "FY", "revenue": 156700000, "costOfRevenue": 69700000, "grossProfit": 87000000, "grossProfitRatio": 0.5552010211, "researchAndDevelopmentExpenses": 0, "generalAndAdministrativeExpenses": 57600000, "sellingAndMarketingExpenses": 0, "sellingGeneralAndAdministrativeExpenses": 57600000, "otherExpenses": 19900000, "operatingExpenses": 77500000, "costAndExpenses": 147200000, "interestIncome": 0, "interestExpense": 0, "depreciationAndAmortization": 19900000, "ebitda": 29400000, "ebitdaratio": 0.1876196554, "operatingIncome": 9500000, "operatingIncomeRatio": 0.0606253989, "totalOtherIncomeExpensesNet": -15900000, "incomeBeforeTax": -6400000, "incomeBeforeTaxRatio": -0.040842374, "incomeTaxExpense": -500000, "netIncome": -5900000, "netIncomeRatio": -0.0376515635, "eps": -0.64, "epsdiluted": -0.64, "weightedAverageShsOut": 9218750, "weightedAverageShsOutDil": 9218750, "link": "", "finalLink": "", "calculatedOtherExpenses": 19900000, "calculatedOperatingExpenses": 77500000, "calculatedNetInterest": 0, "calculatedOtherIncome": -15900000, "calculatedIncomeNonControlling": 0, "calculatedEbitda": 29400000}, {"date": "1989-06-30", "symbol": "ATGE", "reportedCurrency": "USD", "cik": "0000730464", "fillingDate": "1989-06-30", "acceptedDate": "1989-06-29 20:00:00", "calendarYear": "1989", "period": "FY", "revenue": 153700000, "costOfRevenue": 81900000, "grossProfit": 71800000, "grossProfitRatio": 0.4671437866, "researchAndDevelopmentExpenses": 0, "generalAndAdministrativeExpenses": 70400000, "sellingAndMarketingExpenses": 0, "sellingGeneralAndAdministrativeExpenses": 70400000, "otherExpenses": 5500000, "operatingExpenses": 75900000, "costAndExpenses": 157800000, "interestIncome": 0, "interestExpense": 0, "depreciationAndAmortization": 5500000, "ebitda": 1400000, "ebitdaratio": 0.0091086532, "operatingIncome": -4100000, "operatingIncomeRatio": -0.0266753416, "totalOtherIncomeExpensesNet": -18000000, "incomeBeforeTax": -22100000, "incomeBeforeTaxRatio": -0.1437865973, "incomeTaxExpense": -700000, "netIncome": -21400000, "netIncomeRatio": -0.1392322707, "eps": -2.33, "epsdiluted": -2.33, "weightedAverageShsOut": 9184549, "weightedAverageShsOutDil": 9184549, "link": "", "finalLink": "", "calculatedOtherExpenses": 5500000, "calculatedOperatingExpenses": 75900000, "calculatedNetInterest": 0, "calculatedOtherIncome": -18000000, "calculatedIncomeNonControlling": 0, "calculatedEbitda": 1400000}]}