{"originalCurrency": "USD", "convertedCurrency": "USD", "report": [{"date": "2023-12-31", "symbol": "ATI", "reportedCurrency": "USD", "cik": "0001018963", "fillingDate": "2024-02-23", "acceptedDate": "2024-02-23 13:54:13", "calendarYear": "2023", "period": "FY", "revenue": 7544800000, "costOfRevenue": 6742200000, "grossProfit": 802600000, "grossProfitRatio": 0.1063779027, "researchAndDevelopmentExpenses": 20700000, "generalAndAdministrativeExpenses": 62300000, "sellingAndMarketingExpenses": 265800000, "sellingGeneralAndAdministrativeExpenses": 328100000, "otherExpenses": -77100000, "operatingExpenses": 328100000, "costAndExpenses": 7070300000, "interestIncome": 13000000, "interestExpense": -92800000, "depreciationAndAmortization": 146100000, "ebitda": 466400000, "ebitdaratio": 0.0618174107, "operatingIncome": 466400000, "operatingIncomeRatio": 0.0618174107, "totalOtherIncomeExpensesNet": -171200000, "incomeBeforeTax": 295200000, "incomeBeforeTaxRatio": 0.0391262857, "incomeTaxExpense": -128199999.99999999, "netIncome": 410800000, "netIncomeRatio": 0.0544480967, "eps": 3.21, "epsdiluted": 2.81, "weightedAverageShsOut": 128100000, "weightedAverageShsOutDil": 150000000, "link": "https://www.sec.gov/Archives/edgar/data/1018963/000162828024006606/0001628280-24-006606-index.htm", "finalLink": "https://www.sec.gov/Archives/edgar/data/1018963/000162828024006606/ati-20231231.htm", "calculatedOtherExpenses": -12600000, "calculatedOperatingExpenses": 336200000, "calculatedNetInterest": 105800000, "calculatedOtherIncome": -277000000, "calculatedIncomeNonControlling": 12600000.0, "calculatedEbitda": 612500000}, {"date": "2022-12-31", "symbol": "ATI", "reportedCurrency": "USD", "cik": "0001018963", "fillingDate": "2023-02-24", "acceptedDate": "2023-02-24 14:28:42", "calendarYear": "2022", "period": "FY", "revenue": 3836000000, "costOfRevenue": 3121800000, "grossProfit": 714200000, "grossProfitRatio": 0.1861835245, "researchAndDevelopmentExpenses": 16300000, "generalAndAdministrativeExpenses": 62400000, "sellingAndMarketingExpenses": 235100000, "sellingGeneralAndAdministrativeExpenses": 297500000, "otherExpenses": -37900000, "operatingExpenses": 297500000, "costAndExpenses": 3419300000, "interestIncome": 4700000, "interestExpense": 87400000, "depreciationAndAmortization": 234400000, "ebitda": 521700000, "ebitdaratio": 0.1360010428, "operatingIncome": 287300000, "operatingIncomeRatio": 0.0748957247, "totalOtherIncomeExpensesNet": -125300000, "incomeBeforeTax": 162000000, "incomeBeforeTaxRatio": 0.0422314911, "incomeTaxExpense": 15500000, "netIncome": 130900000, "netIncomeRatio": 0.0341240876, "eps": 1.03, "epsdiluted": 0.87, "weightedAverageShsOut": 127500000, "weightedAverageShsOutDil": 151200000, "link": "https://www.sec.gov/Archives/edgar/data/1018963/000162828023005017/0001628280-23-005017-index.htm", "finalLink": "https://www.sec.gov/Archives/edgar/data/1018963/000162828023005017/ati-20221231.htm", "calculatedOtherExpenses": 113100000, "calculatedOperatingExpenses": 426900000, "calculatedNetInterest": -82700000, "calculatedOtherIncome": -42600000, "calculatedIncomeNonControlling": 15600000, "calculatedEbitda": 521700000}, {"date": "2021-12-31", "symbol": "ATI", "reportedCurrency": "USD", "cik": "0001018963", "fillingDate": "2022-02-25", "acceptedDate": "2022-02-25 13:25:12", "calendarYear": "2021", "period": "FY", "revenue": 2799800000, "costOfRevenue": 2466600000, "grossProfit": 333200000, "grossProfitRatio": 0.1190085006, "researchAndDevelopmentExpenses": 16500000, "generalAndAdministrativeExpenses": 55900000, "sellingAndMarketingExpenses": 171000000, "sellingGeneralAndAdministrativeExpenses": 226900000, "otherExpenses": 55400000, "operatingExpenses": 226900000, "costAndExpenses": 2693500000, "interestIncome": 700000, "interestExpense": 96900000, "depreciationAndAmortization": 143900000, "ebitda": 305600000, "ebitdaratio": 0.1091506536, "operatingIncome": 161700000, "operatingIncomeRatio": 0.0577541253, "totalOtherIncomeExpensesNet": -151100000, "incomeBeforeTax": 10600000, "incomeBeforeTaxRatio": 0.0037859847, "incomeTaxExpense": 26800000, "netIncome": -16200000, "netIncomeRatio": -0.0057861276, "eps": -0.13, "epsdiluted": -0.13, "weightedAverageShsOut": 127100000, "weightedAverageShsOutDil": 127100000, "link": "https://www.sec.gov/Archives/edgar/data/1018963/000162828022003961/0001628280-22-003961-index.htm", "finalLink": "https://www.sec.gov/Archives/edgar/data/1018963/000162828022003961/ati-20211231.htm", "calculatedOtherExpenses": -71900000, "calculatedOperatingExpenses": 171500000, "calculatedNetInterest": -96200000, "calculatedOtherIncome": -54900000, "calculatedIncomeNonControlling": 0, "calculatedEbitda": 305600000}, {"date": "2020-12-31", "symbol": "ATI", "reportedCurrency": "USD", "cik": "0001018963", "fillingDate": "2021-02-26", "acceptedDate": "2021-02-26 13:52:31", "calendarYear": "2020", "period": "FY", "revenue": 2982100000, "costOfRevenue": 2689300000, "grossProfit": 292800000, "grossProfitRatio": 0.0981858422, "researchAndDevelopmentExpenses": 14100000, "generalAndAdministrativeExpenses": 40900000, "sellingAndMarketingExpenses": 160100000, "sellingGeneralAndAdministrativeExpenses": 201000000, "otherExpenses": -63300000, "operatingExpenses": 201000000, "costAndExpenses": 2890300000, "interestIncome": 1700000, "interestExpense": 94400000, "depreciationAndAmortization": 143300000, "ebitda": 171800000, "ebitdaratio": 0.0576104088, "operatingIncome": 28500000, "operatingIncomeRatio": 0.0095570236, "totalOtherIncomeExpensesNet": -1510400000, "incomeBeforeTax": -1481900000, "incomeBeforeTaxRatio": -0.4969316924, "incomeTaxExpense": 77700000, "netIncome": -1559600000, "netIncomeRatio": -0.5229871567, "eps": -12.33, "epsdiluted": -12.33, "weightedAverageShsOut": 126500000, "weightedAverageShsOutDil": 126500000, "link": "https://www.sec.gov/Archives/edgar/data/1018963/000162828021003434/0001628280-21-003434-index.htm", "finalLink": "https://www.sec.gov/Archives/edgar/data/1018963/000162828021003434/ati-20201231.htm", "calculatedOtherExpenses": 49200000, "calculatedOperatingExpenses": 264300000, "calculatedNetInterest": -92700000, "calculatedOtherIncome": -1417700000, "calculatedIncomeNonControlling": 0, "calculatedEbitda": 171800000}, {"date": "2019-12-31", "symbol": "ATI", "reportedCurrency": "USD", "cik": "0001018963", "fillingDate": "2020-02-25", "acceptedDate": "2020-02-25 12:44:37", "calendarYear": "2019", "period": "FY", "revenue": 4122500000, "costOfRevenue": 3484700000, "grossProfit": 637800000, "grossProfitRatio": 0.1547119466, "researchAndDevelopmentExpenses": 17800000, "generalAndAdministrativeExpenses": 65300000, "sellingAndMarketingExpenses": 201900000, "sellingGeneralAndAdministrativeExpenses": 267200000, "otherExpenses": -3900000, "operatingExpenses": 267200000, "costAndExpenses": 3751900000, "interestIncome": 5900000, "interestExpense": 99000000, "depreciationAndAmortization": 151700000, "ebitda": 517800000, "ebitdaratio": 0.125603396, "operatingIncome": 366100000, "operatingIncomeRatio": 0.0888053366, "totalOtherIncomeExpensesNet": -124500000, "incomeBeforeTax": 241600000, "incomeBeforeTaxRatio": 0.0586052153, "incomeTaxExpense": -28500000, "netIncome": 257600000, "netIncomeRatio": 0.0624863554, "eps": 2.05, "epsdiluted": 1.85, "weightedAverageShsOut": 125800000, "weightedAverageShsOutDil": 146500000, "link": "https://www.sec.gov/Archives/edgar/data/1018963/000101896320000004/0001018963-20-000004-index.htm", "finalLink": "https://www.sec.gov/Archives/edgar/data/1018963/000101896320000004/atify201910-k.htm", "calculatedOtherExpenses": -13300000, "calculatedOperatingExpenses": 271700000, "calculatedNetInterest": -93100000, "calculatedOtherIncome": -31400000, "calculatedIncomeNonControlling": 12500000, "calculatedEbitda": 517800000}, {"date": "2018-12-31", "symbol": "ATI", "reportedCurrency": "USD", "cik": "0001018963", "fillingDate": "2019-02-28", "acceptedDate": "2019-02-28 12:20:24", "calendarYear": "2018", "period": "FY", "revenue": 4046600000, "costOfRevenue": 3416300000, "grossProfit": 630300000, "grossProfitRatio": 0.1557603914, "researchAndDevelopmentExpenses": 22700000, "generalAndAdministrativeExpenses": 57300000, "sellingAndMarketingExpenses": 210900000, "sellingGeneralAndAdministrativeExpenses": 268200000, "otherExpenses": -13400000, "operatingExpenses": 268200000, "costAndExpenses": 3684500000, "interestIncome": 0, "interestExpense": 101000000, "depreciationAndAmortization": 156400000, "ebitda": 505100000, "ebitdaratio": 0.1248208372, "operatingIncome": 362100000, "operatingIncomeRatio": 0.0894825285, "totalOtherIncomeExpensesNet": -13400000, "incomeBeforeTax": 247700000, "incomeBeforeTaxRatio": 0.0612118816, "incomeTaxExpense": 11000000, "netIncome": 222400000, "netIncomeRatio": 0.0549597193, "eps": 1.52, "epsdiluted": 1.52, "weightedAverageShsOut": 145900000, "weightedAverageShsOutDil": 145900000, "link": "https://www.sec.gov/Archives/edgar/data/1018963/000101896319000007/0001018963-19-000007-index.htm", "finalLink": "https://www.sec.gov/Archives/edgar/data/1018963/000101896319000007/atify201810-k.htm", "calculatedOtherExpenses": -22700000, "calculatedOperatingExpenses": 268200000, "calculatedNetInterest": -101000000, "calculatedOtherIncome": -13400000, "calculatedIncomeNonControlling": 14300000, "calculatedEbitda": 518500000}, {"date": "2017-12-31", "symbol": "ATI", "reportedCurrency": "USD", "cik": "0001018963", "fillingDate": "2018-02-20", "acceptedDate": "2018-02-20 14:30:21", "calendarYear": "2017", "period": "FY", "revenue": 3525100000, "costOfRevenue": 3076100000, "grossProfit": 449000000, "grossProfitRatio": 0.1273722731, "researchAndDevelopmentExpenses": 14700000, "generalAndAdministrativeExpenses": 50500000, "sellingAndMarketingExpenses": 203800000, "sellingGeneralAndAdministrativeExpenses": 254300000, "otherExpenses": 4000000, "operatingExpenses": 254300000, "costAndExpenses": 3330400000, "interestIncome": 0, "interestExpense": 133800000, "depreciationAndAmortization": 160800000, "ebitda": 359500000, "ebitdaratio": 0.1019829225, "operatingIncome": 80300000, "operatingIncomeRatio": 0.0227794956, "totalOtherIncomeExpensesNet": -147400000, "incomeBeforeTax": -86500000, "incomeBeforeTaxRatio": -0.024538311, "incomeTaxExpense": -6800000, "netIncome": -91900000, "netIncomeRatio": -0.0260701824, "eps": -0.83, "epsdiluted": -0.83, "weightedAverageShsOut": 110100000, "weightedAverageShsOutDil": 110100000, "link": "https://www.sec.gov/Archives/edgar/data/1018963/000101896318000004/0001018963-18-000004-index.htm", "finalLink": "https://www.sec.gov/Archives/edgar/data/1018963/000101896318000004/atify201710-k.htm", "calculatedOtherExpenses": 99700000, "calculatedOperatingExpenses": 368700000, "calculatedNetInterest": -133800000, "calculatedOtherIncome": -33000000, "calculatedIncomeNonControlling": 12200000, "calculatedEbitda": 241100000}, {"date": "2016-12-31", "symbol": "ATI", "reportedCurrency": "USD", "cik": "0001018963", "fillingDate": "2017-02-24", "acceptedDate": "2017-02-24 14:11:15", "calendarYear": "2016", "period": "FY", "revenue": 3134600000, "costOfRevenue": 2972100000, "grossProfit": 162500000, "grossProfitRatio": 0.0518407452, "researchAndDevelopmentExpenses": 16900000, "generalAndAdministrativeExpenses": 43400000, "sellingAndMarketingExpenses": 204300000, "sellingGeneralAndAdministrativeExpenses": 247700000, "otherExpenses": 2400000, "operatingExpenses": 247700000, "costAndExpenses": 3219800000, "interestIncome": 0, "interestExpense": 124000000, "depreciationAndAmortization": 170300000, "ebitda": 87500000, "ebitdaratio": 0.0279142474, "operatingIncome": -612400000, "operatingIncomeRatio": -0.19536783, "totalOtherIncomeExpensesNet": -524800000, "incomeBeforeTax": -734000000, "incomeBeforeTaxRatio": -0.2341606585, "incomeTaxExpense": -106900000, "netIncome": -640900000, "netIncomeRatio": -0.2044598992, "eps": -5.97, "epsdiluted": -5.97, "weightedAverageShsOut": 107300000, "weightedAverageShsOutDil": 107300000, "link": "https://www.sec.gov/Archives/edgar/data/1018963/000101896317000007/0001018963-17-000007-index.htm", "finalLink": "https://www.sec.gov/Archives/edgar/data/1018963/000101896317000007/atify201610-k.htm", "calculatedOtherExpenses": 510300000, "calculatedOperatingExpenses": 774900000, "calculatedNetInterest": -124000000, "calculatedOtherIncome": 2400000, "calculatedIncomeNonControlling": 13800000, "calculatedEbitda": -442100000}, {"date": "2015-12-31", "symbol": "ATI", "reportedCurrency": "USD", "cik": "0001018963", "fillingDate": "2016-02-26", "acceptedDate": "2016-02-26 16:03:59", "calendarYear": "2015", "period": "FY", "revenue": 3719600000, "costOfRevenue": 3633900000, "grossProfit": 85700000, "grossProfitRatio": 0.0230401118, "researchAndDevelopmentExpenses": 15700000, "generalAndAdministrativeExpenses": 44700000, "sellingAndMarketingExpenses": 194100000, "sellingGeneralAndAdministrativeExpenses": 238800000, "otherExpenses": 1600000, "operatingExpenses": 238800000, "costAndExpenses": 3872700000, "interestIncome": 0, "interestExpense": 110200000, "depreciationAndAmortization": 189900000, "ebitda": 38400000, "ebitdaratio": 0.0103236907, "operatingIncome": -369400000, "operatingIncomeRatio": -0.099311754, "totalOtherIncomeExpensesNet": -214700000, "incomeBeforeTax": -478000000, "incomeBeforeTaxRatio": -0.1285084418, "incomeTaxExpense": -112100000, "netIncome": -377900000, "netIncomeRatio": -0.1015969459, "eps": -3.52, "epsdiluted": -3.52, "weightedAverageShsOut": 107214889, "weightedAverageShsOutDil": 107300000, "link": "https://www.sec.gov/Archives/edgar/data/1018963/000101896316000049/0001018963-16-000049-index.htm", "finalLink": "https://www.sec.gov/Archives/edgar/data/1018963/000101896316000049/atify201510-k.htm", "calculatedOtherExpenses": 200600000, "calculatedOperatingExpenses": 455100000, "calculatedNetInterest": -110200000, "calculatedOtherIncome": 1600000, "calculatedIncomeNonControlling": 12000000, "calculatedEbitda": -179500000}, {"date": "2014-12-31", "symbol": "ATI", "reportedCurrency": "USD", "cik": "0001018963", "fillingDate": "2015-02-26", "acceptedDate": "2015-02-26 16:05:15", "calendarYear": "2014", "period": "FY", "revenue": 4223400000, "costOfRevenue": 3844800000, "grossProfit": 378600000, "grossProfitRatio": 0.0896434153, "researchAndDevelopmentExpenses": 20100000, "generalAndAdministrativeExpenses": 49600000, "sellingAndMarketingExpenses": 222900000, "sellingGeneralAndAdministrativeExpenses": 272500000, "otherExpenses": 4100000, "operatingExpenses": 272500000, "costAndExpenses": 4117300000, "interestIncome": 0, "interestExpense": 108700000, "depreciationAndAmortization": 176800000, "ebitda": 287000000, "ebitdaratio": 0.0679547284, "operatingIncome": 106100000, "operatingIncomeRatio": 0.0251219397, "totalOtherIncomeExpensesNet": 4100000, "incomeBeforeTax": 1500000, "incomeBeforeTaxRatio": 0.0003551641, "incomeTaxExpense": -8700000, "netIncome": -2600000, "netIncomeRatio": -0.0006156177, "eps": -0.0243, "epsdiluted": -0.0243, "weightedAverageShsOut": 107100000, "weightedAverageShsOutDil": 107100000, "link": "https://www.sec.gov/Archives/edgar/data/1018963/000101896315000005/0001018963-15-000005-index.htm", "finalLink": "https://www.sec.gov/Archives/edgar/data/1018963/000101896315000005/atify201410-k.htm", "calculatedOtherExpenses": -20100000, "calculatedOperatingExpenses": 272500000, "calculatedNetInterest": -108700000, "calculatedOtherIncome": 4100000, "calculatedIncomeNonControlling": 12800000, "calculatedEbitda": 282900000}, {"date": "2013-12-31", "symbol": "ATI", "reportedCurrency": "USD", "cik": "0001018963", "fillingDate": "2014-02-27", "acceptedDate": "2014-02-27 16:08:51", "calendarYear": "2013", "period": "FY", "revenue": 4043500000, "costOfRevenue": 3790900000, "grossProfit": 252600000, "grossProfitRatio": 0.0624706319, "researchAndDevelopmentExpenses": 18800000, "generalAndAdministrativeExpenses": 0, "sellingAndMarketingExpenses": 276400000, "sellingGeneralAndAdministrativeExpenses": 276400000, "otherExpenses": 1700000, "operatingExpenses": 276400000, "costAndExpenses": 4067300000, "interestIncome": 0, "interestExpense": 65200000, "depreciationAndAmortization": 189900000, "ebitda": 167800000, "ebitdaratio": 0.0414987016, "operatingIncome": -91300000, "operatingIncomeRatio": -0.0225794485, "totalOtherIncomeExpensesNet": -65800000, "incomeBeforeTax": -154800000, "incomeBeforeTaxRatio": -0.0382836651, "incomeTaxExpense": -63600000, "netIncome": 154000000, "netIncomeRatio": 0.0380858167, "eps": 1.44, "epsdiluted": 1.44, "weightedAverageShsOut": 106236559, "weightedAverageShsOutDil": 106800000, "link": "https://www.sec.gov/Archives/edgar/data/1018963/000144530514000663/0001445305-14-000663-index.htm", "finalLink": "https://www.sec.gov/Archives/edgar/data/1018963/000144530514000663/atify201310-k.htm", "calculatedOtherExpenses": 48700000, "calculatedOperatingExpenses": 343900000, "calculatedNetInterest": -65200000, "calculatedOtherIncome": 1700000, "calculatedIncomeNonControlling": -245200000, "calculatedEbitda": 98600000}, {"date": "2012-12-31", "symbol": "ATI", "reportedCurrency": "USD", "cik": "0001018963", "fillingDate": "2013-02-28", "acceptedDate": "2013-02-28 16:24:23", "calendarYear": "2012", "period": "FY", "revenue": 5031500000, "costOfRevenue": 4338300000, "grossProfit": 693200000, "grossProfitRatio": 0.1377720362, "researchAndDevelopmentExpenses": 23800000, "generalAndAdministrativeExpenses": 0, "sellingAndMarketingExpenses": 377800000, "sellingGeneralAndAdministrativeExpenses": 377800000, "otherExpenses": 200000, "operatingExpenses": 377800000, "costAndExpenses": 4716100000, "interestIncome": 0, "interestExpense": 71600000, "depreciationAndAmortization": 194000000, "ebitda": 509600000, "ebitdaratio": 0.1012819239, "operatingIncome": 315400000, "operatingIncomeRatio": 0.062685084, "totalOtherIncomeExpensesNet": 200000, "incomeBeforeTax": 244000000, "incomeBeforeTaxRatio": 0.0484944847, "incomeTaxExpense": 76200000, "netIncome": 158400000, "netIncomeRatio": 0.0314816655, "eps": 1.49, "epsdiluted": 1.43, "weightedAverageShsOut": 106100000, "weightedAverageShsOutDil": 116600000, "link": "https://www.sec.gov/Archives/edgar/data/1018963/000119312513084310/0001193125-13-084310-index.htm", "finalLink": "https://www.sec.gov/Archives/edgar/data/1018963/000119312513084310/d492316d10k.htm", "calculatedOtherExpenses": -23800000, "calculatedOperatingExpenses": 377800000, "calculatedNetInterest": -71600000, "calculatedOtherIncome": 200000, "calculatedIncomeNonControlling": 9400000, "calculatedEbitda": 509400000}, {"date": "2011-12-31", "symbol": "ATI", "reportedCurrency": "USD", "cik": "0001018963", "fillingDate": "2012-02-27", "acceptedDate": "2012-02-27 16:41:07", "calendarYear": "2011", "period": "FY", "revenue": 5183000000, "costOfRevenue": 4369800000, "grossProfit": 813200000, "grossProfitRatio": 0.1568975497, "researchAndDevelopmentExpenses": 0, "generalAndAdministrativeExpenses": 0, "sellingAndMarketingExpenses": 0, "sellingGeneralAndAdministrativeExpenses": 382100000, "otherExpenses": 0, "operatingExpenses": 382100000, "costAndExpenses": 4751900000, "interestIncome": 0, "interestExpense": 92300000, "depreciationAndAmortization": 174400000, "ebitda": 605500000, "ebitdaratio": 0.1168242331, "operatingIncome": 431100000, "operatingIncomeRatio": 0.0831757669, "totalOtherIncomeExpensesNet": 600000, "incomeBeforeTax": 339400000, "incomeBeforeTaxRatio": 0.0654833108, "incomeTaxExpense": 116300000, "netIncome": 214300000, "netIncomeRatio": 0.0413467104, "eps": 2.09, "epsdiluted": 1.97, "weightedAverageShsOut": 102500000, "weightedAverageShsOutDil": 113900000, "link": "https://www.sec.gov/Archives/edgar/data/1018963/000119312512081765/0001193125-12-081765-index.htm", "finalLink": "https://www.sec.gov/Archives/edgar/data/1018963/000119312512081765/d304866d10k.htm", "calculatedOtherExpenses": 0, "calculatedOperatingExpenses": 382100000, "calculatedNetInterest": -92300000, "calculatedOtherIncome": 600000, "calculatedIncomeNonControlling": 8800000, "calculatedEbitda": 605500000}, {"date": "2010-12-31", "symbol": "ATI", "reportedCurrency": "USD", "cik": "0001018963", "fillingDate": "2011-02-28", "acceptedDate": "2011-02-28 17:07:42", "calendarYear": "2010", "period": "FY", "revenue": 4047800000, "costOfRevenue": 3557500000, "grossProfit": 490300000, "grossProfitRatio": 0.1211275261, "researchAndDevelopmentExpenses": 0, "generalAndAdministrativeExpenses": 0, "sellingAndMarketingExpenses": 0, "sellingGeneralAndAdministrativeExpenses": 304900000, "otherExpenses": 0, "operatingExpenses": 304900000, "costAndExpenses": 3862400000, "interestIncome": 0, "interestExpense": 62700000, "depreciationAndAmortization": 141500000, "ebitda": 326900000, "ebitdaratio": 0.080759919, "operatingIncome": 185400000, "operatingIncomeRatio": 0.0458026582, "totalOtherIncomeExpensesNet": 3000000, "incomeBeforeTax": 125700000, "incomeBeforeTaxRatio": 0.0310539058, "incomeTaxExpense": 47000000, "netIncome": 70700000, "netIncomeRatio": 0.017466278, "eps": 0.73, "epsdiluted": 0.72, "weightedAverageShsOut": 97500000, "weightedAverageShsOutDil": 98700000, "link": "https://www.sec.gov/Archives/edgar/data/1018963/000095012311019865/0000950123-11-019865-index.htm", "finalLink": "https://www.sec.gov/Archives/edgar/data/1018963/000095012311019865/l41886e10vk.htm", "calculatedOtherExpenses": 0, "calculatedOperatingExpenses": 304900000, "calculatedNetInterest": -62700000, "calculatedOtherIncome": 3000000, "calculatedIncomeNonControlling": 8000000, "calculatedEbitda": 326900000}, {"date": "2009-12-31", "symbol": "ATI", "reportedCurrency": "USD", "cik": "0001018963", "fillingDate": "2010-02-25", "acceptedDate": "2010-02-25 16:26:27", "calendarYear": "2009", "period": "FY", "revenue": 3054900000, "costOfRevenue": 2646500000, "grossProfit": 408400000, "grossProfitRatio": 0.1336868637, "researchAndDevelopmentExpenses": 0, "generalAndAdministrativeExpenses": 0, "sellingAndMarketingExpenses": 0, "sellingGeneralAndAdministrativeExpenses": 315700000, "otherExpenses": 0, "operatingExpenses": 315700000, "costAndExpenses": 2962200000, "interestIncome": 0, "interestExpense": 19300000, "depreciationAndAmortization": 132600000, "ebitda": 225300000, "ebitdaratio": 0.0737503683, "operatingIncome": 92700000, "operatingIncomeRatio": 0.0303446921, "totalOtherIncomeExpensesNet": -8500000, "incomeBeforeTax": 64900000, "incomeBeforeTaxRatio": 0.0212445579, "incomeTaxExpense": 26900000, "netIncome": 31700000, "netIncomeRatio": 0.0103767717, "eps": 0.33, "epsdiluted": 0.32, "weightedAverageShsOut": 97200000, "weightedAverageShsOutDil": 98100000, "link": "https://www.sec.gov/Archives/edgar/data/1018963/000095012310017084/0000950123-10-017084-index.htm", "finalLink": "https://www.sec.gov/Archives/edgar/data/1018963/000095012310017084/l38930e10vk.htm", "calculatedOtherExpenses": 0, "calculatedOperatingExpenses": 315700000, "calculatedNetInterest": -19300000, "calculatedOtherIncome": -8500000, "calculatedIncomeNonControlling": 6300000, "calculatedEbitda": 225300000}, {"date": "2008-12-31", "symbol": "ATI", "reportedCurrency": "USD", "cik": "0001018963", "fillingDate": "2009-02-23", "acceptedDate": "2009-02-23 16:22:23", "calendarYear": "2008", "period": "FY", "revenue": 5309700000, "costOfRevenue": 4157800000, "grossProfit": 1151900000, "grossProfitRatio": 0.2169425768, "researchAndDevelopmentExpenses": 0, "generalAndAdministrativeExpenses": 0, "sellingAndMarketingExpenses": 0, "sellingGeneralAndAdministrativeExpenses": 282700000, "otherExpenses": 0, "operatingExpenses": 282700000, "costAndExpenses": 4440500000, "interestIncome": 0, "interestExpense": 3500000, "depreciationAndAmortization": 118800000, "ebitda": 993600000, "ebitdaratio": 0.1871292163, "operatingIncome": 869200000, "operatingIncomeRatio": 0.1637003974, "totalOtherIncomeExpensesNet": -5600000, "incomeBeforeTax": 860100000, "incomeBeforeTaxRatio": 0.1619865529, "incomeTaxExpense": 294200000, "netIncome": 565900000, "netIncomeRatio": 0.1065785261, "eps": 5.71, "epsdiluted": 5.67, "weightedAverageShsOut": 99100000, "weightedAverageShsOutDil": 99800000, "link": "https://www.sec.gov/Archives/edgar/data/1018963/000095015209001663/0000950152-09-001663-index.htm", "finalLink": "https://www.sec.gov/Archives/edgar/data/1018963/000095015209001663/l35099ae10vk.htm", "calculatedOtherExpenses": 0, "calculatedOperatingExpenses": 282700000, "calculatedNetInterest": -3500000, "calculatedOtherIncome": -5600000, "calculatedIncomeNonControlling": 0, "calculatedEbitda": 988000000}, {"date": "2007-12-31", "symbol": "ATI", "reportedCurrency": "USD", "cik": "0001018963", "fillingDate": "2008-02-26", "acceptedDate": "2008-02-26 16:49:29", "calendarYear": "2007", "period": "FY", "revenue": 5452500000, "costOfRevenue": 4003100000, "grossProfit": 1449400000, "grossProfitRatio": 0.265823017, "researchAndDevelopmentExpenses": 0, "generalAndAdministrativeExpenses": 0, "sellingAndMarketingExpenses": 0, "sellingGeneralAndAdministrativeExpenses": 296700000, "otherExpenses": 0, "operatingExpenses": 296700000, "costAndExpenses": 4299800000, "interestIncome": 0, "interestExpense": 0, "depreciationAndAmortization": 102900000, "ebitda": 1249400000, "ebitdaratio": 0.2291425951, "operatingIncome": 1146500000, "operatingIncomeRatio": 0.2102705181, "totalOtherIncomeExpensesNet": 6200000, "incomeBeforeTax": 1147300000, "incomeBeforeTaxRatio": 0.2104172398, "incomeTaxExpense": 400200000, "netIncome": 747100000, "netIncomeRatio": 0.1370197157, "eps": 7.35, "epsdiluted": 7.26, "weightedAverageShsOut": 101690000, "weightedAverageShsOutDil": 102960000, "link": "https://www.sec.gov/Archives/edgar/data/1018963/000095015208001416/0000950152-08-001416-index.htm", "finalLink": "https://www.sec.gov/Archives/edgar/data/1018963/000095015208001416/l29833ae10vk.htm", "calculatedOtherExpenses": 6200000, "calculatedOperatingExpenses": 302900000, "calculatedNetInterest": 0, "calculatedOtherIncome": 800000, "calculatedIncomeNonControlling": 0, "calculatedEbitda": 1249400000}, {"date": "2006-12-31", "symbol": "ATI", "reportedCurrency": "USD", "cik": "0001018963", "fillingDate": "2007-02-27", "acceptedDate": "2007-02-27 17:02:42", "calendarYear": "2006", "period": "FY", "revenue": 4939600000, "costOfRevenue": 3743800000, "grossProfit": 1195800000, "grossProfitRatio": 0.2420843793, "researchAndDevelopmentExpenses": 0, "generalAndAdministrativeExpenses": 0, "sellingAndMarketingExpenses": 0, "sellingGeneralAndAdministrativeExpenses": 295300000, "otherExpenses": 0, "operatingExpenses": 295300000, "costAndExpenses": 4039100000, "interestIncome": 0, "interestExpense": 0, "depreciationAndAmortization": 84200000, "ebitda": 981600000, "ebitdaratio": 0.1987205442, "operatingIncome": 897400000, "operatingIncomeRatio": 0.1816746295, "totalOtherIncomeExpensesNet": 3100000, "incomeBeforeTax": 869200000, "incomeBeforeTaxRatio": 0.1759656652, "incomeTaxExpense": 297300000, "netIncome": 571900000, "netIncomeRatio": 0.1157786056, "eps": 5.76, "epsdiluted": 5.61, "weightedAverageShsOut": 99670139, "weightedAverageShsOutDil": 102335116, "link": "https://www.sec.gov/Archives/edgar/data/1018963/000095015207001549/0000950152-07-001549-index.htm", "finalLink": "https://www.sec.gov/Archives/edgar/data/1018963/000095015207001549/l24090ae10vk.htm", "calculatedOtherExpenses": 3100000, "calculatedOperatingExpenses": 298400000, "calculatedNetInterest": 0, "calculatedOtherIncome": -28200000, "calculatedIncomeNonControlling": 0, "calculatedEbitda": 981600000}, {"date": "2005-12-31", "symbol": "ATI", "reportedCurrency": "USD", "cik": "0001018963", "fillingDate": "2006-03-01", "acceptedDate": "2006-03-01 14:02:19", "calendarYear": "2005", "period": "FY", "revenue": 3539900000, "costOfRevenue": 2889700000, "grossProfit": 650200000, "grossProfitRatio": 0.183677505, "researchAndDevelopmentExpenses": 0, "generalAndAdministrativeExpenses": 0, "sellingAndMarketingExpenses": 0, "sellingGeneralAndAdministrativeExpenses": 275800000, "otherExpenses": 0, "operatingExpenses": 275800000, "costAndExpenses": 3165500000, "interestIncome": 0, "interestExpense": 350500000, "depreciationAndAmortization": 77300000, "ebitda": 480400000, "ebitdaratio": 0.1357100483, "operatingIncome": 403100000, "operatingIncomeRatio": 0.1138732733, "totalOtherIncomeExpensesNet": -28700000, "incomeBeforeTax": 307100000, "incomeBeforeTaxRatio": 0.0867538631, "incomeTaxExpense": -54700000, "netIncome": 359800000, "netIncomeRatio": 0.1016412893, "eps": 3.77, "epsdiluted": 3.59, "weightedAverageShsOut": 96230000, "weightedAverageShsOutDil": 100840000, "link": "https://www.sec.gov/Archives/edgar/data/1018963/000095015206001573/0000950152-06-001573-index.htm", "finalLink": "https://www.sec.gov/Archives/edgar/data/1018963/000095015206001573/j1820901e10vk.htm", "calculatedOtherExpenses": -28700000, "calculatedOperatingExpenses": 247100000, "calculatedNetInterest": -350500000, "calculatedOtherIncome": 254500000, "calculatedIncomeNonControlling": 2000000, "calculatedEbitda": 480400000}, {"date": "2004-12-31", "symbol": "ATI", "reportedCurrency": "USD", "cik": "0001018963", "fillingDate": "2005-02-28", "acceptedDate": "2005-02-28 17:15:01", "calendarYear": "2004", "period": "FY", "revenue": 2733000000, "costOfRevenue": 2488100000, "grossProfit": 244900000, "grossProfitRatio": 0.0896084888, "researchAndDevelopmentExpenses": 0, "generalAndAdministrativeExpenses": 0, "sellingAndMarketingExpenses": 0, "sellingGeneralAndAdministrativeExpenses": 233300000, "otherExpenses": 0, "operatingExpenses": 233300000, "costAndExpenses": 2721400000, "interestIncome": 0, "interestExpense": 0, "depreciationAndAmortization": 76100000, "ebitda": 44000000, "ebitdaratio": 0.0160995243, "operatingIncome": -32100000, "operatingIncomeRatio": -0.0117453348, "totalOtherIncomeExpensesNet": 43700000, "incomeBeforeTax": 19800000, "incomeBeforeTaxRatio": 0.0072447859, "incomeTaxExpense": -8200000, "netIncome": 19800000, "netIncomeRatio": 0.0072447859, "eps": 0.23, "epsdiluted": 0.22, "weightedAverageShsOut": 86630000, "weightedAverageShsOutDil": 90490000, "link": "https://www.sec.gov/Archives/edgar/data/1018963/000095012805000057/0000950128-05-000057-index.htm", "finalLink": "https://www.sec.gov/Archives/edgar/data/1018963/000095012805000057/j1230201e10vk.txt", "calculatedOtherExpenses": 43700000, "calculatedOperatingExpenses": 277000000, "calculatedNetInterest": 0, "calculatedOtherIncome": 51900000, "calculatedIncomeNonControlling": 8200000, "calculatedEbitda": 44000000}, {"date": "2003-12-31", "symbol": "ATI", "reportedCurrency": "USD", "cik": "0001018963", "fillingDate": "2004-03-15", "acceptedDate": "2004-03-15 15:25:25", "calendarYear": "2003", "period": "FY", "revenue": 1937400000, "costOfRevenue": 1873600000, "grossProfit": 63800000, "grossProfitRatio": 0.0329307319, "researchAndDevelopmentExpenses": 0, "generalAndAdministrativeExpenses": 0, "sellingAndMarketingExpenses": 0, "sellingGeneralAndAdministrativeExpenses": 248800000, "otherExpenses": 0, "operatingExpenses": 248800000, "costAndExpenses": 2122400000, "interestIncome": 0, "interestExpense": 0, "depreciationAndAmortization": 74600000, "ebitda": -42900000, "ebitdaratio": -0.0221430784, "operatingIncome": -117500000, "operatingIncomeRatio": -0.0606482915, "totalOtherIncomeExpensesNet": -67500000, "incomeBeforeTax": -2802000000, "incomeBeforeTaxRatio": -1.4462681945, "incomeTaxExpense": 33100000, "netIncome": -314600000, "netIncomeRatio": -0.1623825746, "eps": -3.89, "epsdiluted": -3.89, "weightedAverageShsOut": 80874036, "weightedAverageShsOutDil": 80874036, "link": "https://www.sec.gov/Archives/edgar/data/1018963/000095012804000283/0000950128-04-000283-index.htm", "finalLink": "https://www.sec.gov/Archives/edgar/data/1018963/000095012804000283/j0498601e10vk.txt", "calculatedOtherExpenses": -67500000, "calculatedOperatingExpenses": 181300000, "calculatedNetInterest": 0, "calculatedOtherIncome": -2684500000, "calculatedIncomeNonControlling": -2520500000, "calculatedEbitda": -42900000}, {"date": "2002-12-31", "symbol": "ATI", "reportedCurrency": "USD", "cik": "0001018963", "fillingDate": "2003-03-24", "acceptedDate": "2003-03-24 16:38:08", "calendarYear": "2002", "period": "FY", "revenue": 1907800000, "costOfRevenue": 1744500000, "grossProfit": 163300000, "grossProfitRatio": 0.0855959744, "researchAndDevelopmentExpenses": 0, "generalAndAdministrativeExpenses": 0, "sellingAndMarketingExpenses": 0, "sellingGeneralAndAdministrativeExpenses": 188300000, "otherExpenses": 0, "operatingExpenses": 188300000, "costAndExpenses": 1932800000, "interestIncome": 0, "interestExpense": 0, "depreciationAndAmortization": 90000000, "ebitda": 109500000, "ebitdaratio": 0.0573959535, "operatingIncome": 19500000, "operatingIncomeRatio": 0.0102211972, "totalOtherIncomeExpensesNet": -44500000, "incomeBeforeTax": -103800000, "incomeBeforeTaxRatio": -0.0544082189, "incomeTaxExpense": -38000000, "netIncome": -65800000, "netIncomeRatio": -0.0344899885, "eps": -0.82, "epsdiluted": -0.82, "weightedAverageShsOut": 80243902, "weightedAverageShsOutDil": 80243902, "link": "https://www.sec.gov/Archives/edgar/data/1018963/000095012803000412/0000950128-03-000412-index.htm", "finalLink": "https://www.sec.gov/Archives/edgar/data/1018963/000095012803000412/j9925901e10vk.txt", "calculatedOtherExpenses": -44500000, "calculatedOperatingExpenses": 143800000, "calculatedNetInterest": 0, "calculatedOtherIncome": -123300000, "calculatedIncomeNonControlling": 0, "calculatedEbitda": 109500000}, {"date": "2001-12-31", "symbol": "ATI", "reportedCurrency": "USD", "cik": "0001018963", "fillingDate": "2002-03-15", "acceptedDate": "2002-03-15 00:00:00", "calendarYear": "2001", "period": "FY", "revenue": 2128000000, "costOfRevenue": 1862300000, "grossProfit": 265700000, "grossProfitRatio": 0.1248590226, "researchAndDevelopmentExpenses": 0, "generalAndAdministrativeExpenses": 0, "sellingAndMarketingExpenses": 0, "sellingGeneralAndAdministrativeExpenses": 198800000, "otherExpenses": 0, "operatingExpenses": 198800000, "costAndExpenses": 2061100000, "interestIncome": 0, "interestExpense": 0, "depreciationAndAmortization": 98600000, "ebitda": 239500000, "ebitdaratio": 0.1125469925, "operatingIncome": 140900000, "operatingIncomeRatio": 0.066212406, "totalOtherIncomeExpensesNet": -74000000, "incomeBeforeTax": -36400000, "incomeBeforeTaxRatio": -0.0171052632, "incomeTaxExpense": -11200000, "netIncome": -25200000, "netIncomeRatio": -0.0118421053, "eps": -0.31, "epsdiluted": -0.31, "weightedAverageShsOut": 81290323, "weightedAverageShsOutDil": 81290323, "link": "https://www.sec.gov/Archives/edgar/data/1018963/000095012802000271/0000950128-02-000271-index.htm", "finalLink": "https://www.sec.gov/Archives/edgar/data/1018963/000095012802000271/j9326701e10-k405.txt", "calculatedOtherExpenses": -74000000, "calculatedOperatingExpenses": 124800000, "calculatedNetInterest": 0, "calculatedOtherIncome": -177300000, "calculatedIncomeNonControlling": 0, "calculatedEbitda": 239500000}, {"date": "2000-12-31", "symbol": "ATI", "reportedCurrency": "USD", "cik": "0001018963", "fillingDate": "2001-03-14", "acceptedDate": "2001-03-14 00:00:00", "calendarYear": "2000", "period": "FY", "revenue": 2460400000, "costOfRevenue": 1998500000, "grossProfit": 461900000, "grossProfitRatio": 0.1877337018, "researchAndDevelopmentExpenses": 0, "generalAndAdministrativeExpenses": 0, "sellingAndMarketingExpenses": 0, "sellingGeneralAndAdministrativeExpenses": 203700000, "otherExpenses": 0, "operatingExpenses": 203700000, "costAndExpenses": 2202200000, "interestIncome": 0, "interestExpense": 0, "depreciationAndAmortization": 99700000, "ebitda": 372900000, "ebitdaratio": 0.1515607218, "operatingIncome": 273200000, "operatingIncomeRatio": 0.1110388555, "totalOtherIncomeExpensesNet": -15000000, "incomeBeforeTax": 208800000, "incomeBeforeTaxRatio": 0.0848642497, "incomeTaxExpense": 76300000, "netIncome": 132500000, "netIncomeRatio": 0.053853032, "eps": 1.6, "epsdiluted": 1.6, "weightedAverageShsOut": 82812500, "weightedAverageShsOutDil": 82812500, "link": "https://www.sec.gov/Archives/edgar/data/1018963/000095012801000485/0000950128-01-000485-index.htm", "finalLink": "https://www.sec.gov/Archives/edgar/data/1018963/000095012801000485/j8697501e10-k405.txt", "calculatedOtherExpenses": -15000000, "calculatedOperatingExpenses": 188700000, "calculatedNetInterest": 0, "calculatedOtherIncome": -64400000, "calculatedIncomeNonControlling": 0, "calculatedEbitda": 372900000}, {"date": "1999-12-31", "symbol": "ATI", "reportedCurrency": "USD", "cik": "0001018963", "fillingDate": "2000-03-21", "acceptedDate": "2000-03-21 00:00:00", "calendarYear": "1999", "period": "FY", "revenue": 2296100000, "costOfRevenue": 1782600000, "grossProfit": 513500000, "grossProfitRatio": 0.2236400854, "researchAndDevelopmentExpenses": 0, "generalAndAdministrativeExpenses": 0, "sellingAndMarketingExpenses": 0, "sellingGeneralAndAdministrativeExpenses": 229100000, "otherExpenses": 0, "operatingExpenses": 324400000, "costAndExpenses": 2107000000, "interestIncome": 0, "interestExpense": 0, "depreciationAndAmortization": 95300000, "ebitda": 279000000, "ebitdaratio": 0.1215103872, "operatingIncome": 183700000, "operatingIncomeRatio": 0.0800052263, "totalOtherIncomeExpensesNet": 5400000, "incomeBeforeTax": 174200000, "incomeBeforeTaxRatio": 0.0758677758, "incomeTaxExpense": 63200000, "netIncome": 300200000, "netIncomeRatio": 0.1307434345, "eps": 3.15, "epsdiluted": 3.13, "weightedAverageShsOut": 95301587, "weightedAverageShsOutDil": 95910543, "link": "https://www.sec.gov/Archives/edgar/data/1018963/000095012800000549/0000950128-00-000549-index.html", "finalLink": "https://www.sec.gov/Archives/edgar/data/1018963/000095012800000549/", "calculatedOtherExpenses": 100700000, "calculatedOperatingExpenses": 329800000, "calculatedNetInterest": 0, "calculatedOtherIncome": -9500000, "calculatedIncomeNonControlling": -189200000, "calculatedEbitda": 279000000}, {"date": "1998-12-31", "symbol": "ATI", "reportedCurrency": "USD", "cik": "0001018963", "fillingDate": "1999-03-19", "acceptedDate": "1999-03-19 00:00:00", "calendarYear": "1998", "period": "FY", "revenue": 3923400000, "costOfRevenue": 2950200000, "grossProfit": 973200000, "grossProfitRatio": 0.2480501606, "researchAndDevelopmentExpenses": 0, "generalAndAdministrativeExpenses": 0, "sellingAndMarketingExpenses": 0, "sellingGeneralAndAdministrativeExpenses": 503600000, "otherExpenses": 0, "operatingExpenses": 503600000, "costAndExpenses": 3453800000, "interestIncome": 0, "interestExpense": 0, "depreciationAndAmortization": 109000000, "ebitda": 637700000, "ebitdaratio": 0.1625375949, "operatingIncome": 528700000, "operatingIncomeRatio": 0.1347555691, "totalOtherIncomeExpensesNet": -59100000, "incomeBeforeTax": 391200000, "incomeBeforeTaxRatio": 0.0997094357, "incomeTaxExpense": 150000000, "netIncome": 241200000, "netIncomeRatio": 0.0614772901, "eps": 4.9, "epsdiluted": 4.86, "weightedAverageShsOut": 96848304, "weightedAverageShsOutDil": 96848304, "link": "https://www.sec.gov/Archives/edgar/data/1018963/000095012899000587/0000950128-99-000587-index.html", "finalLink": "https://www.sec.gov/Archives/edgar/data/1018963/", "calculatedOtherExpenses": -59100000, "calculatedOperatingExpenses": 444500000, "calculatedNetInterest": 0, "calculatedOtherIncome": -137500000, "calculatedIncomeNonControlling": 0, "calculatedEbitda": 637700000}, {"date": "1997-12-31", "symbol": "ATI", "reportedCurrency": "USD", "cik": "0001018963", "fillingDate": "1998-03-23", "acceptedDate": "1998-03-23 00:00:00", "calendarYear": "1997", "period": "FY", "revenue": 3745100000, "costOfRevenue": 2828800000, "grossProfit": 916300000, "grossProfitRatio": 0.244666364, "researchAndDevelopmentExpenses": 0, "generalAndAdministrativeExpenses": 0, "sellingAndMarketingExpenses": 0, "sellingGeneralAndAdministrativeExpenses": 484100000, "otherExpenses": 0, "operatingExpenses": 484100000, "costAndExpenses": 3312900000, "interestIncome": 0, "interestExpense": 0, "depreciationAndAmortization": 98500000, "ebitda": 468100000, "ebitdaratio": 0.1249899869, "operatingIncome": 369600000, "operatingIncomeRatio": 0.0986889536, "totalOtherIncomeExpensesNet": 62600000, "incomeBeforeTax": 475200000, "incomeBeforeTaxRatio": 0.1268857974, "incomeTaxExpense": 177600000, "netIncome": 297600000, "netIncomeRatio": 0.0794638327, "eps": 3.73, "epsdiluted": 3.73, "weightedAverageShsOut": 87467334, "weightedAverageShsOutDil": 87467334, "link": "https://www.sec.gov/Archives/edgar/data/1018963/000095012898000653/0000950128-98-000653-index.html", "finalLink": "https://www.sec.gov/Archives/edgar/data/1018963/", "calculatedOtherExpenses": 62600000, "calculatedOperatingExpenses": 546700000, "calculatedNetInterest": 0, "calculatedOtherIncome": 105600000, "calculatedIncomeNonControlling": 0, "calculatedEbitda": 468100000}, {"date": "1996-12-31", "symbol": "ATI", "reportedCurrency": "USD", "cik": "0001018963", "fillingDate": "1997-03-27", "acceptedDate": "1997-03-27 00:00:00", "calendarYear": "1996", "period": "FY", "revenue": 3815600000, "costOfRevenue": 2901700000, "grossProfit": 913900000, "grossProfitRatio": 0.2395167208, "researchAndDevelopmentExpenses": 0, "generalAndAdministrativeExpenses": 0, "sellingAndMarketingExpenses": 0, "sellingGeneralAndAdministrativeExpenses": 515500000, "otherExpenses": 0, "operatingExpenses": 515500000, "costAndExpenses": 3417200000, "interestIncome": 0, "interestExpense": 0, "depreciationAndAmortization": 105300000, "ebitda": 482700000, "ebitdaratio": 0.1265069714, "operatingIncome": 377400000, "operatingIncomeRatio": 0.098909739, "totalOtherIncomeExpensesNet": 21000000, "incomeBeforeTax": 384700000, "incomeBeforeTaxRatio": 0.1008229374, "incomeTaxExpense": 158200000, "netIncome": 213000000, "netIncomeRatio": 0.0558234616, "eps": 2.65, "epsdiluted": 2.65, "weightedAverageShsOut": 88046987, "weightedAverageShsOutDil": 88046987, "link": "https://www.sec.gov/Archives/edgar/data/1018963/000095012897000664/0000950128-97-000664-index.html", "finalLink": "https://www.sec.gov/Archives/edgar/data/1018963/", "calculatedOtherExpenses": 21000000, "calculatedOperatingExpenses": 536500000, "calculatedNetInterest": 0, "calculatedOtherIncome": 7300000, "calculatedIncomeNonControlling": 13500000, "calculatedEbitda": 482700000}]}