{"originalCurrency": "USD", "convertedCurrency": "USD", "report": [{"date": "2023-12-31", "symbol": "AUB", "reportedCurrency": "USD", "cik": "0000883948", "fillingDate": "2024-02-22", "acceptedDate": "2024-02-22 15:40:06", "calendarYear": "2023", "period": "FY", "revenue": 696271000, "costOfRevenue": 0, "grossProfit": 696271000, "grossProfitRatio": 1, "researchAndDevelopmentExpenses": 0, "generalAndAdministrativeExpenses": 256543000, "sellingAndMarketingExpenses": 10406000, "sellingGeneralAndAdministrativeExpenses": 266949000, "otherExpenses": 233106000, "operatingExpenses": 233106000, "costAndExpenses": 233106000, "interestIncome": 954450000, "interestExpense": 343437000, "depreciationAndAmortization": 40958000, "ebitda": 233106000, "ebitdaratio": 0.3347920565, "operatingIncome": 233106000, "operatingIncomeRatio": 0.3347920565, "totalOtherIncomeExpensesNet": -31288000, "incomeBeforeTax": 239901000, "incomeBeforeTaxRatio": 0.3445511877, "incomeTaxExpense": 38083000, "netIncome": 201818000, "netIncomeRatio": 0.2898555304, "eps": 2.69, "epsdiluted": 2.69, "weightedAverageShsOut": 74962363, "weightedAverageShsOutDil": 74962363, "link": "https://www.sec.gov/Archives/edgar/data/883948/000088394824000030/0000883948-24-000030-index.htm", "finalLink": "https://www.sec.gov/Archives/edgar/data/883948/000088394824000030/aub-20231231x10k.htm", "calculatedOtherExpenses": 196216000, "calculatedOperatingExpenses": 463165000, "calculatedNetInterest": 611013000, "calculatedOtherIncome": -604218000, "calculatedIncomeNonControlling": 0, "calculatedEbitda": 274064000}, {"date": "2022-12-31", "symbol": "AUB", "reportedCurrency": "USD", "cik": "0000883948", "fillingDate": "2023-02-24", "acceptedDate": "2023-02-23 17:50:07", "calendarYear": "2022", "period": "FY", "revenue": 696210000, "costOfRevenue": 0, "grossProfit": 696210000, "grossProfitRatio": 1, "researchAndDevelopmentExpenses": 0, "generalAndAdministrativeExpenses": 239167000, "sellingAndMarketingExpenses": 9236000, "sellingGeneralAndAdministrativeExpenses": 248403000, "otherExpenses": -553868000, "operatingExpenses": -305465000, "costAndExpenses": -305465000, "interestIncome": 660435000, "interestExpense": 76174000, "depreciationAndAmortization": 10815000, "ebitda": 401560000, "ebitdaratio": 0.5767799945, "operatingIncome": 390745000, "operatingIncomeRatio": 0.5612458885, "totalOtherIncomeExpensesNet": -110791000, "incomeBeforeTax": 279954000, "incomeBeforeTaxRatio": 0.4021114319, "incomeTaxExpense": 45444000, "netIncome": 234510000, "netIncomeRatio": 0.336838023, "eps": 2.97, "epsdiluted": 2.97, "weightedAverageShsOut": 74949109, "weightedAverageShsOutDil": 74953398, "link": "https://www.sec.gov/Archives/edgar/data/883948/000088394823000027/0000883948-23-000027-index.htm", "finalLink": "https://www.sec.gov/Archives/edgar/data/883948/000088394823000027/aub-20221231x10k.htm", "calculatedOtherExpenses": 57062000, "calculatedOperatingExpenses": 305465000, "calculatedNetInterest": 584261000, "calculatedOtherIncome": -695052000, "calculatedIncomeNonControlling": 0, "calculatedEbitda": 401560000}, {"date": "2021-12-31", "symbol": "AUB", "reportedCurrency": "USD", "cik": "0000883948", "fillingDate": "2022-02-25", "acceptedDate": "2022-02-25 16:56:51", "calendarYear": "2021", "period": "FY", "revenue": 677066000, "costOfRevenue": 0, "grossProfit": 677066000, "grossProfitRatio": 1, "researchAndDevelopmentExpenses": 0, "generalAndAdministrativeExpenses": 254611000, "sellingAndMarketingExpenses": 9875000, "sellingGeneralAndAdministrativeExpenses": 264486000, "otherExpenses": -622793000, "operatingExpenses": -358307000, "costAndExpenses": -358307000, "interestIncome": 592359000, "interestExpense": 41099000, "depreciationAndAmortization": 13904000, "ebitda": 332663000, "ebitdaratio": 0.4913302396, "operatingIncome": 318759000, "operatingIncomeRatio": 0.4707945754, "totalOtherIncomeExpensesNet": 0, "incomeBeforeTax": 318759000, "incomeBeforeTaxRatio": 0.4707945754, "incomeTaxExpense": 54842000, "netIncome": 263917000, "netIncomeRatio": 0.3897950864, "eps": 3.26, "epsdiluted": 3.26, "weightedAverageShsOut": 77399902, "weightedAverageShsOutDil": 77417801, "link": "https://www.sec.gov/Archives/edgar/data/883948/000155837022002183/0001558370-22-002183-index.htm", "finalLink": "https://www.sec.gov/Archives/edgar/data/883948/000155837022002183/aub-20211231x10k.htm", "calculatedOtherExpenses": 93821000, "calculatedOperatingExpenses": 358307000, "calculatedNetInterest": 551260000, "calculatedOtherIncome": -551260000, "calculatedIncomeNonControlling": 0, "calculatedEbitda": 332663000}, {"date": "2020-12-31", "symbol": "AUB", "reportedCurrency": "USD", "cik": "0000883948", "fillingDate": "2021-02-26", "acceptedDate": "2021-02-26 08:36:30", "calendarYear": "2020", "period": "FY", "revenue": 686784000, "costOfRevenue": 0, "grossProfit": 686784000, "grossProfitRatio": 1, "researchAndDevelopmentExpenses": 0, "generalAndAdministrativeExpenses": 242562000, "sellingAndMarketingExpenses": 9886000, "sellingGeneralAndAdministrativeExpenses": 252448000, "otherExpenses": -752938000, "operatingExpenses": -500490000, "costAndExpenses": -500490000, "interestIncome": 653454000, "interestExpense": 98156000, "depreciationAndAmortization": 16574000, "ebitda": 202868000, "ebitdaratio": 0.2953883608, "operatingIncome": 186294000, "operatingIncomeRatio": 0.2712555913, "totalOtherIncomeExpensesNet": 0, "incomeBeforeTax": 186294000, "incomeBeforeTaxRatio": 0.2712555913, "incomeTaxExpense": 28066000, "netIncome": 158228000, "netIncomeRatio": 0.2303897586, "eps": 1.93, "epsdiluted": 1.93, "weightedAverageShsOut": 78858726, "weightedAverageShsOutDil": 78875668, "link": "https://www.sec.gov/Archives/edgar/data/883948/000155837021001925/0001558370-21-001925-index.htm", "finalLink": "https://www.sec.gov/Archives/edgar/data/883948/000155837021001925/aub-20201231x10k.htm", "calculatedOtherExpenses": 248042000, "calculatedOperatingExpenses": 500490000, "calculatedNetInterest": 555298000, "calculatedOtherIncome": -555298000, "calculatedIncomeNonControlling": 0, "calculatedEbitda": 202868000}, {"date": "2019-12-31", "symbol": "AUB", "reportedCurrency": "USD", "cik": "0000883948", "fillingDate": "2020-02-25", "acceptedDate": "2020-02-25 17:12:36", "calendarYear": "2019", "period": "FY", "revenue": 670687000, "costOfRevenue": 0, "grossProfit": 670687000, "grossProfitRatio": 1, "researchAndDevelopmentExpenses": 0, "generalAndAdministrativeExpenses": 237341000, "sellingAndMarketingExpenses": 11566000, "sellingGeneralAndAdministrativeExpenses": 248907000, "otherExpenses": -688509000, "operatingExpenses": -439602000, "costAndExpenses": -439602000, "interestIncome": 699332000, "interestExpense": 161460000, "depreciationAndAmortization": 18521000, "ebitda": 249606000, "ebitdaratio": 0.372164661, "operatingIncome": 231085000, "operatingIncomeRatio": 0.3445496931, "totalOtherIncomeExpensesNet": 170000, "incomeBeforeTax": 231255000, "incomeBeforeTaxRatio": 0.3448031645, "incomeTaxExpense": 37557000, "netIncome": 193528000, "netIncomeRatio": 0.2885518878, "eps": 2.41, "epsdiluted": 2.41, "weightedAverageShsOut": 80200950, "weightedAverageShsOutDil": 80263557, "link": "https://www.sec.gov/Archives/edgar/data/883948/000155837020001345/0001558370-20-001345-index.htm", "finalLink": "https://www.sec.gov/Archives/edgar/data/883948/000155837020001345/aub-20191231x10k5152b8.htm", "calculatedOtherExpenses": 190695000, "calculatedOperatingExpenses": 439602000, "calculatedNetInterest": 537872000, "calculatedOtherIncome": -537702000, "calculatedIncomeNonControlling": 170000, "calculatedEbitda": 249606000}, {"date": "2018-12-31", "symbol": "AUB", "reportedCurrency": "USD", "cik": "0000883948", "fillingDate": "2019-02-27", "acceptedDate": "2019-02-27 16:12:11", "calendarYear": "2018", "period": "FY", "revenue": 510966000, "costOfRevenue": 7206000, "grossProfit": 503760000, "grossProfitRatio": 0.9858973004, "researchAndDevelopmentExpenses": 0, "generalAndAdministrativeExpenses": 197226000, "sellingAndMarketingExpenses": 10043000, "sellingGeneralAndAdministrativeExpenses": 207269000, "otherExpenses": -432668000, "operatingExpenses": -225399000, "costAndExpenses": -225399000, "interestIncome": 528788000, "interestExpense": 102097000, "depreciationAndAmortization": 12839000, "ebitda": 304689000, "ebitdaratio": 0.5962999495, "operatingIncome": 278361000, "operatingIncomeRatio": 0.5447740163, "totalOtherIncomeExpensesNet": -98932000, "incomeBeforeTax": 179429000, "incomeBeforeTaxRatio": 0.351156437, "incomeTaxExpense": 30016000, "netIncome": 146248000, "netIncomeRatio": 0.2862186525, "eps": 2.22, "epsdiluted": 2.22, "weightedAverageShsOut": 65859165, "weightedAverageShsOutDil": 65908573, "link": "https://www.sec.gov/Archives/edgar/data/883948/000088394819000058/0000883948-19-000058-index.htm", "finalLink": "https://www.sec.gov/Archives/edgar/data/883948/000088394819000058/ubsh-20181231x10k.htm", "calculatedOtherExpenses": 18130000, "calculatedOperatingExpenses": 225399000, "calculatedNetInterest": 426691000, "calculatedOtherIncome": -525623000, "calculatedIncomeNonControlling": 3165000, "calculatedEbitda": 291200000}, {"date": "2017-12-31", "symbol": "AUB", "reportedCurrency": "USD", "cik": "0000883948", "fillingDate": "2018-02-27", "acceptedDate": "2018-02-27 16:00:21", "calendarYear": "2017", "period": "FY", "revenue": 351831000, "costOfRevenue": 5328000, "grossProfit": 346503000, "grossProfitRatio": 0.9848563657, "researchAndDevelopmentExpenses": 0, "generalAndAdministrativeExpenses": 154970000, "sellingAndMarketingExpenses": 7838000, "sellingGeneralAndAdministrativeExpenses": 162808000, "otherExpenses": 0, "operatingExpenses": 7838000, "costAndExpenses": 13166000, "interestIncome": 330194000, "interestExpense": 50037000, "depreciationAndAmortization": 6088000, "ebitda": 181551000, "ebitdaratio": 0.5160176335, "operatingIncome": 2776000, "operatingIncomeRatio": 0.0078901518, "totalOtherIncomeExpensesNet": 103534000, "incomeBeforeTax": 106310000, "incomeBeforeTaxRatio": 0.3021621176, "incomeTaxExpense": 33387000, "netIncome": 72923000, "netIncomeRatio": 0.2072671254, "eps": 1.67, "epsdiluted": 1.67, "weightedAverageShsOut": 43698897, "weightedAverageShsOutDil": 43779744, "link": "https://www.sec.gov/Archives/edgar/data/883948/000088394818000047/0000883948-18-000047-index.htm", "finalLink": "https://www.sec.gov/Archives/edgar/data/883948/000088394818000047/ubsh-20171231x10k.htm", "calculatedOtherExpenses": 180919000, "calculatedOperatingExpenses": 343727000, "calculatedNetInterest": 280157000, "calculatedOtherIncome": -176623000, "calculatedIncomeNonControlling": 0, "calculatedEbitda": 8864000}, {"date": "2016-12-31", "symbol": "AUB", "reportedCurrency": "USD", "cik": "0000883948", "fillingDate": "2017-02-28", "acceptedDate": "2017-02-28 15:51:53", "calendarYear": "2016", "period": "FY", "revenue": 336057000, "costOfRevenue": 4790000, "grossProfit": 331267000, "grossProfitRatio": 0.9857464656, "researchAndDevelopmentExpenses": 0, "generalAndAdministrativeExpenses": 149854000, "sellingAndMarketingExpenses": 7784000, "sellingGeneralAndAdministrativeExpenses": 157638000, "otherExpenses": 0, "operatingExpenses": 7784000, "costAndExpenses": 12574000, "interestIncome": 294920000, "interestExpense": 29770000, "depreciationAndAmortization": 7210000, "ebitda": 157794000, "ebitdaratio": 0.469545345, "operatingIncome": 3112000, "operatingIncomeRatio": 0.0092603338, "totalOtherIncomeExpensesNet": 101142000, "incomeBeforeTax": 104254000, "incomeBeforeTaxRatio": 0.3102271341, "incomeTaxExpense": 26778000, "netIncome": 77476000, "netIncomeRatio": 0.2305442232, "eps": 1.77, "epsdiluted": 1.77, "weightedAverageShsOut": 43784193, "weightedAverageShsOutDil": 43890271, "link": "https://www.sec.gov/Archives/edgar/data/883948/000088394817000028/0000883948-17-000028-index.htm", "finalLink": "https://www.sec.gov/Archives/edgar/data/883948/000088394817000028/ubsh-20161231x10k.htm", "calculatedOtherExpenses": 170517000, "calculatedOperatingExpenses": 328155000, "calculatedNetInterest": 265150000, "calculatedOtherIncome": -164008000, "calculatedIncomeNonControlling": 0, "calculatedEbitda": 10322000}, {"date": "2015-12-31", "symbol": "AUB", "reportedCurrency": "USD", "cik": "0000883948", "fillingDate": "2016-02-25", "acceptedDate": "2016-02-25 15:26:30", "calendarYear": "2015", "period": "FY", "revenue": 316841000, "costOfRevenue": 2819000, "grossProfit": 314022000, "grossProfitRatio": 0.9911027929, "researchAndDevelopmentExpenses": 0, "generalAndAdministrativeExpenses": 132993000, "sellingAndMarketingExpenses": 7215000, "sellingGeneralAndAdministrativeExpenses": 140208000, "otherExpenses": 0, "operatingExpenses": 7215000, "costAndExpenses": 10034000, "interestIncome": 276771000, "interestExpense": 24937000, "depreciationAndAmortization": 8445000, "ebitda": 139221000, "ebitdaratio": 0.43940336, "operatingIncome": 5841000, "operatingIncomeRatio": 0.0184351141, "totalOtherIncomeExpensesNet": 84547000, "incomeBeforeTax": 90388000, "incomeBeforeTaxRatio": 0.285278736, "incomeTaxExpense": 23309000, "netIncome": 67079000, "netIncomeRatio": 0.2117118681, "eps": 1.49, "epsdiluted": 1.49, "weightedAverageShsOut": 45054938, "weightedAverageShsOutDil": 45138891, "link": "https://www.sec.gov/Archives/edgar/data/883948/000114420416084271/0001144204-16-084271-index.htm", "finalLink": "https://www.sec.gov/Archives/edgar/data/883948/000114420416084271/v429673_10k.htm", "calculatedOtherExpenses": 167973000, "calculatedOperatingExpenses": 308181000, "calculatedNetInterest": 251834000, "calculatedOtherIncome": -167287000, "calculatedIncomeNonControlling": 0, "calculatedEbitda": 14286000}, {"date": "2014-12-31", "symbol": "AUB", "reportedCurrency": "USD", "cik": "0000883948", "fillingDate": "2015-02-27", "acceptedDate": "2015-02-27 13:52:51", "calendarYear": "2014", "period": "FY", "revenue": 316489000, "costOfRevenue": 2672000, "grossProfit": 313817000, "grossProfitRatio": 0.9915573685, "researchAndDevelopmentExpenses": 0, "generalAndAdministrativeExpenses": 136220000, "sellingAndMarketingExpenses": 6406000, "sellingGeneralAndAdministrativeExpenses": 142626000, "otherExpenses": -351066000, "operatingExpenses": -208440000, "costAndExpenses": 2672000, "interestIncome": 274945000, "interestExpense": 19927000, "depreciationAndAmortization": 9795000, "ebitda": 115172000, "ebitdaratio": 0.3639052226, "operatingIncome": 105377000, "operatingIncomeRatio": 0.3329562797, "totalOtherIncomeExpensesNet": -35424000, "incomeBeforeTax": 69953000, "incomeBeforeTaxRatio": 0.221028219, "incomeTaxExpense": 17362000, "netIncome": 52591000, "netIncomeRatio": 0.1661700723, "eps": 1.14, "epsdiluted": 1.14, "weightedAverageShsOut": 46036023, "weightedAverageShsOutDil": 46130895, "link": "https://www.sec.gov/Archives/edgar/data/883948/000114420415012599/0001144204-15-012599-index.htm", "finalLink": "https://www.sec.gov/Archives/edgar/data/883948/000114420415012599/v402863_10k.htm", "calculatedOtherExpenses": 65814000, "calculatedOperatingExpenses": 208440000, "calculatedNetInterest": 255018000, "calculatedOtherIncome": -290442000, "calculatedIncomeNonControlling": 0, "calculatedEbitda": 115172000}, {"date": "2013-12-31", "symbol": "AUB", "reportedCurrency": "USD", "cik": "0000883948", "fillingDate": "2014-03-11", "acceptedDate": "2014-03-11 11:38:50", "calendarYear": "2013", "period": "FY", "revenue": 190694000, "costOfRevenue": 0, "grossProfit": 190694000, "grossProfitRatio": 1, "researchAndDevelopmentExpenses": 0, "generalAndAdministrativeExpenses": 70369000, "sellingAndMarketingExpenses": 0, "sellingGeneralAndAdministrativeExpenses": 70369000, "otherExpenses": -193553000, "operatingExpenses": -123184000, "costAndExpenses": -123184000, "interestIncome": 172127000, "interestExpense": 20501000, "depreciationAndAmortization": 19924000, "ebitda": 87434000, "ebitdaratio": 0.4585042004, "operatingIncome": 67510000, "operatingIncomeRatio": 0.3540226751, "totalOtherIncomeExpensesNet": -20501000, "incomeBeforeTax": 47009000, "incomeBeforeTaxRatio": 0.2465153597, "incomeTaxExpense": 12513000, "netIncome": 34496000, "netIncomeRatio": 0.1808971441, "eps": 1.38, "epsdiluted": 1.38, "weightedAverageShsOut": 24975077, "weightedAverageShsOutDil": 25030711, "link": "https://www.sec.gov/Archives/edgar/data/883948/000114420414014745/0001144204-14-014745-index.htm", "finalLink": "https://www.sec.gov/Archives/edgar/data/883948/000114420414014745/v370796_10k.htm", "calculatedOtherExpenses": 52815000, "calculatedOperatingExpenses": 123184000, "calculatedNetInterest": 151626000, "calculatedOtherIncome": -172127000, "calculatedIncomeNonControlling": 0, "calculatedEbitda": 87434000}, {"date": "2012-12-31", "symbol": "AUB", "reportedCurrency": "USD", "cik": "0000883948", "fillingDate": "2013-03-13", "acceptedDate": "2013-03-13 15:22:48", "calendarYear": "2012", "period": "FY", "revenue": 195421000, "costOfRevenue": 0, "grossProfit": 195421000, "grossProfitRatio": 1, "researchAndDevelopmentExpenses": 0, "generalAndAdministrativeExpenses": 68648000, "sellingAndMarketingExpenses": 5473000, "sellingGeneralAndAdministrativeExpenses": 68648000, "otherExpenses": -186817000, "operatingExpenses": -118169000, "costAndExpenses": -118169000, "interestIncome": 181863000, "interestExpense": 27508000, "depreciationAndAmortization": 12395000, "ebitda": 89647000, "ebitdaratio": 0.458737802, "operatingIncome": 77252000, "operatingIncomeRatio": 0.395310637, "totalOtherIncomeExpensesNet": -27508000, "incomeBeforeTax": 49744000, "incomeBeforeTaxRatio": 0.2545478736, "incomeTaxExpense": 14333000, "netIncome": 35411000, "netIncomeRatio": 0.1812036577, "eps": 1.37, "epsdiluted": 1.37, "weightedAverageShsOut": 25872316, "weightedAverageShsOutDil": 25900863, "link": "https://www.sec.gov/Archives/edgar/data/883948/000119312513105067/0001193125-13-105067-index.htm", "finalLink": "https://www.sec.gov/Archives/edgar/data/883948/000119312513105067/d444101d10k.htm", "calculatedOtherExpenses": 49521000, "calculatedOperatingExpenses": 118169000, "calculatedNetInterest": 154355000, "calculatedOtherIncome": -181863000, "calculatedIncomeNonControlling": 0, "calculatedEbitda": 89647000}, {"date": "2011-12-31", "symbol": "AUB", "reportedCurrency": "USD", "cik": "0000883948", "fillingDate": "2012-03-14", "acceptedDate": "2012-03-14 16:30:12", "calendarYear": "2011", "period": "FY", "revenue": 200537000, "costOfRevenue": 0, "grossProfit": 200537000, "grossProfitRatio": 1, "researchAndDevelopmentExpenses": 0, "generalAndAdministrativeExpenses": 71652000, "sellingAndMarketingExpenses": 0, "sellingGeneralAndAdministrativeExpenses": 71652000, "otherExpenses": 400000, "operatingExpenses": 72052000, "costAndExpenses": 72052000, "interestIncome": 189073000, "interestExpense": 32713000, "depreciationAndAmortization": 14643000, "ebitda": 89065000, "ebitdaratio": 0.4441325042, "operatingIncome": 74422000, "operatingIncomeRatio": 0.3711135601, "totalOtherIncomeExpensesNet": -32713000, "incomeBeforeTax": 41709000, "incomeBeforeTaxRatio": 0.2079865561, "incomeTaxExpense": 11264000, "netIncome": 30445000, "netIncomeRatio": 0.1518173704, "eps": 1.07, "epsdiluted": 1.07, "weightedAverageShsOut": 25981222, "weightedAverageShsOutDil": 26009839, "link": "https://www.sec.gov/Archives/edgar/data/883948/000119312512114941/0001193125-12-114941-index.htm", "finalLink": "https://www.sec.gov/Archives/edgar/data/883948/000119312512114941/d282854d10k.htm", "calculatedOtherExpenses": 54463000, "calculatedOperatingExpenses": 126115000, "calculatedNetInterest": 156360000, "calculatedOtherIncome": -189073000, "calculatedIncomeNonControlling": 0, "calculatedEbitda": 89065000}, {"date": "2010-12-31", "symbol": "AUB", "reportedCurrency": "USD", "cik": "0000883948", "fillingDate": "2011-03-09", "acceptedDate": "2011-03-09 10:45:51", "calendarYear": "2010", "period": "FY", "revenue": 198874000, "costOfRevenue": 0, "grossProfit": 198874000, "grossProfitRatio": 1, "researchAndDevelopmentExpenses": 0, "generalAndAdministrativeExpenses": 67913000, "sellingAndMarketingExpenses": 0, "sellingGeneralAndAdministrativeExpenses": 67913000, "otherExpenses": -197037000, "operatingExpenses": -129124000, "costAndExpenses": -129124000, "interestIncome": 189821000, "interestExpense": 38245000, "depreciationAndAmortization": 12802000, "ebitda": 82552000, "ebitdaratio": 0.4150969961, "operatingIncome": 69750000, "operatingIncomeRatio": 0.3507245794, "totalOtherIncomeExpensesNet": -38245000, "incomeBeforeTax": 31505000, "incomeBeforeTaxRatio": 0.1584168871, "incomeTaxExpense": 8583000, "netIncome": 22922000, "netIncomeRatio": 0.1152589077, "eps": 0.83, "epsdiluted": 0.83, "weightedAverageShsOut": 25222565, "weightedAverageShsOutDil": 25268216, "link": "https://www.sec.gov/Archives/edgar/data/883948/000119312511060314/0001193125-11-060314-index.htm", "finalLink": "https://www.sec.gov/Archives/edgar/data/883948/000119312511060314/d10k.htm", "calculatedOtherExpenses": 61211000, "calculatedOperatingExpenses": 129124000, "calculatedNetInterest": 151576000, "calculatedOtherIncome": -189821000, "calculatedIncomeNonControlling": 0, "calculatedEbitda": 82552000}, {"date": "2009-12-31", "symbol": "AUB", "reportedCurrency": "USD", "cik": "0000883948", "fillingDate": "2010-03-16", "acceptedDate": "2010-03-16 15:41:12", "calendarYear": "2009", "period": "FY", "revenue": 112783000, "costOfRevenue": 0, "grossProfit": 112783000, "grossProfitRatio": 1, "researchAndDevelopmentExpenses": 0, "generalAndAdministrativeExpenses": 43315000, "sellingAndMarketingExpenses": 0, "sellingGeneralAndAdministrativeExpenses": 43315000, "otherExpenses": -98077000, "operatingExpenses": -54762000, "costAndExpenses": -54762000, "interestIncome": 128587000, "interestExpense": 48771000, "depreciationAndAmortization": 9474000, "ebitda": 67495000, "ebitdaratio": 0.598450121, "operatingIncome": 58021000, "operatingIncomeRatio": 0.5144480994, "totalOtherIncomeExpensesNet": -48771000, "incomeBeforeTax": 9250000, "incomeBeforeTaxRatio": 0.0820159067, "incomeTaxExpense": 890000, "netIncome": 8360000, "netIncomeRatio": 0.0741246464, "eps": 0.22, "epsdiluted": 0.22, "weightedAverageShsOut": 15150000, "weightedAverageShsOutDil": 15150000, "link": "https://www.sec.gov/Archives/edgar/data/883948/000119312510058303/0001193125-10-058303-index.htm", "finalLink": "https://www.sec.gov/Archives/edgar/data/883948/000119312510058303/d10k.htm", "calculatedOtherExpenses": 11447000, "calculatedOperatingExpenses": 54762000, "calculatedNetInterest": 79816000, "calculatedOtherIncome": -128587000, "calculatedIncomeNonControlling": 0, "calculatedEbitda": 67495000}, {"date": "2008-12-31", "symbol": "AUB", "reportedCurrency": "USD", "cik": "0000883948", "fillingDate": "2009-03-16", "acceptedDate": "2009-03-16 09:57:16", "calendarYear": "2008", "period": "FY", "revenue": 108428000, "costOfRevenue": 0, "grossProfit": 108428000, "grossProfitRatio": 1, "researchAndDevelopmentExpenses": 0, "generalAndAdministrativeExpenses": 43126000, "sellingAndMarketingExpenses": 0, "sellingGeneralAndAdministrativeExpenses": 43126000, "otherExpenses": -75560000, "operatingExpenses": -32434000, "costAndExpenses": -32434000, "interestIncome": 135095000, "interestExpense": 57222000, "depreciationAndAmortization": 7805000, "ebitda": 83799000, "ebitdaratio": 0.7728538754, "operatingIncome": 75994000, "operatingIncomeRatio": 0.7008706238, "totalOtherIncomeExpensesNet": -57222000, "incomeBeforeTax": 18772000, "incomeBeforeTaxRatio": 0.1731287121, "incomeTaxExpense": 4258000, "netIncome": 14514000, "netIncomeRatio": 0.133858413, "eps": 1.08, "epsdiluted": 1.07, "weightedAverageShsOut": 13478000, "weightedAverageShsOutDil": 13543000, "link": "https://www.sec.gov/Archives/edgar/data/883948/000119312509054691/0001193125-09-054691-index.htm", "finalLink": "https://www.sec.gov/Archives/edgar/data/883948/000119312509054691/d10k.htm", "calculatedOtherExpenses": -10692000, "calculatedOperatingExpenses": 32434000, "calculatedNetInterest": 77873000, "calculatedOtherIncome": -135095000, "calculatedIncomeNonControlling": 0, "calculatedEbitda": 83799000}, {"date": "2007-12-31", "symbol": "AUB", "reportedCurrency": "USD", "cik": "0000883948", "fillingDate": "2008-03-14", "acceptedDate": "2008-03-14 14:13:14", "calendarYear": "2007", "period": "FY", "revenue": 100850000, "costOfRevenue": 0, "grossProfit": 100850000, "grossProfitRatio": 1, "researchAndDevelopmentExpenses": 0, "generalAndAdministrativeExpenses": 38765000, "sellingAndMarketingExpenses": 2526000, "sellingGeneralAndAdministrativeExpenses": 41291000, "otherExpenses": -50650000, "operatingExpenses": -9359000, "costAndExpenses": -9359000, "interestIncome": 140996000, "interestExpense": 65251000, "depreciationAndAmortization": 7145000, "ebitda": 98636000, "ebitdaratio": 0.9780466039, "operatingIncome": 91491000, "operatingIncomeRatio": 0.9071988101, "totalOtherIncomeExpensesNet": -65251000, "incomeBeforeTax": 26240000, "incomeBeforeTaxRatio": 0.2601883986, "incomeTaxExpense": 6484000, "netIncome": 19756000, "netIncomeRatio": 0.1958948934, "eps": 1.48, "epsdiluted": 1.47, "weightedAverageShsOut": 13348649, "weightedAverageShsOutDil": 13439456, "link": "https://www.sec.gov/Archives/edgar/data/883948/000119312508057101/0001193125-08-057101-index.htm", "finalLink": "https://www.sec.gov/Archives/edgar/data/883948/000119312508057101/d10k.htm", "calculatedOtherExpenses": -31932000, "calculatedOperatingExpenses": 9359000, "calculatedNetInterest": 75745000, "calculatedOtherIncome": -140996000, "calculatedIncomeNonControlling": 0, "calculatedEbitda": 98636000}, {"date": "2006-12-31", "symbol": "AUB", "reportedCurrency": "USD", "cik": "0000883948", "fillingDate": "2007-03-16", "acceptedDate": "2007-03-16 09:59:11", "calendarYear": "2006", "period": "FY", "revenue": 104960000, "costOfRevenue": 0, "grossProfit": 104960000, "grossProfitRatio": 1, "researchAndDevelopmentExpenses": 0, "generalAndAdministrativeExpenses": 37635000, "sellingAndMarketingExpenses": 2467000, "sellingGeneralAndAdministrativeExpenses": 40102000, "otherExpenses": -56678000, "operatingExpenses": -16576000, "costAndExpenses": -16576000, "interestIncome": 129156000, "interestExpense": 52441000, "depreciationAndAmortization": 6301000, "ebitda": 94685000, "ebitdaratio": 0.902105564, "operatingIncome": 88384000, "operatingIncomeRatio": 0.8420731707, "totalOtherIncomeExpensesNet": -52441000, "incomeBeforeTax": 35943000, "incomeBeforeTaxRatio": 0.3424447409, "incomeTaxExpense": 9951000, "netIncome": 25992000, "netIncomeRatio": 0.2476371951, "eps": 1.97, "epsdiluted": 1.94, "weightedAverageShsOut": 13193909, "weightedAverageShsOutDil": 13397938, "link": "https://www.sec.gov/Archives/edgar/data/883948/000119312507056502/0001193125-07-056502-index.htm", "finalLink": "https://www.sec.gov/Archives/edgar/data/883948/000119312507056502/d10k.htm", "calculatedOtherExpenses": -23526000, "calculatedOperatingExpenses": 16576000, "calculatedNetInterest": 76715000, "calculatedOtherIncome": -129156000, "calculatedIncomeNonControlling": 0, "calculatedEbitda": 94685000}, {"date": "2005-12-31", "symbol": "AUB", "reportedCurrency": "USD", "cik": "0000883948", "fillingDate": "2006-03-10", "acceptedDate": "2006-03-10 15:21:20", "calendarYear": "2005", "period": "FY", "revenue": 94860000, "costOfRevenue": 0, "grossProfit": 94860000, "grossProfitRatio": 1, "researchAndDevelopmentExpenses": 0, "generalAndAdministrativeExpenses": 33556000, "sellingAndMarketingExpenses": 0, "sellingGeneralAndAdministrativeExpenses": 33556000, "otherExpenses": -60036000, "operatingExpenses": -26480000, "costAndExpenses": -26480000, "interestIncome": 102317000, "interestExpense": 32967000, "depreciationAndAmortization": 4952000, "ebitda": 73332000, "ebitdaratio": 0.7730550285, "operatingIncome": 68380000, "operatingIncomeRatio": 0.7208517816, "totalOtherIncomeExpensesNet": -32967000, "incomeBeforeTax": 35413000, "incomeBeforeTaxRatio": 0.3733185747, "incomeTaxExpense": 10591000, "netIncome": 24822000, "netIncomeRatio": 0.2616698292, "eps": 1.89, "epsdiluted": 1.87, "weightedAverageShsOut": 13133333, "weightedAverageShsOutDil": 13273797, "link": "https://www.sec.gov/Archives/edgar/data/883948/000119312506050952/0001193125-06-050952-index.htm", "finalLink": "https://www.sec.gov/Archives/edgar/data/883948/000119312506050952/d10k.htm", "calculatedOtherExpenses": -7076000, "calculatedOperatingExpenses": 26480000, "calculatedNetInterest": 69350000, "calculatedOtherIncome": -102317000, "calculatedIncomeNonControlling": 0, "calculatedEbitda": 73332000}, {"date": "2004-12-31", "symbol": "AUB", "reportedCurrency": "USD", "cik": "0000883948", "fillingDate": "2005-03-11", "acceptedDate": "2005-03-11 09:45:08", "calendarYear": "2004", "period": "FY", "revenue": 78194000, "costOfRevenue": 0, "grossProfit": 78194000, "grossProfitRatio": 1, "researchAndDevelopmentExpenses": 0, "generalAndAdministrativeExpenses": 29128000, "sellingAndMarketingExpenses": 0, "sellingGeneralAndAdministrativeExpenses": 29128000, "otherExpenses": -56851000, "operatingExpenses": -27723000, "costAndExpenses": -27723000, "interestIncome": 80544000, "interestExpense": 25652000, "depreciationAndAmortization": 4673000, "ebitda": 55144000, "ebitdaratio": 0.7052203494, "operatingIncome": 50471000, "operatingIncomeRatio": 0.6454587308, "totalOtherIncomeExpensesNet": -25652000, "incomeBeforeTax": 24819000, "incomeBeforeTaxRatio": 0.3174028698, "incomeTaxExpense": 6894000, "netIncome": 17925000, "netIncomeRatio": 0.2292375374, "eps": 1.42, "epsdiluted": 1.41, "weightedAverageShsOut": 12623239, "weightedAverageShsOutDil": 12742891, "link": "https://www.sec.gov/Archives/edgar/data/883948/000119312505047263/0001193125-05-047263-index.htm", "finalLink": "https://www.sec.gov/Archives/edgar/data/883948/000119312505047263/d10k.htm", "calculatedOtherExpenses": -1405000, "calculatedOperatingExpenses": 27723000, "calculatedNetInterest": 54892000, "calculatedOtherIncome": -80544000, "calculatedIncomeNonControlling": 0, "calculatedEbitda": 55144000}, {"date": "2003-12-31", "symbol": "AUB", "reportedCurrency": "USD", "cik": "0000883948", "fillingDate": "2004-03-08", "acceptedDate": "2004-03-08 17:21:54", "calendarYear": "2003", "period": "FY", "revenue": 65952000, "costOfRevenue": 0, "grossProfit": 65952000, "grossProfitRatio": 1, "researchAndDevelopmentExpenses": 0, "generalAndAdministrativeExpenses": 25137000, "sellingAndMarketingExpenses": 0, "sellingGeneralAndAdministrativeExpenses": 25137000, "otherExpenses": -44264000, "operatingExpenses": -19127000, "costAndExpenses": -19127000, "interestIncome": 67017000, "interestExpense": 23905000, "depreciationAndAmortization": 4278000, "ebitda": 51103000, "ebitdaratio": 0.7748514071, "operatingIncome": 46825000, "operatingIncomeRatio": 0.7099860505, "totalOtherIncomeExpensesNet": -23905000, "incomeBeforeTax": 22920000, "incomeBeforeTaxRatio": 0.3475254731, "incomeTaxExpense": 6256000, "netIncome": 16664000, "netIncomeRatio": 0.2526686075, "eps": 1.46, "epsdiluted": 1.45, "weightedAverageShsOut": 11413699, "weightedAverageShsOutDil": 11518894, "link": "https://www.sec.gov/Archives/edgar/data/883948/000119312504036459/0001193125-04-036459-index.htm", "finalLink": "https://www.sec.gov/Archives/edgar/data/883948/000119312504036459/d10k.htm", "calculatedOtherExpenses": -6010000, "calculatedOperatingExpenses": 19127000, "calculatedNetInterest": 43112000, "calculatedOtherIncome": -67017000, "calculatedIncomeNonControlling": 0, "calculatedEbitda": 51103000}, {"date": "2002-12-31", "symbol": "AUB", "reportedCurrency": "USD", "cik": "0000883948", "fillingDate": "2003-03-07", "acceptedDate": "2003-03-07 16:06:37", "calendarYear": "2002", "period": "FY", "revenue": 58116000, "costOfRevenue": 0, "grossProfit": 58116000, "grossProfitRatio": 1, "researchAndDevelopmentExpenses": 0, "generalAndAdministrativeExpenses": 21326000, "sellingAndMarketingExpenses": 0, "sellingGeneralAndAdministrativeExpenses": 21326000, "otherExpenses": -35499000, "operatingExpenses": -14173000, "costAndExpenses": -14173000, "interestIncome": 65205000, "interestExpense": 24627000, "depreciationAndAmortization": 3941000, "ebitda": 47884000, "ebitdaratio": 0.8239383302, "operatingIncome": 43943000, "operatingIncomeRatio": 0.7561256797, "totalOtherIncomeExpensesNet": -24627000, "incomeBeforeTax": 19316000, "incomeBeforeTaxRatio": 0.3323697433, "incomeTaxExpense": 4811000, "netIncome": 14505000, "netIncomeRatio": 0.2495870328, "eps": 1.28, "epsdiluted": 1.27, "weightedAverageShsOut": 11332031, "weightedAverageShsOutDil": 11451316, "link": "https://www.sec.gov/Archives/edgar/data/883948/000091664103000490/0000916641-03-000490-index.htm", "finalLink": "https://www.sec.gov/Archives/edgar/data/883948/000091664103000490/d10k.htm", "calculatedOtherExpenses": -7153000, "calculatedOperatingExpenses": 14173000, "calculatedNetInterest": 40578000, "calculatedOtherIncome": -65205000, "calculatedIncomeNonControlling": 0, "calculatedEbitda": 47884000}, {"date": "2001-12-31", "symbol": "AUB", "reportedCurrency": "USD", "cik": "0000883948", "fillingDate": "2002-04-01", "acceptedDate": "2002-04-01 00:00:00", "calendarYear": "2001", "period": "FY", "revenue": 49185000, "costOfRevenue": 0, "grossProfit": 49185000, "grossProfitRatio": 1, "researchAndDevelopmentExpenses": 0, "generalAndAdministrativeExpenses": 19102000, "sellingAndMarketingExpenses": 0, "sellingGeneralAndAdministrativeExpenses": 19102000, "otherExpenses": -21192000, "operatingExpenses": -2090000, "costAndExpenses": -2090000, "interestIncome": 65576000, "interestExpense": 32483000, "depreciationAndAmortization": 3421000, "ebitda": 50516000, "ebitdaratio": 1.0270610959, "operatingIncome": 47095000, "operatingIncomeRatio": 0.9575073701, "totalOtherIncomeExpensesNet": -32483000, "incomeBeforeTax": 14612000, "incomeBeforeTaxRatio": 0.2970824438, "incomeTaxExpense": 2933000, "netIncome": 11679000, "netIncomeRatio": 0.2374504422, "eps": 1.03, "epsdiluted": 1.03, "weightedAverageShsOut": 11302258, "weightedAverageShsOutDil": 11302258, "link": "https://www.sec.gov/Archives/edgar/data/883948/000092838502001235/0000928385-02-001235-index.htm", "finalLink": "https://www.sec.gov/Archives/edgar/data/883948/000092838502001235/d10k405.txt", "calculatedOtherExpenses": -17012000, "calculatedOperatingExpenses": 2090000, "calculatedNetInterest": 33093000, "calculatedOtherIncome": -65576000, "calculatedIncomeNonControlling": 0, "calculatedEbitda": 50516000}, {"date": "2000-12-31", "symbol": "AUB", "reportedCurrency": "USD", "cik": "0000883948", "fillingDate": "2001-03-30", "acceptedDate": "2001-03-30 00:00:00", "calendarYear": "2000", "period": "FY", "revenue": 43348000, "costOfRevenue": 0, "grossProfit": 43348000, "grossProfitRatio": 1, "researchAndDevelopmentExpenses": 0, "generalAndAdministrativeExpenses": 18729000, "sellingAndMarketingExpenses": 0, "sellingGeneralAndAdministrativeExpenses": 18729000, "otherExpenses": -19724000, "operatingExpenses": -995000, "costAndExpenses": -995000, "interestIncome": 64867000, "interestExpense": 33530000, "depreciationAndAmortization": 3015000, "ebitda": 45368000, "ebitdaratio": 1.0465996124, "operatingIncome": 42353000, "operatingIncomeRatio": 0.9770462305, "totalOtherIncomeExpensesNet": -33530000, "incomeBeforeTax": 8823000, "incomeBeforeTaxRatio": 0.2035388023, "incomeTaxExpense": 1223000, "netIncome": 7600000, "netIncomeRatio": 0.1753252745, "eps": 0.67, "epsdiluted": 0.67, "weightedAverageShsOut": 11287129, "weightedAverageShsOutDil": 11330435, "link": "https://www.sec.gov/Archives/edgar/data/883948/000091664101500021/0000916641-01-500021-index.htm", "finalLink": "https://www.sec.gov/Archives/edgar/data/883948/000091664101500021/d10k405.txt", "calculatedOtherExpenses": -17734000, "calculatedOperatingExpenses": 995000, "calculatedNetInterest": 31337000, "calculatedOtherIncome": -64867000, "calculatedIncomeNonControlling": 0, "calculatedEbitda": 45368000}, {"date": "1999-12-31", "symbol": "AUB", "reportedCurrency": "USD", "cik": "0000883948", "fillingDate": "2000-03-30", "acceptedDate": "2000-03-30 00:00:00", "calendarYear": "1999", "period": "FY", "revenue": 41800000, "costOfRevenue": 0, "grossProfit": 41800000, "grossProfitRatio": 1, "researchAndDevelopmentExpenses": 0, "generalAndAdministrativeExpenses": 18800000, "sellingAndMarketingExpenses": 0, "sellingGeneralAndAdministrativeExpenses": 18800000, "otherExpenses": -26600000, "operatingExpenses": -7800000, "costAndExpenses": -7800000, "interestIncome": 55700000, "interestExpense": 27100000, "depreciationAndAmortization": 2800000, "ebitda": 36800000, "ebitdaratio": 0.8803827751, "operatingIncome": 34000000, "operatingIncomeRatio": 0.8133971292, "totalOtherIncomeExpensesNet": -27100000, "incomeBeforeTax": 6900000, "incomeBeforeTaxRatio": 0.1650717703, "incomeTaxExpense": 600000, "netIncome": 6300000, "netIncomeRatio": 0.1507177033, "eps": 0.56, "epsdiluted": 0.56, "weightedAverageShsOut": 11250000, "weightedAverageShsOutDil": 11250000, "link": "https://www.sec.gov/Archives/edgar/data/883948/000091664100000419/0000916641-00-000419-index.htm", "finalLink": "https://www.sec.gov/Archives/edgar/data/883948/000091664100000419/0000916641-00-000419.txt", "calculatedOtherExpenses": -11000000, "calculatedOperatingExpenses": 7800000, "calculatedNetInterest": 28600000, "calculatedOtherIncome": -55700000, "calculatedIncomeNonControlling": 0, "calculatedEbitda": 36800000}, {"date": "1998-12-31", "symbol": "AUB", "reportedCurrency": "USD", "cik": "0000883948", "fillingDate": "1999-03-31", "acceptedDate": "1999-03-31 00:00:00", "calendarYear": "1998", "period": "FY", "revenue": 32200000, "costOfRevenue": 0, "grossProfit": 32200000, "grossProfitRatio": 1, "researchAndDevelopmentExpenses": 0, "generalAndAdministrativeExpenses": 10900000, "sellingAndMarketingExpenses": 0, "sellingGeneralAndAdministrativeExpenses": 10900000, "otherExpenses": -10100000, "operatingExpenses": 800000, "costAndExpenses": 800000, "interestIncome": 51100000, "interestExpense": 24500000, "depreciationAndAmortization": 1500000, "ebitda": 34500000, "ebitdaratio": 1.0714285714, "operatingIncome": 33000000, "operatingIncomeRatio": 1.0248447205, "totalOtherIncomeExpensesNet": -24500000, "incomeBeforeTax": 8500000, "incomeBeforeTaxRatio": 0.2639751553, "incomeTaxExpense": 1700000, "netIncome": 6800000, "netIncomeRatio": 0.2111801242, "eps": 0.61, "epsdiluted": 0.61, "weightedAverageShsOut": 11208791, "weightedAverageShsOutDil": 11208791, "link": "https://www.sec.gov/Archives/edgar/data/883948/000091664199000280/0000916641-99-000280-index.htm", "finalLink": "https://www.sec.gov/Archives/edgar/data/883948/0000916641-99-000280.txt", "calculatedOtherExpenses": -11700000, "calculatedOperatingExpenses": -800000, "calculatedNetInterest": 26600000, "calculatedOtherIncome": -51100000, "calculatedIncomeNonControlling": 0, "calculatedEbitda": 34500000}, {"date": "1997-12-31", "symbol": "AUB", "reportedCurrency": "USD", "cik": "0000883948", "fillingDate": "1998-03-31", "acceptedDate": "1998-03-31 00:00:00", "calendarYear": "1997", "period": "FY", "revenue": 27400000, "costOfRevenue": 0, "grossProfit": 27400000, "grossProfitRatio": 1, "researchAndDevelopmentExpenses": 0, "generalAndAdministrativeExpenses": 8700000, "sellingAndMarketingExpenses": 0, "sellingGeneralAndAdministrativeExpenses": 8700000, "otherExpenses": -5200000, "operatingExpenses": 3500000, "costAndExpenses": 3500000, "interestIncome": 43800000, "interestExpense": 20800000, "depreciationAndAmortization": 1400000, "ebitda": 32300000, "ebitdaratio": 1.1788321168, "operatingIncome": 30900000, "operatingIncomeRatio": 1.1277372263, "totalOtherIncomeExpensesNet": -20800000, "incomeBeforeTax": 10100000, "incomeBeforeTaxRatio": 0.3686131387, "incomeTaxExpense": 2200000, "netIncome": 7900000, "netIncomeRatio": 0.2883211679, "eps": 0.73, "epsdiluted": 0.73, "weightedAverageShsOut": 11181818, "weightedAverageShsOutDil": 11284404, "link": "https://www.sec.gov/Archives/edgar/data/883948/000091664198000400/0000916641-98-000400-index.htm", "finalLink": "https://www.sec.gov/Archives/edgar/data/883948/0000916641-98-000400.txt", "calculatedOtherExpenses": -12200000, "calculatedOperatingExpenses": -3500000, "calculatedNetInterest": 23000000, "calculatedOtherIncome": -43800000, "calculatedIncomeNonControlling": 0, "calculatedEbitda": 32300000}, {"date": "1996-12-31", "symbol": "AUB", "reportedCurrency": "USD", "cik": "0000883948", "fillingDate": "1997-03-31", "acceptedDate": "1997-03-31 00:00:00", "calendarYear": "1996", "period": "FY", "revenue": 25200000, "costOfRevenue": 0, "grossProfit": 25200000, "grossProfitRatio": 1, "researchAndDevelopmentExpenses": 0, "generalAndAdministrativeExpenses": 7600000, "sellingAndMarketingExpenses": 0, "sellingGeneralAndAdministrativeExpenses": 7600000, "otherExpenses": -3700000, "operatingExpenses": 3900000, "costAndExpenses": 3900000, "interestIncome": 41000000, "interestExpense": 19300000, "depreciationAndAmortization": 1100000, "ebitda": 30200000, "ebitdaratio": 1.1984126984, "operatingIncome": 29100000, "operatingIncomeRatio": 1.1547619048, "totalOtherIncomeExpensesNet": -19300000, "incomeBeforeTax": 9800000, "incomeBeforeTaxRatio": 0.3888888889, "incomeTaxExpense": 2300000, "netIncome": 7500000, "netIncomeRatio": 0.2976190476, "eps": 0.7, "epsdiluted": 0.69, "weightedAverageShsOut": 11052632, "weightedAverageShsOutDil": 11105769, "link": "https://www.sec.gov/Archives/edgar/data/883948/000091664197000325/0000916641-97-000325-index.htm", "finalLink": "https://www.sec.gov/Archives/edgar/data/883948/0000916641-97-000325.txt", "calculatedOtherExpenses": -11500000, "calculatedOperatingExpenses": -3900000, "calculatedNetInterest": 21700000, "calculatedOtherIncome": -41000000, "calculatedIncomeNonControlling": 0, "calculatedEbitda": 30200000}, {"date": "1995-12-31", "symbol": "AUB", "reportedCurrency": "USD", "cik": "0000883948", "fillingDate": "1995-12-31", "acceptedDate": "1995-12-30 19:00:00", "calendarYear": "1995", "period": "FY", "revenue": 3595000, "costOfRevenue": 0, "grossProfit": 3595000, "grossProfitRatio": 1, "researchAndDevelopmentExpenses": 0, "generalAndAdministrativeExpenses": 6794000, "sellingAndMarketingExpenses": 0, "sellingGeneralAndAdministrativeExpenses": 6794000, "otherExpenses": 16298000, "operatingExpenses": 23092000, "costAndExpenses": 23092000, "interestIncome": 38083000, "interestExpense": 17855000, "depreciationAndAmortization": 906000, "ebitda": 27593000, "ebitdaratio": 7.6753824757, "operatingIncome": 26687000, "operatingIncomeRatio": 7.4233657858, "totalOtherIncomeExpensesNet": -17855000, "incomeBeforeTax": 8832000, "incomeBeforeTaxRatio": 2.4567454798, "incomeTaxExpense": 2079000, "netIncome": 6753000, "netIncomeRatio": 1.8784422809, "eps": 0.64, "epsdiluted": 0.64, "weightedAverageShsOut": 10606806, "weightedAverageShsOutDil": 10606806, "link": "", "finalLink": "", "calculatedOtherExpenses": -29886000, "calculatedOperatingExpenses": -23092000, "calculatedNetInterest": 20228000, "calculatedOtherIncome": -38083000, "calculatedIncomeNonControlling": 0, "calculatedEbitda": 27593000}]}