{"originalCurrency": "USD", "convertedCurrency": "USD", "report": [{"date": "2023-04-30", "symbol": "AVAV", "reportedCurrency": "USD", "cik": "0001368622", "fillingDate": "2023-06-28", "acceptedDate": "2023-06-27 18:05:50", "calendarYear": "2023", "period": "FY", "revenue": 540536000, "costOfRevenue": 367022000, "grossProfit": 173514000, "grossProfitRatio": 0.3210035964, "researchAndDevelopmentExpenses": 64255000, "generalAndAdministrativeExpenses": 131411000, "sellingAndMarketingExpenses": 494000, "sellingGeneralAndAdministrativeExpenses": 131905000, "otherExpenses": -346000, "operatingExpenses": 196160000, "costAndExpenses": 563182000, "interestIncome": 8799000, "interestExpense": 9368000, "depreciationAndAmortization": 99999000, "ebitda": 77007000, "ebitdaratio": 0.1424641467, "operatingIncome": -22992000, "operatingIncomeRatio": -0.0425355573, "totalOtherIncomeExpensesNet": -165385000, "incomeBeforeTax": -188377000, "incomeBeforeTaxRatio": -0.3485003774, "incomeTaxExpense": -14663000, "netIncome": -173714000, "netIncomeRatio": -0.3213735995, "eps": -6.94, "epsdiluted": -6.94, "weightedAverageShsOut": 25044881, "weightedAverageShsOutDil": 25044881, "link": "https://www.sec.gov/Archives/edgar/data/1368622/000155837023011469/0001558370-23-011469-index.htm", "finalLink": "https://www.sec.gov/Archives/edgar/data/1368622/000155837023011469/avav-20230430x10k.htm", "calculatedOtherExpenses": 346000, "calculatedOperatingExpenses": 196506000, "calculatedNetInterest": -569000, "calculatedOtherIncome": -164816000, "calculatedIncomeNonControlling": 0, "calculatedEbitda": 77007000}, {"date": "2022-04-30", "symbol": "AVAV", "reportedCurrency": "USD", "cik": "0001368622", "fillingDate": "2022-06-29", "acceptedDate": "2022-06-28 18:10:21", "calendarYear": "2022", "period": "FY", "revenue": 445732000, "costOfRevenue": 304496000, "grossProfit": 141236000, "grossProfitRatio": 0.3168630478, "researchAndDevelopmentExpenses": 54689000, "generalAndAdministrativeExpenses": 95983000, "sellingAndMarketingExpenses": 451000, "sellingGeneralAndAdministrativeExpenses": 96434000, "otherExpenses": -10313000, "operatingExpenses": 151123000, "costAndExpenses": 455619000, "interestIncome": 5192000, "interestExpense": 5440000, "depreciationAndAmortization": 60825000, "ebitda": 40625000, "ebitdaratio": 0.091142211, "operatingIncome": -20200000, "operatingIncomeRatio": -0.0453187117, "totalOtherIncomeExpensesNet": 1057000, "incomeBeforeTax": -19143000, "incomeBeforeTaxRatio": -0.0429473316, "incomeTaxExpense": -10369000, "netIncome": -8774000, "netIncomeRatio": -0.0196844741, "eps": -0.36, "epsdiluted": -0.36, "weightedAverageShsOut": 24685534, "weightedAverageShsOutDil": 24685534, "link": "https://www.sec.gov/Archives/edgar/data/1368622/000155837022010392/0001558370-22-010392-index.htm", "finalLink": "https://www.sec.gov/Archives/edgar/data/1368622/000155837022010392/avav-20220430x10k.htm", "calculatedOtherExpenses": 10313000, "calculatedOperatingExpenses": 161436000, "calculatedNetInterest": -248000, "calculatedOtherIncome": 1305000, "calculatedIncomeNonControlling": 0, "calculatedEbitda": 40625000}, {"date": "2021-04-30", "symbol": "AVAV", "reportedCurrency": "USD", "cik": "0001368622", "fillingDate": "2021-06-29", "acceptedDate": "2021-06-29 17:18:30", "calendarYear": "2021", "period": "FY", "revenue": 394912000, "costOfRevenue": 230354000, "grossProfit": 164558000, "grossProfitRatio": 0.416695365, "researchAndDevelopmentExpenses": 53764000, "generalAndAdministrativeExpenses": 66806000, "sellingAndMarketingExpenses": 675000, "sellingGeneralAndAdministrativeExpenses": 67481000, "otherExpenses": -8330000, "operatingExpenses": 121245000, "costAndExpenses": 351599000, "interestIncome": 618000, "interestExpense": 618000, "depreciationAndAmortization": 10932000, "ebitda": 54245000, "ebitdaratio": 0.1373597156, "operatingIncome": 43313000, "operatingIncomeRatio": 0.1096775991, "totalOtherIncomeExpensesNet": -8948000, "incomeBeforeTax": 34365000, "incomeBeforeTaxRatio": 0.0870193866, "incomeTaxExpense": 539000, "netIncome": 33826000, "netIncomeRatio": 0.0856545256, "eps": 1.41, "epsdiluted": 1.39, "weightedAverageShsOut": 24049851, "weightedAverageShsOutDil": 24362656, "link": "https://www.sec.gov/Archives/edgar/data/1368622/000155837021008684/0001558370-21-008684-index.htm", "finalLink": "https://www.sec.gov/Archives/edgar/data/1368622/000155837021008684/avav-20210430x10k.htm", "calculatedOtherExpenses": 0, "calculatedOperatingExpenses": 121245000, "calculatedNetInterest": 0, "calculatedOtherIncome": -8948000, "calculatedIncomeNonControlling": 0, "calculatedEbitda": 54245000}, {"date": "2020-04-30", "symbol": "AVAV", "reportedCurrency": "USD", "cik": "0001368622", "fillingDate": "2020-06-24", "acceptedDate": "2020-06-23 18:36:32", "calendarYear": "2020", "period": "FY", "revenue": 367296000, "costOfRevenue": 214194000, "grossProfit": 153102000, "grossProfitRatio": 0.4168354679, "researchAndDevelopmentExpenses": 46477000, "generalAndAdministrativeExpenses": 58556000, "sellingAndMarketingExpenses": 934000, "sellingGeneralAndAdministrativeExpenses": 59490000, "otherExpenses": 707000, "operatingExpenses": 105967000, "costAndExpenses": 320161000, "interestIncome": 4828000, "interestExpense": 0, "depreciationAndAmortization": 9888000, "ebitda": 57023000, "ebitdaratio": 0.1552508059, "operatingIncome": 47135000, "operatingIncomeRatio": 0.1283297395, "totalOtherIncomeExpensesNet": 5535000, "incomeBeforeTax": 52670000, "incomeBeforeTaxRatio": 0.1433993292, "incomeTaxExpense": 5848000, "netIncome": 41074000, "netIncomeRatio": 0.1118280624, "eps": 1.74, "epsdiluted": 1.72, "weightedAverageShsOut": 23806208, "weightedAverageShsOutDil": 24088167, "link": "https://www.sec.gov/Archives/edgar/data/1368622/000155837020007720/0001558370-20-007720-index.htm", "finalLink": "https://www.sec.gov/Archives/edgar/data/1368622/000155837020007720/avav-20200623x10k.htm", "calculatedOtherExpenses": 0, "calculatedOperatingExpenses": 105967000, "calculatedNetInterest": 4828000, "calculatedOtherIncome": 707000, "calculatedIncomeNonControlling": 5748000, "calculatedEbitda": 57023000}, {"date": "2019-04-30", "symbol": "AVAV", "reportedCurrency": "USD", "cik": "0001368622", "fillingDate": "2019-06-26", "acceptedDate": "2019-06-25 20:11:25", "calendarYear": "2019", "period": "FY", "revenue": 314274000, "costOfRevenue": 185871000, "grossProfit": 128403000, "grossProfitRatio": 0.4085702285, "researchAndDevelopmentExpenses": 34234000, "generalAndAdministrativeExpenses": 59446000, "sellingAndMarketingExpenses": 897000, "sellingGeneralAndAdministrativeExpenses": 60343000, "otherExpenses": 11980000, "operatingExpenses": 94577000, "costAndExpenses": 280448000, "interestIncome": 4672000, "interestExpense": -18253000, "depreciationAndAmortization": 7669000, "ebitda": 41495000, "ebitdaratio": 0.1320344667, "operatingIncome": 33826000, "operatingIncomeRatio": 0.1076321936, "totalOtherIncomeExpensesNet": 11980000, "incomeBeforeTax": 50478000, "incomeBeforeTaxRatio": 0.1606178048, "incomeTaxExpense": 4641000, "netIncome": 47438000, "netIncomeRatio": 0.150944717, "eps": 2, "epsdiluted": 1.97, "weightedAverageShsOut": 23663410, "weightedAverageShsOutDil": 24071713, "link": "https://www.sec.gov/Archives/edgar/data/1368622/000155837019005898/0001558370-19-005898-index.htm", "finalLink": "https://www.sec.gov/Archives/edgar/data/1368622/000155837019005898/avav-20190430x10k.htm", "calculatedOtherExpenses": 0, "calculatedOperatingExpenses": 94577000, "calculatedNetInterest": 22925000, "calculatedOtherIncome": -6273000, "calculatedIncomeNonControlling": -1601000, "calculatedEbitda": 41495000}, {"date": "2018-04-30", "symbol": "AVAV", "reportedCurrency": "USD", "cik": "0001368622", "fillingDate": "2018-06-27", "acceptedDate": "2018-06-26 21:30:48", "calendarYear": "2018", "period": "FY", "revenue": 271052000, "costOfRevenue": 162164000, "grossProfit": 108888000, "grossProfitRatio": 0.4017236545, "researchAndDevelopmentExpenses": 26433000, "generalAndAdministrativeExpenses": 50300000, "sellingAndMarketingExpenses": 526000, "sellingGeneralAndAdministrativeExpenses": 50826000, "otherExpenses": -49000, "operatingExpenses": 77259000, "costAndExpenses": 239423000, "interestIncome": 2240000, "interestExpense": 2240000, "depreciationAndAmortization": 5982000, "ebitda": 37611000, "ebitdaratio": 0.1387593524, "operatingIncome": 31629000, "operatingIncomeRatio": 0.1166897865, "totalOtherIncomeExpensesNet": -49000, "incomeBeforeTax": 33820000, "incomeBeforeTaxRatio": 0.1247731063, "incomeTaxExpense": 10177000, "netIncome": 20068000, "netIncomeRatio": 0.0740374541, "eps": 0.86, "epsdiluted": 0.84, "weightedAverageShsOut": 23471241, "weightedAverageShsOutDil": 23813772, "link": "https://www.sec.gov/Archives/edgar/data/1368622/000155837018005457/0001558370-18-005457-index.htm", "finalLink": "https://www.sec.gov/Archives/edgar/data/1368622/000155837018005457/avav-20180430x10k.htm", "calculatedOtherExpenses": 0, "calculatedOperatingExpenses": 77259000, "calculatedNetInterest": 0, "calculatedOtherIncome": 2191000, "calculatedIncomeNonControlling": 3575000, "calculatedEbitda": 37611000}, {"date": "2017-04-30", "symbol": "AVAV", "reportedCurrency": "USD", "cik": "0001368622", "fillingDate": "2017-06-28", "acceptedDate": "2017-06-27 19:23:52", "calendarYear": "2017", "period": "FY", "revenue": 264873000, "costOfRevenue": 162763000, "grossProfit": 102110000, "grossProfitRatio": 0.3855055064, "researchAndDevelopmentExpenses": 33042000, "generalAndAdministrativeExpenses": 56310000, "sellingAndMarketingExpenses": 227000, "sellingGeneralAndAdministrativeExpenses": 56537000, "otherExpenses": 60000, "operatingExpenses": 89579000, "costAndExpenses": 252342000, "interestIncome": 1618000, "interestExpense": 1618000, "depreciationAndAmortization": 7054000, "ebitda": 19585000, "ebitdaratio": 0.0739410963, "operatingIncome": 12531000, "operatingIncomeRatio": 0.0473094653, "totalOtherIncomeExpensesNet": 60000, "incomeBeforeTax": 14209000, "incomeBeforeTaxRatio": 0.0536445768, "incomeTaxExpense": 1752000, "netIncome": 12479000, "netIncomeRatio": 0.0471131448, "eps": 0.57, "epsdiluted": 0.56, "weightedAverageShsOut": 23059045, "weightedAverageShsOutDil": 23307738, "link": "https://www.sec.gov/Archives/edgar/data/1368622/000155837017004963/0001558370-17-004963-index.htm", "finalLink": "https://www.sec.gov/Archives/edgar/data/1368622/000155837017004963/avav-20170430x10k.htm", "calculatedOtherExpenses": 0, "calculatedOperatingExpenses": 89579000, "calculatedNetInterest": 0, "calculatedOtherIncome": 1678000, "calculatedIncomeNonControlling": -22000, "calculatedEbitda": 19585000}, {"date": "2016-04-30", "symbol": "AVAV", "reportedCurrency": "USD", "cik": "0001368622", "fillingDate": "2016-06-29", "acceptedDate": "2016-06-28 18:17:06", "calendarYear": "2016", "period": "FY", "revenue": 264098000, "costOfRevenue": 151995000, "grossProfit": 112103000, "grossProfitRatio": 0.4244750055, "researchAndDevelopmentExpenses": 42291000, "generalAndAdministrativeExpenses": 59845000, "sellingAndMarketingExpenses": 232000, "sellingGeneralAndAdministrativeExpenses": 60077000, "otherExpenses": -2699000, "operatingExpenses": 102368000, "costAndExpenses": 254363000, "interestIncome": 1032000, "interestExpense": 1032000, "depreciationAndAmortization": 6074000, "ebitda": 15809000, "ebitdaratio": 0.0598603549, "operatingIncome": 9735000, "operatingIncomeRatio": 0.0368613166, "totalOtherIncomeExpensesNet": -2699000, "incomeBeforeTax": 8068000, "incomeBeforeTaxRatio": 0.0305492658, "incomeTaxExpense": -898000, "netIncome": 8966000, "netIncomeRatio": 0.0339495187, "eps": 0.39, "epsdiluted": 0.39, "weightedAverageShsOut": 22936413, "weightedAverageShsOutDil": 23153493, "link": "https://www.sec.gov/Archives/edgar/data/1368622/000155837016006514/0001558370-16-006514-index.htm", "finalLink": "https://www.sec.gov/Archives/edgar/data/1368622/000155837016006514/avav-20160430x10k.htm", "calculatedOtherExpenses": 0, "calculatedOperatingExpenses": 102368000, "calculatedNetInterest": 0, "calculatedOtherIncome": -1667000, "calculatedIncomeNonControlling": 0, "calculatedEbitda": 15809000}, {"date": "2015-04-30", "symbol": "AVAV", "reportedCurrency": "USD", "cik": "0001368622", "fillingDate": "2015-07-01", "acceptedDate": "2015-06-30 17:48:33", "calendarYear": "2015", "period": "FY", "revenue": 259398000, "costOfRevenue": 155130000, "grossProfit": 104268000, "grossProfitRatio": 0.4019614646, "researchAndDevelopmentExpenses": 46491000, "generalAndAdministrativeExpenses": 55347000, "sellingAndMarketingExpenses": 416000, "sellingGeneralAndAdministrativeExpenses": 55763000, "otherExpenses": -1003000, "operatingExpenses": 102254000, "costAndExpenses": 257384000, "interestIncome": 882000, "interestExpense": 882000, "depreciationAndAmortization": 8366000, "ebitda": 10380000, "ebitdaratio": 0.0400157287, "operatingIncome": 2014000, "operatingIncomeRatio": 0.0077641308, "totalOtherIncomeExpensesNet": -1003000, "incomeBeforeTax": 1893000, "incomeBeforeTaxRatio": 0.0072976661, "incomeTaxExpense": -1002000, "netIncome": 2895000, "netIncomeRatio": 0.0111604561, "eps": 0.13, "epsdiluted": 0.13, "weightedAverageShsOut": 22868733, "weightedAverageShsOutDil": 23145997, "link": "https://www.sec.gov/Archives/edgar/data/1368622/000104746915005880/0001047469-15-005880-index.htm", "finalLink": "https://www.sec.gov/Archives/edgar/data/1368622/000104746915005880/a2225241z10-k.htm", "calculatedOtherExpenses": 0, "calculatedOperatingExpenses": 102254000, "calculatedNetInterest": 0, "calculatedOtherIncome": -121000, "calculatedIncomeNonControlling": 0, "calculatedEbitda": 10380000}, {"date": "2014-04-30", "symbol": "AVAV", "reportedCurrency": "USD", "cik": "0001368622", "fillingDate": "2014-07-09", "acceptedDate": "2014-07-08 17:55:16", "calendarYear": "2014", "period": "FY", "revenue": 251703000, "costOfRevenue": 158090000, "grossProfit": 93613000, "grossProfitRatio": 0.3719184912, "researchAndDevelopmentExpenses": 25515000, "generalAndAdministrativeExpenses": 55454000, "sellingAndMarketingExpenses": 225000, "sellingGeneralAndAdministrativeExpenses": 55679000, "otherExpenses": 1622000, "operatingExpenses": 81194000, "costAndExpenses": 239284000, "interestIncome": 855000, "interestExpense": 855000, "depreciationAndAmortization": 9155000, "ebitda": 21574000, "ebitdaratio": 0.085712129, "operatingIncome": 12419000, "operatingIncomeRatio": 0.0493398966, "totalOtherIncomeExpensesNet": 1622000, "incomeBeforeTax": 14896000, "incomeBeforeTaxRatio": 0.05918086, "incomeTaxExpense": 1178000, "netIncome": 13718000, "netIncomeRatio": 0.054500741, "eps": 0.61, "epsdiluted": 0.6, "weightedAverageShsOut": 22354444, "weightedAverageShsOutDil": 22719218, "link": "https://www.sec.gov/Archives/edgar/data/1368622/000104746914006076/0001047469-14-006076-index.htm", "finalLink": "https://www.sec.gov/Archives/edgar/data/1368622/000104746914006076/a2220674z10-k.htm", "calculatedOtherExpenses": 0, "calculatedOperatingExpenses": 81194000, "calculatedNetInterest": 0, "calculatedOtherIncome": 2477000, "calculatedIncomeNonControlling": 0, "calculatedEbitda": 21574000}, {"date": "2013-04-30", "symbol": "AVAV", "reportedCurrency": "USD", "cik": "0001368622", "fillingDate": "2013-06-26", "acceptedDate": "2013-06-25 18:56:57", "calendarYear": "2013", "period": "FY", "revenue": 240152000, "costOfRevenue": 147616000, "grossProfit": 92536000, "grossProfitRatio": 0.385322629, "researchAndDevelopmentExpenses": 37214000, "generalAndAdministrativeExpenses": 51282000, "sellingAndMarketingExpenses": 238000, "sellingGeneralAndAdministrativeExpenses": 51520000, "otherExpenses": 6245000, "operatingExpenses": 88734000, "costAndExpenses": 236350000, "interestIncome": 726000, "interestExpense": 726000, "depreciationAndAmortization": 10937000, "ebitda": 14739000, "ebitdaratio": 0.06137363, "operatingIncome": 3802000, "operatingIncomeRatio": 0.01583164, "totalOtherIncomeExpensesNet": 6245000, "incomeBeforeTax": 10773000, "incomeBeforeTaxRatio": 0.0448590892, "incomeTaxExpense": 347000, "netIncome": 10426000, "netIncomeRatio": 0.043414171, "eps": 0.47, "epsdiluted": 0.47, "weightedAverageShsOut": 22069842, "weightedAverageShsOutDil": 22390420, "link": "https://www.sec.gov/Archives/edgar/data/1368622/000104746913007199/0001047469-13-007199-index.htm", "finalLink": "https://www.sec.gov/Archives/edgar/data/1368622/000104746913007199/a2215730z10-k.htm", "calculatedOtherExpenses": 0, "calculatedOperatingExpenses": 88734000, "calculatedNetInterest": 0, "calculatedOtherIncome": 6971000, "calculatedIncomeNonControlling": 0, "calculatedEbitda": 14739000}, {"date": "2012-04-30", "symbol": "AVAV", "reportedCurrency": "USD", "cik": "0001368622", "fillingDate": "2012-06-27", "acceptedDate": "2012-06-26 17:49:56", "calendarYear": "2012", "period": "FY", "revenue": 325008000, "costOfRevenue": 195675000, "grossProfit": 129333000, "grossProfitRatio": 0.3979378969, "researchAndDevelopmentExpenses": 30977000, "generalAndAdministrativeExpenses": 0, "sellingAndMarketingExpenses": 0, "sellingGeneralAndAdministrativeExpenses": 55280000, "otherExpenses": 0, "operatingExpenses": 86257000, "costAndExpenses": 281932000, "interestIncome": 462000, "interestExpense": 462000, "depreciationAndAmortization": 8973000, "ebitda": 52049000, "ebitdaratio": 0.1601468272, "operatingIncome": 43076000, "operatingIncomeRatio": 0.132538276, "totalOtherIncomeExpensesNet": 462000, "incomeBeforeTax": 43538000, "incomeBeforeTaxRatio": 0.1339597795, "incomeTaxExpense": 13087000, "netIncome": 30451000, "netIncomeRatio": 0.0936930783, "eps": 1.4, "epsdiluted": 1.36, "weightedAverageShsOut": 21783496, "weightedAverageShsOutDil": 22315474, "link": "https://www.sec.gov/Archives/edgar/data/1368622/000104746912006915/0001047469-12-006915-index.htm", "finalLink": "https://www.sec.gov/Archives/edgar/data/1368622/000104746912006915/a2210001z10-k.htm", "calculatedOtherExpenses": 0, "calculatedOperatingExpenses": 86257000, "calculatedNetInterest": 0, "calculatedOtherIncome": 462000, "calculatedIncomeNonControlling": 0, "calculatedEbitda": 52049000}, {"date": "2011-04-30", "symbol": "AVAV", "reportedCurrency": "USD", "cik": "0001368622", "fillingDate": "2011-06-22", "acceptedDate": "2011-06-21 20:35:31", "calendarYear": "2011", "period": "FY", "revenue": 292503000, "costOfRevenue": 175352000, "grossProfit": 117151000, "grossProfitRatio": 0.4005121315, "researchAndDevelopmentExpenses": 35769000, "generalAndAdministrativeExpenses": 0, "sellingAndMarketingExpenses": 0, "sellingGeneralAndAdministrativeExpenses": 47431000, "otherExpenses": 0, "operatingExpenses": 83200000, "costAndExpenses": 258552000, "interestIncome": 277000, "interestExpense": 277000, "depreciationAndAmortization": 10599000, "ebitda": 33951000, "ebitdaratio": 0.1160706044, "operatingIncome": 33951000, "operatingIncomeRatio": 0.1160706044, "totalOtherIncomeExpensesNet": 277000, "incomeBeforeTax": 34228000, "incomeBeforeTaxRatio": 0.1170176032, "incomeTaxExpense": 8319000, "netIncome": 25909000, "netIncomeRatio": 0.0885768693, "eps": 1.2, "epsdiluted": 1.17, "weightedAverageShsOut": 21591333, "weightedAverageShsOutDil": 22081266, "link": "https://www.sec.gov/Archives/edgar/data/1368622/000104746911005974/0001047469-11-005974-index.htm", "finalLink": "https://www.sec.gov/Archives/edgar/data/1368622/000104746911005974/a2204500z10-k.htm", "calculatedOtherExpenses": 0, "calculatedOperatingExpenses": 83200000, "calculatedNetInterest": 0, "calculatedOtherIncome": 277000, "calculatedIncomeNonControlling": 0, "calculatedEbitda": 44550000}, {"date": "2010-04-30", "symbol": "AVAV", "reportedCurrency": "USD", "cik": "0001368622", "fillingDate": "2010-06-25", "acceptedDate": "2010-06-24 21:24:12", "calendarYear": "2010", "period": "FY", "revenue": 249518000, "costOfRevenue": 152692000, "grossProfit": 96826000, "grossProfitRatio": 0.3880521646, "researchAndDevelopmentExpenses": 24510000, "generalAndAdministrativeExpenses": 0, "sellingAndMarketingExpenses": 0, "sellingGeneralAndAdministrativeExpenses": 42429000, "otherExpenses": 0, "operatingExpenses": 66939000, "costAndExpenses": 219631000, "interestIncome": 195000, "interestExpense": 195000, "depreciationAndAmortization": 8982000, "ebitda": 29887000, "ebitdaratio": 0.1197789338, "operatingIncome": 29887000, "operatingIncomeRatio": 0.1197789338, "totalOtherIncomeExpensesNet": 195000, "incomeBeforeTax": 30082000, "incomeBeforeTaxRatio": 0.1205604405, "incomeTaxExpense": 9366000, "netIncome": 20716000, "netIncomeRatio": 0.0830240704, "eps": 0.97, "epsdiluted": 0.94, "weightedAverageShsOut": 21391795, "weightedAverageShsOutDil": 21977364, "link": "https://www.sec.gov/Archives/edgar/data/1368622/000104746910006115/0001047469-10-006115-index.htm", "finalLink": "https://www.sec.gov/Archives/edgar/data/1368622/000104746910006115/a2199189z10-k.htm", "calculatedOtherExpenses": 0, "calculatedOperatingExpenses": 66939000, "calculatedNetInterest": 0, "calculatedOtherIncome": 195000, "calculatedIncomeNonControlling": 0, "calculatedEbitda": 38869000}, {"date": "2009-04-30", "symbol": "AVAV", "reportedCurrency": "USD", "cik": "0001368622", "fillingDate": "2009-06-24", "acceptedDate": "2009-06-23 21:20:34", "calendarYear": "2009", "period": "FY", "revenue": 247662000, "costOfRevenue": 159065000, "grossProfit": 88597000, "grossProfitRatio": 0.3577335239, "researchAndDevelopmentExpenses": 21798000, "generalAndAdministrativeExpenses": 0, "sellingAndMarketingExpenses": 0, "sellingGeneralAndAdministrativeExpenses": 34246000, "otherExpenses": 0, "operatingExpenses": 56044000, "costAndExpenses": 215109000, "interestIncome": 1244000, "interestExpense": 1244000, "depreciationAndAmortization": 5355000, "ebitda": 39152000, "ebitdaratio": 0.1580864242, "operatingIncome": 32553000, "operatingIncomeRatio": 0.1314412385, "totalOtherIncomeExpensesNet": 1244000, "incomeBeforeTax": 33797000, "incomeBeforeTaxRatio": 0.1364642133, "incomeTaxExpense": 9552000, "netIncome": 24245000, "netIncomeRatio": 0.0978955189, "eps": 1.15, "epsdiluted": 1.11, "weightedAverageShsOut": 21023590, "weightedAverageShsOutDil": 21775727, "link": "https://www.sec.gov/Archives/edgar/data/1368622/000104746909006487/0001047469-09-006487-index.htm", "finalLink": "https://www.sec.gov/Archives/edgar/data/1368622/000104746909006487/a2193500z10-k.htm", "calculatedOtherExpenses": 0, "calculatedOperatingExpenses": 56044000, "calculatedNetInterest": 0, "calculatedOtherIncome": 1244000, "calculatedIncomeNonControlling": 0, "calculatedEbitda": 37908000}, {"date": "2008-04-30", "symbol": "AVAV", "reportedCurrency": "USD", "cik": "0001368622", "fillingDate": "2008-06-26", "acceptedDate": "2008-06-26 06:16:04", "calendarYear": "2008", "period": "FY", "revenue": 215746000, "costOfRevenue": 137199000, "grossProfit": 78547000, "grossProfitRatio": 0.3640716398, "researchAndDevelopmentExpenses": 16441000, "generalAndAdministrativeExpenses": 0, "sellingAndMarketingExpenses": 0, "sellingGeneralAndAdministrativeExpenses": 33662000, "otherExpenses": 0, "operatingExpenses": 50103000, "costAndExpenses": 187302000, "interestIncome": 3796000, "interestExpense": -1000, "depreciationAndAmortization": 3849000, "ebitda": 32293000, "ebitdaratio": 0.149680643, "operatingIncome": 28444000, "operatingIncomeRatio": 0.1318402195, "totalOtherIncomeExpensesNet": 3795000, "incomeBeforeTax": 32239000, "incomeBeforeTaxRatio": 0.1494303487, "incomeTaxExpense": 10853000, "netIncome": 21386000, "netIncomeRatio": 0.0991258239, "eps": 1.08, "epsdiluted": 1, "weightedAverageShsOut": 19766881, "weightedAverageShsOutDil": 21372405, "link": "https://www.sec.gov/Archives/edgar/data/1368622/000104746908007752/0001047469-08-007752-index.htm", "finalLink": "https://www.sec.gov/Archives/edgar/data/1368622/000104746908007752/a2186536z10-k.htm", "calculatedOtherExpenses": 0, "calculatedOperatingExpenses": 50103000, "calculatedNetInterest": 3797000, "calculatedOtherIncome": -2000, "calculatedIncomeNonControlling": 0, "calculatedEbitda": 32293000}, {"date": "2007-04-30", "symbol": "AVAV", "reportedCurrency": "USD", "cik": "0001368622", "fillingDate": "2007-06-29", "acceptedDate": "2007-06-29 15:09:16", "calendarYear": "2007", "period": "FY", "revenue": 173721000, "costOfRevenue": 105239000, "grossProfit": 68482000, "grossProfitRatio": 0.3942068029, "researchAndDevelopmentExpenses": 13940000, "generalAndAdministrativeExpenses": 0, "sellingAndMarketingExpenses": 0, "sellingGeneralAndAdministrativeExpenses": 24041000, "otherExpenses": 0, "operatingExpenses": 37981000, "costAndExpenses": 143220000, "interestIncome": 1707000, "interestExpense": -6000, "depreciationAndAmortization": 2897000, "ebitda": 33398000, "ebitdaratio": 0.1922507929, "operatingIncome": 30501000, "operatingIncomeRatio": 0.1755746283, "totalOtherIncomeExpensesNet": 1701000, "incomeBeforeTax": 32202000, "incomeBeforeTaxRatio": 0.1853661906, "incomeTaxExpense": 11484000, "netIncome": 20718000, "netIncomeRatio": 0.1192601931, "eps": 1.39, "epsdiluted": 1.22, "weightedAverageShsOut": 14946502, "weightedAverageShsOutDil": 16992012, "link": "https://www.sec.gov/Archives/edgar/data/1368622/000114036107013143/0001140361-07-013143-index.htm", "finalLink": "https://www.sec.gov/Archives/edgar/data/1368622/000114036107013143/form10-k.htm", "calculatedOtherExpenses": 0, "calculatedOperatingExpenses": 37981000, "calculatedNetInterest": 1713000, "calculatedOtherIncome": -12000, "calculatedIncomeNonControlling": 0, "calculatedEbitda": 33398000}, {"date": "2006-04-30", "symbol": "AVAV", "reportedCurrency": "USD", "cik": "0001368622", "fillingDate": "2006-04-30", "acceptedDate": "2006-04-29 20:00:00", "calendarYear": "2006", "period": "FY", "revenue": 139357000, "costOfRevenue": 82598000, "grossProfit": 56759000, "grossProfitRatio": 0.4072920628, "researchAndDevelopmentExpenses": 16098000, "generalAndAdministrativeExpenses": 0, "sellingAndMarketingExpenses": 0, "sellingGeneralAndAdministrativeExpenses": 24336000, "otherExpenses": 0, "operatingExpenses": 40434000, "costAndExpenses": 123032000, "interestIncome": 0, "interestExpense": 0, "depreciationAndAmortization": 1999000, "ebitda": 18359000, "ebitdaratio": 0.1317407809, "operatingIncome": 16325000, "operatingIncomeRatio": 0.1171451739, "totalOtherIncomeExpensesNet": -35000, "incomeBeforeTax": 16290000, "incomeBeforeTaxRatio": 0.1168940204, "incomeTaxExpense": 4881000, "netIncome": 11409000, "netIncomeRatio": 0.0818688692, "eps": 0.86, "epsdiluted": 0.75, "weightedAverageShsOut": 13011639, "weightedAverageShsOutDil": 14873651, "link": "", "finalLink": "", "calculatedOtherExpenses": 0, "calculatedOperatingExpenses": 40434000, "calculatedNetInterest": 0, "calculatedOtherIncome": -35000, "calculatedIncomeNonControlling": 0, "calculatedEbitda": 18324000}, {"date": "2005-04-30", "symbol": "AVAV", "reportedCurrency": "USD", "cik": "0001368622", "fillingDate": "2005-04-30", "acceptedDate": "2005-04-29 20:00:00", "calendarYear": "2005", "period": "FY", "revenue": 105155000, "costOfRevenue": 58549000, "grossProfit": 46606000, "grossProfitRatio": 0.4432124007, "researchAndDevelopmentExpenses": 9799000, "generalAndAdministrativeExpenses": 0, "sellingAndMarketingExpenses": 0, "sellingGeneralAndAdministrativeExpenses": 16550000, "otherExpenses": 0, "operatingExpenses": 26349000, "costAndExpenses": 84898000, "interestIncome": 0, "interestExpense": 0, "depreciationAndAmortization": 1053000, "ebitda": 21354000, "ebitdaratio": 0.2030716561, "operatingIncome": 20257000, "operatingIncomeRatio": 0.192639437, "totalOtherIncomeExpensesNet": -44000, "incomeBeforeTax": 20213000, "incomeBeforeTaxRatio": 0.1922210071, "incomeTaxExpense": 5531000, "netIncome": 14682000, "netIncomeRatio": 0.1396224621, "eps": 1.15, "epsdiluted": 1.05, "weightedAverageShsOut": 12674585, "weightedAverageShsOutDil": 13847223, "link": "", "finalLink": "", "calculatedOtherExpenses": 0, "calculatedOperatingExpenses": 26349000, "calculatedNetInterest": 0, "calculatedOtherIncome": -44000, "calculatedIncomeNonControlling": 0, "calculatedEbitda": 21310000}, {"date": "2004-04-30", "symbol": "AVAV", "reportedCurrency": "USD", "cik": "0001368622", "fillingDate": "2004-04-30", "acceptedDate": "2004-04-29 20:00:00", "calendarYear": "2004", "period": "FY", "revenue": 47680000, "costOfRevenue": 0, "grossProfit": 47680000, "grossProfitRatio": 1, "researchAndDevelopmentExpenses": 0, "generalAndAdministrativeExpenses": 0, "sellingAndMarketingExpenses": 0, "sellingGeneralAndAdministrativeExpenses": 0, "otherExpenses": 0, "operatingExpenses": 0, "costAndExpenses": 0, "interestIncome": 0, "interestExpense": 0, "depreciationAndAmortization": 0, "ebitda": 47680000, "ebitdaratio": 1, "operatingIncome": 47680000, "operatingIncomeRatio": 1, "totalOtherIncomeExpensesNet": 0, "incomeBeforeTax": 0, "incomeBeforeTaxRatio": 0, "incomeTaxExpense": -2171000, "netIncome": 2171000, "netIncomeRatio": 0.0455327181, "eps": 1.32, "epsdiluted": 1.26, "weightedAverageShsOut": 1639543, "weightedAverageShsOutDil": 1718460, "link": "", "finalLink": "", "calculatedOtherExpenses": 0, "calculatedOperatingExpenses": 0, "calculatedNetInterest": 0, "calculatedOtherIncome": -47680000, "calculatedIncomeNonControlling": 0, "calculatedEbitda": 47680000}, {"date": "2003-04-30", "symbol": "AVAV", "reportedCurrency": "USD", "cik": "0001368622", "fillingDate": "2003-04-30", "acceptedDate": "2003-04-29 20:00:00", "calendarYear": "2003", "period": "FY", "revenue": 45817000, "costOfRevenue": 0, "grossProfit": 45817000, "grossProfitRatio": 1, "researchAndDevelopmentExpenses": 0, "generalAndAdministrativeExpenses": 0, "sellingAndMarketingExpenses": 0, "sellingGeneralAndAdministrativeExpenses": 0, "otherExpenses": 0, "operatingExpenses": 0, "costAndExpenses": 0, "interestIncome": 0, "interestExpense": 0, "depreciationAndAmortization": 0, "ebitda": 45817000, "ebitdaratio": 1, "operatingIncome": 45817000, "operatingIncomeRatio": 1, "totalOtherIncomeExpensesNet": 0, "incomeBeforeTax": 0, "incomeBeforeTaxRatio": 0, "incomeTaxExpense": -541000, "netIncome": 541000, "netIncomeRatio": 0.0118078442, "eps": 0.05, "epsdiluted": 0.04, "weightedAverageShsOut": 11583000, "weightedAverageShsOutDil": 12040000, "link": "", "finalLink": "", "calculatedOtherExpenses": 0, "calculatedOperatingExpenses": 0, "calculatedNetInterest": 0, "calculatedOtherIncome": -45817000, "calculatedIncomeNonControlling": 0, "calculatedEbitda": 45817000}]}