{"originalCurrency": "USD", "convertedCurrency": "USD", "report": [{"date": "2023-12-31", "symbol": "AVB", "reportedCurrency": "USD", "cik": "0000915912", "fillingDate": "2024-02-23", "acceptedDate": "2024-02-23 13:36:28", "calendarYear": "2023", "period": "FY", "revenue": 2824455000, "costOfRevenue": 1805097000, "grossProfit": 1019358000, "grossProfitRatio": 0.3609043161, "researchAndDevelopmentExpenses": 0, "generalAndAdministrativeExpenses": 76534000, "sellingAndMarketingExpenses": 0, "sellingGeneralAndAdministrativeExpenses": 76534000, "otherExpenses": -134440000, "operatingExpenses": 134440000, "costAndExpenses": 1939537000, "interestIncome": 0, "interestExpense": 204632000, "depreciationAndAmortization": 816965000, "ebitda": 1701883000, "ebitdaratio": 0.6025527049, "operatingIncome": 884918000, "operatingIncomeRatio": 0.3133057528, "totalOtherIncomeExpensesNet": 53673000, "incomeBeforeTax": 938591000, "incomeBeforeTaxRatio": 0.3323087109, "incomeTaxExpense": 10153000, "netIncome": 928825000, "netIncomeRatio": 0.3288510527, "eps": 6.56, "epsdiluted": 6.55, "weightedAverageShsOut": 141307186, "weightedAverageShsOutDil": 141643788, "link": "https://www.sec.gov/Archives/edgar/data/915912/000091591224000004/0000915912-24-000004-index.htm", "finalLink": "https://www.sec.gov/Archives/edgar/data/915912/000091591224000004/avb-20231231.htm", "calculatedOtherExpenses": 57906000, "calculatedOperatingExpenses": 134440000, "calculatedNetInterest": -204632000, "calculatedOtherIncome": 258305000, "calculatedIncomeNonControlling": -387000, "calculatedEbitda": 1701883000}, {"date": "2022-12-31", "symbol": "AVB", "reportedCurrency": "USD", "cik": "0000915912", "fillingDate": "2023-02-24", "acceptedDate": "2023-02-24 13:29:05", "calendarYear": "2022", "period": "FY", "revenue": 2593446000, "costOfRevenue": 919114000, "grossProfit": 1674332000, "grossProfitRatio": 0.6456012579, "researchAndDevelopmentExpenses": 16565000, "generalAndAdministrativeExpenses": 74064000, "sellingAndMarketingExpenses": 0, "sellingGeneralAndAdministrativeExpenses": 74064000, "otherExpenses": 814978000, "operatingExpenses": 905607000, "costAndExpenses": 1824721000, "interestIncome": 230074000, "interestExpense": 230074000, "depreciationAndAmortization": 814978000, "ebitda": 1637097000, "ebitdaratio": 0.6312439125, "operatingIncome": 822119000, "operatingIncomeRatio": 0.3169986959, "totalOtherIncomeExpensesNet": 328965000, "incomeBeforeTax": 1151084000, "incomeBeforeTaxRatio": 0.4438434423, "incomeTaxExpense": 14646000, "netIncome": 1136775000, "netIncomeRatio": 0.4383260727, "eps": 8.13, "epsdiluted": 8.11, "weightedAverageShsOut": 139634294, "weightedAverageShsOutDil": 139975087, "link": "https://www.sec.gov/Archives/edgar/data/915912/000091591223000004/0000915912-23-000004-index.htm", "finalLink": "https://www.sec.gov/Archives/edgar/data/915912/000091591223000004/avb-20221231.htm", "calculatedOtherExpenses": 761584000, "calculatedOperatingExpenses": 852213000, "calculatedNetInterest": 0, "calculatedOtherIncome": 328965000, "calculatedIncomeNonControlling": -337000, "calculatedEbitda": 1637097000}, {"date": "2021-12-31", "symbol": "AVB", "reportedCurrency": "USD", "cik": "0000915912", "fillingDate": "2022-02-25", "acceptedDate": "2022-02-25 16:59:50", "calendarYear": "2021", "period": "FY", "revenue": 2294850000, "costOfRevenue": 853942000, "grossProfit": 1440908000, "grossProfitRatio": 0.6278876615, "researchAndDevelopmentExpenses": 3231000, "generalAndAdministrativeExpenses": 69611000, "sellingAndMarketingExpenses": 0, "sellingGeneralAndAdministrativeExpenses": 69611000, "otherExpenses": 758596000, "operatingExpenses": 828207000, "costAndExpenses": 1682149000, "interestIncome": 220415000, "interestExpense": 220415000, "depreciationAndAmortization": 758596000, "ebitda": 1409882000, "ebitdaratio": 0.6143678236, "operatingIncome": 651286000, "operatingIncomeRatio": 0.2838032987, "totalOtherIncomeExpensesNet": 358803000, "incomeBeforeTax": 1010089000, "incomeBeforeTaxRatio": 0.4401546942, "incomeTaxExpense": 5733000, "netIncome": 1004299000, "netIncomeRatio": 0.4376316535, "eps": 7.19, "epsdiluted": 7.17, "weightedAverageShsOut": 139389433, "weightedAverageShsOutDil": 139717399, "link": "https://www.sec.gov/Archives/edgar/data/915912/000091591222000005/0000915912-22-000005-index.htm", "finalLink": "https://www.sec.gov/Archives/edgar/data/915912/000091591222000005/avb-20211231.htm", "calculatedOtherExpenses": 716780000, "calculatedOperatingExpenses": 789622000, "calculatedNetInterest": 0, "calculatedOtherIncome": 358803000, "calculatedIncomeNonControlling": 57000, "calculatedEbitda": 1409882000}, {"date": "2020-12-31", "symbol": "AVB", "reportedCurrency": "USD", "cik": "0000915912", "fillingDate": "2021-02-25", "acceptedDate": "2021-02-25 15:22:12", "calendarYear": "2020", "period": "FY", "revenue": 2301261000, "costOfRevenue": 823102000, "grossProfit": 1478159000, "grossProfitRatio": 0.6423256641, "researchAndDevelopmentExpenses": 12399000, "generalAndAdministrativeExpenses": 60343000, "sellingAndMarketingExpenses": 0, "sellingGeneralAndAdministrativeExpenses": 60343000, "otherExpenses": 707331000, "operatingExpenses": 767674000, "costAndExpenses": 1590776000, "interestIncome": 214151000, "interestExpense": 214151000, "depreciationAndAmortization": 707331000, "ebitda": 1424238000, "ebitdaratio": 0.6188945974, "operatingIncome": 716907000, "operatingIncomeRatio": 0.3115278971, "totalOtherIncomeExpensesNet": 107552000, "incomeBeforeTax": 824459000, "incomeBeforeTaxRatio": 0.3582640126, "incomeTaxExpense": -3247000, "netIncome": 827630000, "netIncomeRatio": 0.3596419528, "eps": 5.89, "epsdiluted": 5.88, "weightedAverageShsOut": 140094722, "weightedAverageShsOutDil": 140435195, "link": "https://www.sec.gov/Archives/edgar/data/915912/000091591221000004/0000915912-21-000004-index.htm", "finalLink": "https://www.sec.gov/Archives/edgar/data/915912/000091591221000004/avb-20201231.htm", "calculatedOtherExpenses": 688510000, "calculatedOperatingExpenses": 761252000, "calculatedNetInterest": 0, "calculatedOtherIncome": 107552000, "calculatedIncomeNonControlling": 76000, "calculatedEbitda": 1424238000}, {"date": "2019-12-31", "symbol": "AVB", "reportedCurrency": "USD", "cik": "0000915912", "fillingDate": "2020-02-21", "acceptedDate": "2020-02-21 15:41:19", "calendarYear": "2019", "period": "FY", "revenue": 2324626000, "costOfRevenue": 768106000, "grossProfit": 1556520000, "grossProfitRatio": 0.6695786763, "researchAndDevelopmentExpenses": 0, "generalAndAdministrativeExpenses": 58042000, "sellingAndMarketingExpenses": 3812000, "sellingGeneralAndAdministrativeExpenses": 58042000, "otherExpenses": 661578000, "operatingExpenses": 719620000, "costAndExpenses": 1487726000, "interestIncome": 203585000, "interestExpense": 203585000, "depreciationAndAmortization": 661578000, "ebitda": 1507130000, "ebitdaratio": 0.6483322479, "operatingIncome": 845552000, "operatingIncomeRatio": 0.3637367903, "totalOtherIncomeExpensesNet": -46446000, "incomeBeforeTax": 799106000, "incomeBeforeTaxRatio": 0.3437568022, "incomeTaxExpense": 13003000, "netIncome": 785974000, "netIncomeRatio": 0.3381077214, "eps": 5.64, "epsdiluted": 5.63, "weightedAverageShsOut": 139420111, "weightedAverageShsOutDil": 139571550, "link": "https://www.sec.gov/Archives/edgar/data/915912/000091591220000004/0000915912-20-000004-index.htm", "finalLink": "https://www.sec.gov/Archives/edgar/data/915912/000091591220000004/a201910-k.htm", "calculatedOtherExpenses": 652926000, "calculatedOperatingExpenses": 710968000, "calculatedNetInterest": 0, "calculatedOtherIncome": -46446000, "calculatedIncomeNonControlling": 129000, "calculatedEbitda": 1507130000}, {"date": "2018-12-31", "symbol": "AVB", "reportedCurrency": "USD", "cik": "0000915912", "fillingDate": "2019-02-22", "acceptedDate": "2019-02-22 13:19:53", "calendarYear": "2018", "period": "FY", "revenue": 2284535000, "costOfRevenue": 762851000, "grossProfit": 1521684000, "grossProfitRatio": 0.6660804059, "researchAndDevelopmentExpenses": 0, "generalAndAdministrativeExpenses": 56205000, "sellingAndMarketingExpenses": 0, "sellingGeneralAndAdministrativeExpenses": 56205000, "otherExpenses": 631196000, "operatingExpenses": 687401000, "costAndExpenses": 1450252000, "interestIncome": 0, "interestExpense": 220974000, "depreciationAndAmortization": 631196000, "ebitda": 1480749000, "ebitdaratio": 0.6481620986, "operatingIncome": 826414000, "operatingIncomeRatio": 0.3617427617, "totalOtherIncomeExpensesNet": 360866000, "incomeBeforeTax": 974175000, "incomeBeforeTaxRatio": 0.4264215694, "incomeTaxExpense": -160000, "netIncome": 974525000, "netIncomeRatio": 0.4265747734, "eps": 7.05, "epsdiluted": 7.05, "weightedAverageShsOut": 138247513, "weightedAverageShsOutDil": 138289241, "link": "https://www.sec.gov/Archives/edgar/data/915912/000091591219000004/0000915912-19-000004-index.htm", "finalLink": "https://www.sec.gov/Archives/edgar/data/915912/000091591219000004/a201810-k.htm", "calculatedOtherExpenses": 639065000, "calculatedOperatingExpenses": 695270000, "calculatedNetInterest": -220974000, "calculatedOtherIncome": 368735000, "calculatedIncomeNonControlling": -190000, "calculatedEbitda": 1457610000}, {"date": "2017-12-31", "symbol": "AVB", "reportedCurrency": "USD", "cik": "0000915912", "fillingDate": "2018-02-23", "acceptedDate": "2018-02-23 13:55:16", "calendarYear": "2017", "period": "FY", "revenue": 2158628000, "costOfRevenue": 719385000, "grossProfit": 1439243000, "grossProfitRatio": 0.6667397069, "researchAndDevelopmentExpenses": 0, "generalAndAdministrativeExpenses": 50814000, "sellingAndMarketingExpenses": 0, "sellingGeneralAndAdministrativeExpenses": 50814000, "otherExpenses": 584150000, "operatingExpenses": 634964000, "costAndExpenses": 1354349000, "interestIncome": 0, "interestExpense": 199661000, "depreciationAndAmortization": 584150000, "ebitda": 1459173000, "ebitdaratio": 0.6759724232, "operatingIncome": 798484000, "operatingIncomeRatio": 0.3699034757, "totalOtherIncomeExpensesNet": 272042000, "incomeBeforeTax": 876660000, "incomeBeforeTaxRatio": 0.4061190719, "incomeTaxExpense": 141000, "netIncome": 876921000, "netIncomeRatio": 0.4062399821, "eps": 6.36, "epsdiluted": 6.35, "weightedAverageShsOut": 137911138, "weightedAverageShsOutDil": 138066686, "link": "https://www.sec.gov/Archives/edgar/data/915912/000091591218000004/0000915912-18-000004-index.htm", "finalLink": "https://www.sec.gov/Archives/edgar/data/915912/000091591218000004/a201710-k.htm", "calculatedOtherExpenses": 589945000, "calculatedOperatingExpenses": 640759000, "calculatedNetInterest": -199661000, "calculatedOtherIncome": 277837000, "calculatedIncomeNonControlling": -402000, "calculatedEbitda": 1382634000}, {"date": "2016-12-31", "symbol": "AVB", "reportedCurrency": "USD", "cik": "0000915912", "fillingDate": "2017-02-24", "acceptedDate": "2017-02-24 13:54:58", "calendarYear": "2016", "period": "FY", "revenue": 2045255000, "costOfRevenue": 678452000, "grossProfit": 1366803000, "grossProfitRatio": 0.6682799944, "researchAndDevelopmentExpenses": 0, "generalAndAdministrativeExpenses": 45771000, "sellingAndMarketingExpenses": 0, "sellingGeneralAndAdministrativeExpenses": 45771000, "otherExpenses": 531434000, "operatingExpenses": 577205000, "costAndExpenses": 1255657000, "interestIncome": 0, "interestExpense": 187510000, "depreciationAndAmortization": 531434000, "ebitda": 1385994000, "ebitdaratio": 0.6776631765, "operatingIncome": 784776000, "operatingIncomeRatio": 0.3837056993, "totalOtherIncomeExpensesNet": 431925000, "incomeBeforeTax": 1034013000, "incomeBeforeTaxRatio": 0.5055667875, "incomeTaxExpense": 305000, "netIncome": 1034002000, "netIncomeRatio": 0.5055614092, "eps": 7.53, "epsdiluted": 7.52, "weightedAverageShsOut": 137274820, "weightedAverageShsOutDil": 137461637, "link": "https://www.sec.gov/Archives/edgar/data/915912/000091591217000004/0000915912-17-000004-index.htm", "finalLink": "https://www.sec.gov/Archives/edgar/data/915912/000091591217000004/a201610-k.htm", "calculatedOtherExpenses": 536256000, "calculatedOperatingExpenses": 582027000, "calculatedNetInterest": -187510000, "calculatedOtherIncome": 436747000, "calculatedIncomeNonControlling": -294000, "calculatedEbitda": 1316210000}, {"date": "2015-12-31", "symbol": "AVB", "reportedCurrency": "USD", "cik": "0000915912", "fillingDate": "2016-02-26", "acceptedDate": "2016-02-25 17:48:46", "calendarYear": "2015", "period": "FY", "revenue": 1856028000, "costOfRevenue": 637876000, "grossProfit": 1218152000, "grossProfitRatio": 0.6563219951, "researchAndDevelopmentExpenses": 0, "generalAndAdministrativeExpenses": 42396000, "sellingAndMarketingExpenses": 0, "sellingGeneralAndAdministrativeExpenses": 42396000, "otherExpenses": 477923000, "operatingExpenses": 520319000, "costAndExpenses": 1158195000, "interestIncome": 0, "interestExpense": 175615000, "depreciationAndAmortization": 477923000, "ebitda": 1245774000, "ebitdaratio": 0.6712043137, "operatingIncome": 693463000, "operatingIncomeRatio": 0.3736274453, "totalOtherIncomeExpensesNet": 221376000, "incomeBeforeTax": 743594000, "incomeBeforeTaxRatio": 0.4006372749, "incomeTaxExpense": 1861000, "netIncome": 742038000, "netIncomeRatio": 0.3997989254, "eps": 5.54, "epsdiluted": 5.51, "weightedAverageShsOut": 133885758, "weightedAverageShsOutDil": 134593177, "link": "https://www.sec.gov/Archives/edgar/data/915912/000091591216000024/0000915912-16-000024-index.htm", "finalLink": "https://www.sec.gov/Archives/edgar/data/915912/000091591216000024/a201510-k.htm", "calculatedOtherExpenses": 482293000, "calculatedOperatingExpenses": 524689000, "calculatedNetInterest": -175615000, "calculatedOtherIncome": 225746000, "calculatedIncomeNonControlling": -305000, "calculatedEbitda": 1171386000}, {"date": "2014-12-31", "symbol": "AVB", "reportedCurrency": "USD", "cik": "0000915912", "fillingDate": "2015-02-19", "acceptedDate": "2015-02-19 16:40:02", "calendarYear": "2014", "period": "FY", "revenue": 1685061000, "costOfRevenue": 584821000, "grossProfit": 1100240000, "grossProfitRatio": 0.6529377868, "researchAndDevelopmentExpenses": 0, "generalAndAdministrativeExpenses": 41425000, "sellingAndMarketingExpenses": 0, "sellingGeneralAndAdministrativeExpenses": 41425000, "otherExpenses": 442682000, "operatingExpenses": 484107000, "costAndExpenses": 1068928000, "interestIncome": 0, "interestExpense": 180618000, "depreciationAndAmortization": 442682000, "ebitda": 1207581000, "ebitdaratio": 0.7166393383, "operatingIncome": 611648000, "operatingIncomeRatio": 0.3629827051, "totalOtherIncomeExpensesNet": 233001000, "incomeBeforeTax": 668516000, "incomeBeforeTaxRatio": 0.3967310382, "incomeTaxExpense": 9368000, "netIncome": 683567000, "netIncomeRatio": 0.4056630591, "eps": 5.22, "epsdiluted": 5.21, "weightedAverageShsOut": 130878250, "weightedAverageShsOutDil": 131237502, "link": "https://www.sec.gov/Archives/edgar/data/915912/000091591215000004/0000915912-15-000004-index.htm", "finalLink": "https://www.sec.gov/Archives/edgar/data/915912/000091591215000004/a201410-k.htm", "calculatedOtherExpenses": 447167000, "calculatedOperatingExpenses": 488592000, "calculatedNetInterest": -180618000, "calculatedOtherIncome": 237486000, "calculatedIncomeNonControlling": -24419000, "calculatedEbitda": 1054330000}, {"date": "2013-12-31", "symbol": "AVB", "reportedCurrency": "USD", "cik": "0000915912", "fillingDate": "2014-03-03", "acceptedDate": "2014-02-28 21:00:58", "calendarYear": "2013", "period": "FY", "revenue": 1462921000, "costOfRevenue": 507029000, "grossProfit": 955892000, "grossProfitRatio": 0.6534132739, "researchAndDevelopmentExpenses": 0, "generalAndAdministrativeExpenses": 39573000, "sellingAndMarketingExpenses": 0, "sellingGeneralAndAdministrativeExpenses": 39573000, "otherExpenses": -3990000, "operatingExpenses": 599788000, "costAndExpenses": 1106817000, "interestIncome": 0, "interestExpense": 172402000, "depreciationAndAmortization": 560215000, "ebitda": 901175000, "ebitdaratio": 0.6160107073, "operatingIncome": 352114000, "operatingIncomeRatio": 0.2406924229, "totalOtherIncomeExpensesNet": -125875000, "incomeBeforeTax": 57827000, "incomeBeforeTaxRatio": 0.0395284503, "incomeTaxExpense": -138056000, "netIncome": 353141000, "netIncomeRatio": 0.241394443, "eps": 2.78, "epsdiluted": 2.78, "weightedAverageShsOut": 126855754, "weightedAverageShsOutDil": 127265903, "link": "https://www.sec.gov/Archives/edgar/data/915912/000104746914001617/0001047469-14-001617-index.htm", "finalLink": "https://www.sec.gov/Archives/edgar/data/915912/000104746914001617/a2218560z10-k.htm", "calculatedOtherExpenses": 564205000, "calculatedOperatingExpenses": 603778000, "calculatedNetInterest": -172402000, "calculatedOtherIncome": -121885000, "calculatedIncomeNonControlling": -157258000, "calculatedEbitda": 912329000}, {"date": "2012-12-31", "symbol": "AVB", "reportedCurrency": "USD", "cik": "0000915912", "fillingDate": "2013-02-22", "acceptedDate": "2013-02-22 17:26:26", "calendarYear": "2012", "period": "FY", "revenue": 1038660000, "costOfRevenue": 362196000, "grossProfit": 676464000, "grossProfitRatio": 0.6512853099, "researchAndDevelopmentExpenses": 0, "generalAndAdministrativeExpenses": 34101000, "sellingAndMarketingExpenses": 0, "sellingGeneralAndAdministrativeExpenses": 34101000, "otherExpenses": -6071000, "operatingExpenses": 290127000, "costAndExpenses": 652323000, "interestIncome": 0, "interestExpense": 136920000, "depreciationAndAmortization": 256026000, "ebitda": 657206000, "ebitdaratio": 0.6327441126, "operatingIncome": 368916000, "operatingIncomeRatio": 0.3551845647, "totalOtherIncomeExpensesNet": 15339000, "incomeBeforeTax": 264756000, "incomeBeforeTaxRatio": 0.2549015077, "incomeTaxExpense": -7350000, "netIncome": 423869000, "netIncomeRatio": 0.4080921572, "eps": 4.34, "epsdiluted": 4.32, "weightedAverageShsOut": 97416401, "weightedAverageShsOutDil": 98025152, "link": "https://www.sec.gov/Archives/edgar/data/915912/000104746913001516/0001047469-13-001516-index.htm", "finalLink": "https://www.sec.gov/Archives/edgar/data/915912/000104746913001516/a2213127z10-k.htm", "calculatedOtherExpenses": 273447000, "calculatedOperatingExpenses": 307548000, "calculatedNetInterest": -136920000, "calculatedOtherIncome": 32760000, "calculatedIncomeNonControlling": -151763000, "calculatedEbitda": 624942000}, {"date": "2011-12-31", "symbol": "AVB", "reportedCurrency": "USD", "cik": "0000915912", "fillingDate": "2012-02-27", "acceptedDate": "2012-02-27 12:18:18", "calendarYear": "2011", "period": "FY", "revenue": 968711000, "costOfRevenue": 353308000, "grossProfit": 615403000, "grossProfitRatio": 0.6352802848, "researchAndDevelopmentExpenses": 2967000, "generalAndAdministrativeExpenses": 29371000, "sellingAndMarketingExpenses": 5126000, "sellingGeneralAndAdministrativeExpenses": 34497000, "otherExpenses": 243699000, "operatingExpenses": 284130000, "costAndExpenses": 637438000, "interestIncome": 0, "interestExpense": 168179000, "depreciationAndAmortization": 246666000, "ebitda": 580215000, "ebitdaratio": 0.5989557257, "operatingIncome": 331273000, "operatingIncomeRatio": 0.341972993, "totalOtherIncomeExpensesNet": 2844000, "incomeBeforeTax": 165938000, "incomeBeforeTaxRatio": 0.1712977348, "incomeTaxExpense": -105229000, "netIncome": 441622000, "netIncomeRatio": 0.4558862241, "eps": 4.89, "epsdiluted": 4.87, "weightedAverageShsOut": 89922465, "weightedAverageShsOutDil": 90777462, "link": "https://www.sec.gov/Archives/edgar/data/915912/000119312512080629/0001193125-12-080629-index.htm", "finalLink": "https://www.sec.gov/Archives/edgar/data/915912/000119312512080629/d235613d10k.htm", "calculatedOtherExpenses": 246666000, "calculatedOperatingExpenses": 284130000, "calculatedNetInterest": -168179000, "calculatedOtherIncome": 2844000, "calculatedIncomeNonControlling": -170455000, "calculatedEbitda": 577939000}, {"date": "2010-12-31", "symbol": "AVB", "reportedCurrency": "USD", "cik": "0000915912", "fillingDate": "2011-02-23", "acceptedDate": "2011-02-23 17:09:35", "calendarYear": "2010", "period": "FY", "revenue": 895266000, "costOfRevenue": 363334000, "grossProfit": 531932000, "grossProfitRatio": 0.5941608416, "researchAndDevelopmentExpenses": 0, "generalAndAdministrativeExpenses": 26846000, "sellingAndMarketingExpenses": 0, "sellingGeneralAndAdministrativeExpenses": 26846000, "otherExpenses": 232571000, "operatingExpenses": 259417000, "costAndExpenses": 622751000, "interestIncome": 0, "interestExpense": 175209000, "depreciationAndAmortization": 232942000, "ebitda": 505457000, "ebitdaratio": 0.5645886251, "operatingIncome": 272515000, "operatingIncomeRatio": 0.3043955651, "totalOtherIncomeExpensesNet": 762000, "incomeBeforeTax": 98068000, "incomeBeforeTaxRatio": 0.1095406281, "incomeTaxExpense": 97946000, "netIncome": 175331000, "netIncomeRatio": 0.195842353, "eps": 2.08, "epsdiluted": 2.07, "weightedAverageShsOut": 83859936, "weightedAverageShsOutDil": 84632869, "link": "https://www.sec.gov/Archives/edgar/data/915912/000115752311001108/0001157523-11-001108-index.htm", "finalLink": "https://www.sec.gov/Archives/edgar/data/915912/000115752311001108/a6613886.htm", "calculatedOtherExpenses": 232571000, "calculatedOperatingExpenses": 259417000, "calculatedNetInterest": -175209000, "calculatedOtherIncome": 762000, "calculatedIncomeNonControlling": -175209000, "calculatedEbitda": 505457000}, {"date": "2009-12-31", "symbol": "AVB", "reportedCurrency": "USD", "cik": "0000915912", "fillingDate": "2010-03-01", "acceptedDate": "2010-03-01 12:03:23", "calendarYear": "2009", "period": "FY", "revenue": 851582000, "costOfRevenue": 335875000, "grossProfit": 515707000, "grossProfitRatio": 0.6055870133, "researchAndDevelopmentExpenses": 5842000, "generalAndAdministrativeExpenses": 28748000, "sellingAndMarketingExpenses": 3844000, "sellingGeneralAndAdministrativeExpenses": 32592000, "otherExpenses": 229814000, "operatingExpenses": 248180000, "costAndExpenses": 584055000, "interestIncome": 0, "interestExpense": 150323000, "depreciationAndAmortization": 209746000, "ebitda": 519505000, "ebitdaratio": 0.6100469479, "operatingIncome": 241617000, "operatingIncomeRatio": 0.2837272277, "totalOtherIncomeExpensesNet": -40791000, "incomeBeforeTax": 200826000, "incomeBeforeTaxRatio": 0.2358269668, "incomeTaxExpense": 113321000, "netIncome": 155647000, "netIncomeRatio": 0.1827739431, "eps": 1.94, "epsdiluted": 1.93, "weightedAverageShsOut": 79951348, "weightedAverageShsOutDil": 80599657, "link": "https://www.sec.gov/Archives/edgar/data/915912/000095012310019013/0000950123-10-019013-index.htm", "finalLink": "https://www.sec.gov/Archives/edgar/data/915912/000095012310019013/w77522e10vk.htm", "calculatedOtherExpenses": 235656000, "calculatedOperatingExpenses": 274090000, "calculatedNetInterest": -150323000, "calculatedOtherIncome": 109532000, "calculatedIncomeNonControlling": -68142000, "calculatedEbitda": 451363000}, {"date": "2008-12-31", "symbol": "AVB", "reportedCurrency": "USD", "cik": "0000915912", "fillingDate": "2009-03-02", "acceptedDate": "2009-03-02 13:42:05", "calendarYear": "2008", "period": "FY", "revenue": 854208000, "costOfRevenue": 240864000, "grossProfit": 613344000, "grossProfitRatio": 0.7180265228, "researchAndDevelopmentExpenses": 0, "generalAndAdministrativeExpenses": 42781000, "sellingAndMarketingExpenses": 0, "sellingGeneralAndAdministrativeExpenses": 42781000, "otherExpenses": 194150000, "operatingExpenses": -20313000, "costAndExpenses": 220551000, "interestIncome": 0, "interestExpense": 114878000, "depreciationAndAmortization": 194150000, "ebitda": 827807000, "ebitdaratio": 0.9690930078, "operatingIncome": 281848000, "operatingIncomeRatio": 0.3299524238, "totalOtherIncomeExpensesNet": 5307000, "incomeBeforeTax": 411487000, "incomeBeforeTaxRatio": 0.4817175676, "incomeTaxExpense": 227477000, "netIncome": 411487000, "netIncomeRatio": 0.4817175676, "eps": 5.22, "epsdiluted": 5.17, "weightedAverageShsOut": 76783515, "weightedAverageShsOutDil": 77578852, "link": "https://www.sec.gov/Archives/edgar/data/915912/000095013309000537/0000950133-09-000537-index.htm", "finalLink": "https://www.sec.gov/Archives/edgar/data/915912/000095013309000537/w72738e10vk.htm", "calculatedOtherExpenses": 288715000, "calculatedOperatingExpenses": 331496000, "calculatedNetInterest": -114878000, "calculatedOtherIncome": 244517000, "calculatedIncomeNonControlling": -227477000, "calculatedEbitda": 475998000}, {"date": "2007-12-31", "symbol": "AVB", "reportedCurrency": "USD", "cik": "0000915912", "fillingDate": "2008-02-29", "acceptedDate": "2008-02-29 13:56:27", "calendarYear": "2007", "period": "FY", "revenue": 812741000, "costOfRevenue": 242702000, "grossProfit": 570039000, "grossProfitRatio": 0.7013784219, "researchAndDevelopmentExpenses": 0, "generalAndAdministrativeExpenses": 28494000, "sellingAndMarketingExpenses": 0, "sellingGeneralAndAdministrativeExpenses": 28494000, "otherExpenses": 254461000, "operatingExpenses": 282955000, "costAndExpenses": 525657000, "interestIncome": 0, "interestExpense": 97545000, "depreciationAndAmortization": 181725000, "ebitda": 468264000, "ebitdaratio": 0.5761540269, "operatingIncome": 287084000, "operatingIncomeRatio": 0.3532293806, "totalOtherIncomeExpensesNet": 58129000, "incomeBeforeTax": 247668000, "incomeBeforeTaxRatio": 0.3047317657, "incomeTaxExpense": -13492000, "netIncome": 358160000, "netIncomeRatio": 0.4406815948, "eps": 4.44, "epsdiluted": 4.38, "weightedAverageShsOut": 78680043, "weightedAverageShsOutDil": 79856927, "link": "https://www.sec.gov/Archives/edgar/data/915912/000095013308000889/0000950133-08-000889-index.htm", "finalLink": "https://www.sec.gov/Archives/edgar/data/915912/000095013308000889/w50312e10vk.htm", "calculatedOtherExpenses": 254461000, "calculatedOperatingExpenses": 282955000, "calculatedNetInterest": -97545000, "calculatedOtherIncome": 58129000, "calculatedIncomeNonControlling": -97000000, "calculatedEbitda": 468809000}, {"date": "2006-12-31", "symbol": "AVB", "reportedCurrency": "USD", "cik": "0000915912", "fillingDate": "2007-03-01", "acceptedDate": "2007-03-01 15:10:08", "calendarYear": "2006", "period": "FY", "revenue": 737300000, "costOfRevenue": 0, "grossProfit": 737300000, "grossProfitRatio": 1, "researchAndDevelopmentExpenses": 0, "generalAndAdministrativeExpenses": 24767000, "sellingAndMarketingExpenses": 0, "sellingGeneralAndAdministrativeExpenses": 24767000, "otherExpenses": 442048000, "operatingExpenses": 466815000, "costAndExpenses": 466815000, "interestIncome": 0, "interestExpense": 111046000, "depreciationAndAmortization": 172991000, "ebitda": 416438000, "ebitdaratio": 0.564814865, "operatingIncome": 270485000, "operatingIncomeRatio": 0.3668588092, "totalOtherIncomeExpensesNet": 27038000, "incomeBeforeTax": 278399000, "incomeBeforeTaxRatio": 0.3775925675, "incomeTaxExpense": -7914000, "netIncome": 278399000, "netIncomeRatio": 0.3775925675, "eps": 3.48, "epsdiluted": 3.42, "weightedAverageShsOut": 74125795, "weightedAverageShsOutDil": 75586898, "link": "https://www.sec.gov/Archives/edgar/data/915912/000095013307000888/0000950133-07-000888-index.htm", "finalLink": "https://www.sec.gov/Archives/edgar/data/915912/000095013307000888/w30545e10vk.htm", "calculatedOtherExpenses": 442048000, "calculatedOperatingExpenses": 466815000, "calculatedNetInterest": -111046000, "calculatedOtherIncome": 118960000, "calculatedIncomeNonControlling": 7914000, "calculatedEbitda": 443476000}, {"date": "2005-12-31", "symbol": "AVB", "reportedCurrency": "USD", "cik": "0000915912", "fillingDate": "2006-03-14", "acceptedDate": "2006-03-14 12:47:51", "calendarYear": "2005", "period": "FY", "revenue": 670680000, "costOfRevenue": 0, "grossProfit": 670680000, "grossProfitRatio": 1, "researchAndDevelopmentExpenses": 0, "generalAndAdministrativeExpenses": 25761000, "sellingAndMarketingExpenses": 0, "sellingGeneralAndAdministrativeExpenses": 25761000, "otherExpenses": 415867000, "operatingExpenses": 441628000, "costAndExpenses": 441628000, "interestIncome": 0, "interestExpense": 127099000, "depreciationAndAmortization": 170401000, "ebitda": 399453000, "ebitdaratio": 0.595594024, "operatingIncome": 229052000, "operatingIncomeRatio": 0.3415220373, "totalOtherIncomeExpensesNet": 337320000, "incomeBeforeTax": 322378000, "incomeBeforeTaxRatio": 0.4806733465, "incomeTaxExpense": 243994000, "netIncome": 322378000, "netIncomeRatio": 0.4806733465, "eps": 4.14, "epsdiluted": 4.05, "weightedAverageShsOut": 72952492, "weightedAverageShsOutDil": 74759318, "link": "https://www.sec.gov/Archives/edgar/data/915912/000095013306001217/0000950133-06-001217-index.htm", "finalLink": "https://www.sec.gov/Archives/edgar/data/915912/000095013306001217/w17856e10vk.htm", "calculatedOtherExpenses": 415867000, "calculatedOperatingExpenses": 441628000, "calculatedNetInterest": -127099000, "calculatedOtherIncome": 220425000, "calculatedIncomeNonControlling": -243994000, "calculatedEbitda": 399453000}, {"date": "2004-12-31", "symbol": "AVB", "reportedCurrency": "USD", "cik": "0000915912", "fillingDate": "2005-03-15", "acceptedDate": "2005-03-15 16:01:34", "calendarYear": "2004", "period": "FY", "revenue": 648454000, "costOfRevenue": 0, "grossProfit": 648454000, "grossProfitRatio": 1, "researchAndDevelopmentExpenses": 0, "generalAndAdministrativeExpenses": 18074000, "sellingAndMarketingExpenses": 0, "sellingGeneralAndAdministrativeExpenses": 18074000, "otherExpenses": 412703000, "operatingExpenses": 430777000, "costAndExpenses": 430777000, "interestIncome": 0, "interestExpense": 131314000, "depreciationAndAmortization": 167599000, "ebitda": 385276000, "ebitdaratio": 0.5941454598, "operatingIncome": 217677000, "operatingIncomeRatio": 0.3356861088, "totalOtherIncomeExpensesNet": 226189000, "incomeBeforeTax": 219745000, "incomeBeforeTaxRatio": 0.3388752325, "incomeTaxExpense": 224121000, "netIncome": 219745000, "netIncomeRatio": 0.3388752325, "eps": 2.95, "epsdiluted": 2.92, "weightedAverageShsOut": 71540678, "weightedAverageShsOutDil": 72275685, "link": "https://www.sec.gov/Archives/edgar/data/915912/000095013305001041/0000950133-05-001041-index.htm", "finalLink": "https://www.sec.gov/Archives/edgar/data/915912/000095013305001041/w06189e10vk.htm", "calculatedOtherExpenses": 412703000, "calculatedOperatingExpenses": 430777000, "calculatedNetInterest": -131314000, "calculatedOtherIncome": 133382000, "calculatedIncomeNonControlling": -224121000, "calculatedEbitda": 385276000}, {"date": "2003-12-31", "symbol": "AVB", "reportedCurrency": "USD", "cik": "0000915912", "fillingDate": "2004-03-05", "acceptedDate": "2004-03-05 14:00:33", "calendarYear": "2003", "period": "FY", "revenue": 609651000, "costOfRevenue": 0, "grossProfit": 609651000, "grossProfitRatio": 1, "researchAndDevelopmentExpenses": 0, "generalAndAdministrativeExpenses": 13734000, "sellingAndMarketingExpenses": 0, "sellingGeneralAndAdministrativeExpenses": 13734000, "otherExpenses": 521734000, "operatingExpenses": 535468000, "costAndExpenses": 535468000, "interestIncome": 0, "interestExpense": 134911000, "depreciationAndAmortization": 157980000, "ebitda": 232163000, "ebitdaratio": 0.3808129569, "operatingIncome": 74183000, "operatingIncomeRatio": 0.121681093, "totalOtherIncomeExpensesNet": 171054000, "incomeBeforeTax": 271525000, "incomeBeforeTaxRatio": 0.4453777653, "incomeTaxExpense": -26288000, "netIncome": 271525000, "netIncomeRatio": 0.4453777653, "eps": 3.8, "epsdiluted": 3.73, "weightedAverageShsOut": 68626579, "weightedAverageShsOutDil": 69914477, "link": "https://www.sec.gov/Archives/edgar/data/915912/000095013304000742/0000950133-04-000742-index.htm", "finalLink": "https://www.sec.gov/Archives/edgar/data/915912/000095013304000742/w94643e10vk.htm", "calculatedOtherExpenses": 521734000, "calculatedOperatingExpenses": 535468000, "calculatedNetInterest": -134911000, "calculatedOtherIncome": 332253000, "calculatedIncomeNonControlling": 26288000, "calculatedEbitda": 232163000}, {"date": "2002-12-31", "symbol": "AVB", "reportedCurrency": "USD", "cik": "0000915912", "fillingDate": "2003-03-11", "acceptedDate": "2003-03-11 17:12:25", "calendarYear": "2002", "period": "FY", "revenue": 638966000, "costOfRevenue": 0, "grossProfit": 638966000, "grossProfitRatio": 1, "researchAndDevelopmentExpenses": 0, "generalAndAdministrativeExpenses": 14332000, "sellingAndMarketingExpenses": 0, "sellingGeneralAndAdministrativeExpenses": 14332000, "otherExpenses": 498101000, "operatingExpenses": 512433000, "costAndExpenses": 512433000, "interestIncome": 0, "interestExpense": 121380000, "depreciationAndAmortization": 148574000, "ebitda": 281907000, "ebitdaratio": 0.4411924891, "operatingIncome": 126533000, "operatingIncomeRatio": 0.1980277511, "totalOtherIncomeExpensesNet": -6800000, "incomeBeforeTax": 173618000, "incomeBeforeTaxRatio": 0.271717118, "incomeTaxExpense": -47085000, "netIncome": 173618000, "netIncomeRatio": 0.271717118, "eps": 2.26, "epsdiluted": 2.23, "weightedAverageShsOut": 68903540, "weightedAverageShsOutDil": 69830493, "link": "https://www.sec.gov/Archives/edgar/data/915912/000095013303000741/0000950133-03-000741-index.htm", "finalLink": "https://www.sec.gov/Archives/edgar/data/915912/000095013303000741/w83864e10vk.htm", "calculatedOtherExpenses": 498101000, "calculatedOperatingExpenses": 512433000, "calculatedNetInterest": -121380000, "calculatedOtherIncome": 168465000, "calculatedIncomeNonControlling": 47085000, "calculatedEbitda": 275107000}, {"date": "2001-12-31", "symbol": "AVB", "reportedCurrency": "USD", "cik": "0000915912", "fillingDate": "2002-03-26", "acceptedDate": "2002-03-26 00:00:00", "calendarYear": "2001", "period": "FY", "revenue": 641657000, "costOfRevenue": 0, "grossProfit": 641657000, "grossProfitRatio": 1, "researchAndDevelopmentExpenses": 0, "generalAndAdministrativeExpenses": 15224000, "sellingAndMarketingExpenses": 0, "sellingGeneralAndAdministrativeExpenses": 15224000, "otherExpenses": 344167000, "operatingExpenses": 359391000, "costAndExpenses": 359391000, "interestIncome": 0, "interestExpense": 0, "depreciationAndAmortization": 133685000, "ebitda": 415951000, "ebitdaratio": 0.6482450904, "operatingIncome": 282266000, "operatingIncomeRatio": 0.439901692, "totalOtherIncomeExpensesNet": 0, "incomeBeforeTax": 0, "incomeBeforeTaxRatio": 0, "incomeTaxExpense": 33269000, "netIncome": 248997000, "netIncomeRatio": 0.3880531187, "eps": 3.08, "epsdiluted": 3.02, "weightedAverageShsOut": 67844805, "weightedAverageShsOutDil": 69192715, "link": "https://www.sec.gov/Archives/edgar/data/915912/000095013302001204/0000950133-02-001204-index.htm", "finalLink": "https://www.sec.gov/Archives/edgar/data/915912/000095013302001204/w57832e10-k.txt", "calculatedOtherExpenses": 344167000, "calculatedOperatingExpenses": 359391000, "calculatedNetInterest": 0, "calculatedOtherIncome": -282266000, "calculatedIncomeNonControlling": -282266000, "calculatedEbitda": 415951000}, {"date": "2000-12-31", "symbol": "AVB", "reportedCurrency": "USD", "cik": "0000915912", "fillingDate": "2001-03-29", "acceptedDate": "2001-03-29 00:00:00", "calendarYear": "2000", "period": "FY", "revenue": 573395000, "costOfRevenue": 0, "grossProfit": 573395000, "grossProfitRatio": 1, "researchAndDevelopmentExpenses": 0, "generalAndAdministrativeExpenses": 13013000, "sellingAndMarketingExpenses": 0, "sellingGeneralAndAdministrativeExpenses": 13013000, "otherExpenses": 312232000, "operatingExpenses": 325245000, "costAndExpenses": 325245000, "interestIncome": 0, "interestExpense": 0, "depreciationAndAmortization": 126027000, "ebitda": 374177000, "ebitdaratio": 0.6525641137, "operatingIncome": 248150000, "operatingIncomeRatio": 0.4327732192, "totalOtherIncomeExpensesNet": 0, "incomeBeforeTax": 0, "incomeBeforeTaxRatio": 0, "incomeTaxExpense": 37546000, "netIncome": 210604000, "netIncomeRatio": 0.3672930528, "eps": 2.58, "epsdiluted": 2.53, "weightedAverageShsOut": 66211240, "weightedAverageShsOutDil": 67519763, "link": "https://www.sec.gov/Archives/edgar/data/915912/000091205701008663/0000912057-01-008663-index.htm", "finalLink": "https://www.sec.gov/Archives/edgar/data/915912/000091205701008663/a2042133z10-k405.txt", "calculatedOtherExpenses": 312232000, "calculatedOperatingExpenses": 325245000, "calculatedNetInterest": 0, "calculatedOtherIncome": -248150000, "calculatedIncomeNonControlling": -248150000, "calculatedEbitda": 374177000}, {"date": "1999-12-31", "symbol": "AVB", "reportedCurrency": "USD", "cik": "0000915912", "fillingDate": "2000-03-10", "acceptedDate": "2000-03-10 00:00:00", "calendarYear": "1999", "period": "FY", "revenue": 504544000, "costOfRevenue": 0, "grossProfit": 504544000, "grossProfitRatio": 1, "researchAndDevelopmentExpenses": 0, "generalAndAdministrativeExpenses": 9502000, "sellingAndMarketingExpenses": 0, "sellingGeneralAndAdministrativeExpenses": 9502000, "otherExpenses": 303414000, "operatingExpenses": 312916000, "costAndExpenses": 312916000, "interestIncome": 0, "interestExpense": 0, "depreciationAndAmortization": 113723000, "ebitda": 305351000, "ebitdaratio": 0.6052019249, "operatingIncome": 191628000, "operatingIncomeRatio": 0.3798043382, "totalOtherIncomeExpensesNet": 0, "incomeBeforeTax": 0, "incomeBeforeTaxRatio": 0, "incomeTaxExpense": 19352000, "netIncome": 172276000, "netIncomeRatio": 0.3414489123, "eps": 2.05, "epsdiluted": 2.03, "weightedAverageShsOut": 64632683, "weightedAverageShsOutDil": 65269458, "link": "https://www.sec.gov/Archives/edgar/data/915912/000095013300000877/0000950133-00-000877-index.html", "finalLink": "https://www.sec.gov/Archives/edgar/data/915912/000095013300000877/", "calculatedOtherExpenses": 303414000, "calculatedOperatingExpenses": 312916000, "calculatedNetInterest": 0, "calculatedOtherIncome": -191628000, "calculatedIncomeNonControlling": -191628000, "calculatedEbitda": 305351000}, {"date": "1998-12-31", "symbol": "AVB", "reportedCurrency": "USD", "cik": "0000915912", "fillingDate": "1999-03-31", "acceptedDate": "1999-03-31 00:00:00", "calendarYear": "1998", "period": "FY", "revenue": 352884000, "costOfRevenue": 0, "grossProfit": 352884000, "grossProfitRatio": 1, "researchAndDevelopmentExpenses": 0, "generalAndAdministrativeExpenses": 7674000, "sellingAndMarketingExpenses": 0, "sellingGeneralAndAdministrativeExpenses": 7674000, "otherExpenses": 204117000, "operatingExpenses": 211791000, "costAndExpenses": 211791000, "interestIncome": 0, "interestExpense": 0, "depreciationAndAmortization": 80224000, "ebitda": 217317000, "ebitdaratio": 0.6158312647, "operatingIncome": 141093000, "operatingIncomeRatio": 0.3998282722, "totalOtherIncomeExpensesNet": 4000000, "incomeBeforeTax": 145093000, "incomeBeforeTaxRatio": 0.4111634418, "incomeTaxExpense": 46659000, "netIncome": 94434000, "netIncomeRatio": 0.2676063522, "eps": 1.87, "epsdiluted": 1.84, "weightedAverageShsOut": 51017647, "weightedAverageShsOutDil": 51849457, "link": "https://www.sec.gov/Archives/edgar/data/915912/000095013399001129/0000950133-99-001129-index.html", "finalLink": "https://www.sec.gov/Archives/edgar/data/915912/", "calculatedOtherExpenses": 204117000, "calculatedOperatingExpenses": 211791000, "calculatedNetInterest": 0, "calculatedOtherIncome": 4000000, "calculatedIncomeNonControlling": 4000000, "calculatedEbitda": 221317000}, {"date": "1997-12-31", "symbol": "AVB", "reportedCurrency": "USD", "cik": "0000915912", "fillingDate": "1998-03-31", "acceptedDate": "1998-03-31 00:00:00", "calendarYear": "1997", "period": "FY", "revenue": 126034000, "costOfRevenue": 0, "grossProfit": 126034000, "grossProfitRatio": 1, "researchAndDevelopmentExpenses": 0, "generalAndAdministrativeExpenses": 6308000, "sellingAndMarketingExpenses": 0, "sellingGeneralAndAdministrativeExpenses": 6308000, "otherExpenses": 80315000, "operatingExpenses": 86623000, "costAndExpenses": 86623000, "interestIncome": 0, "interestExpense": 0, "depreciationAndAmortization": 27009000, "ebitda": 66420000, "ebitdaratio": 0.5270006506, "operatingIncome": 39411000, "operatingIncomeRatio": 0.3127013346, "totalOtherIncomeExpensesNet": 0, "incomeBeforeTax": 0, "incomeBeforeTaxRatio": 0, "incomeTaxExpense": 470000, "netIncome": 38941000, "netIncomeRatio": 0.3089721821, "eps": 1.6, "epsdiluted": 1.59, "weightedAverageShsOut": 28250000, "weightedAverageShsOutDil": 28427673, "link": "https://www.sec.gov/Archives/edgar/data/915912/000089161898001425/0000891618-98-001425-index.html", "finalLink": "https://www.sec.gov/Archives/edgar/data/915912/", "calculatedOtherExpenses": 80315000, "calculatedOperatingExpenses": 86623000, "calculatedNetInterest": 0, "calculatedOtherIncome": -39411000, "calculatedIncomeNonControlling": -39411000, "calculatedEbitda": 66420000}, {"date": "1996-12-31", "symbol": "AVB", "reportedCurrency": "USD", "cik": "0000915912", "fillingDate": "1997-03-28", "acceptedDate": "1997-03-28 00:00:00", "calendarYear": "1996", "period": "FY", "revenue": 82593000, "costOfRevenue": 0, "grossProfit": 82593000, "grossProfitRatio": 1, "researchAndDevelopmentExpenses": 0, "generalAndAdministrativeExpenses": 3895000, "sellingAndMarketingExpenses": 0, "sellingGeneralAndAdministrativeExpenses": 3895000, "otherExpenses": 58242000, "operatingExpenses": 62137000, "costAndExpenses": 62137000, "interestIncome": 0, "interestExpense": 0, "depreciationAndAmortization": 18689000, "ebitda": 39145000, "ebitdaratio": 0.4739505769, "operatingIncome": 20456000, "operatingIncomeRatio": 0.2476723209, "totalOtherIncomeExpensesNet": 0, "incomeBeforeTax": 0, "incomeBeforeTaxRatio": 0, "incomeTaxExpense": 830000, "netIncome": 19626000, "netIncomeRatio": 0.2376230431, "eps": 1.02, "epsdiluted": 1.02, "weightedAverageShsOut": 15060784, "weightedAverageShsOutDil": 18000000, "link": "https://www.sec.gov/Archives/edgar/data/915912/000089161897001442/0000891618-97-001442-index.html", "finalLink": "https://www.sec.gov/Archives/edgar/data/915912/", "calculatedOtherExpenses": 58242000, "calculatedOperatingExpenses": 62137000, "calculatedNetInterest": 0, "calculatedOtherIncome": -20456000, "calculatedIncomeNonControlling": -20456000, "calculatedEbitda": 39145000}, {"date": "1995-12-31", "symbol": "AVB", "reportedCurrency": "USD", "cik": "0000915912", "fillingDate": "1995-12-31", "acceptedDate": "1995-12-30 19:00:00", "calendarYear": "1995", "period": "FY", "revenue": 55900000, "costOfRevenue": 0, "grossProfit": 55900000, "grossProfitRatio": 1, "researchAndDevelopmentExpenses": 0, "generalAndAdministrativeExpenses": 2500000, "sellingAndMarketingExpenses": 0, "sellingGeneralAndAdministrativeExpenses": 2500000, "otherExpenses": -33000000, "operatingExpenses": -30500000, "costAndExpenses": -30500000, "interestIncome": 0, "interestExpense": 0, "depreciationAndAmortization": 13700000, "ebitda": 100100000, "ebitdaratio": 1.7906976744, "operatingIncome": 86400000, "operatingIncomeRatio": 1.5456171735, "totalOtherIncomeExpensesNet": 0, "incomeBeforeTax": 0, "incomeBeforeTaxRatio": 0, "incomeTaxExpense": 74900000, "netIncome": 11500000, "netIncomeRatio": 0.2057245081, "eps": 0.91, "epsdiluted": 0.91, "weightedAverageShsOut": 12637363, "weightedAverageShsOutDil": 12637363, "link": "", "finalLink": "", "calculatedOtherExpenses": -33000000, "calculatedOperatingExpenses": -30500000, "calculatedNetInterest": 0, "calculatedOtherIncome": -86400000, "calculatedIncomeNonControlling": -86400000, "calculatedEbitda": 100100000}, {"date": "1994-12-31", "symbol": "AVB", "reportedCurrency": "USD", "cik": "0000915912", "fillingDate": "1994-12-31", "acceptedDate": "1994-12-30 19:00:00", "calendarYear": "1994", "period": "FY", "revenue": 32000000, "costOfRevenue": 0, "grossProfit": 32000000, "grossProfitRatio": 1, "researchAndDevelopmentExpenses": 0, "generalAndAdministrativeExpenses": 1600000, "sellingAndMarketingExpenses": 0, "sellingGeneralAndAdministrativeExpenses": 1600000, "otherExpenses": -19800000, "operatingExpenses": -18200000, "costAndExpenses": -18200000, "interestIncome": 0, "interestExpense": 0, "depreciationAndAmortization": 8400000, "ebitda": 58600000, "ebitdaratio": 1.83125, "operatingIncome": 50200000, "operatingIncomeRatio": 1.56875, "totalOtherIncomeExpensesNet": 0, "incomeBeforeTax": 0, "incomeBeforeTaxRatio": 0, "incomeTaxExpense": 42700000, "netIncome": 7500000, "netIncomeRatio": 0.234375, "eps": 0.65, "epsdiluted": 0.65, "weightedAverageShsOut": 11538462, "weightedAverageShsOutDil": 11538462, "link": "", "finalLink": "", "calculatedOtherExpenses": -19800000, "calculatedOperatingExpenses": -18200000, "calculatedNetInterest": 0, "calculatedOtherIncome": -50200000, "calculatedIncomeNonControlling": -50200000, "calculatedEbitda": 58600000}]}