{"originalCurrency": "USD", "convertedCurrency": "USD", "report": [{"date": "2023-12-31", "symbol": "AVNT", "reportedCurrency": "USD", "cik": "0001122976", "fillingDate": "2024-02-20", "acceptedDate": "2024-02-20 12:52:01", "calendarYear": "2023", "period": "FY", "revenue": 3142800000, "costOfRevenue": 2240100000, "grossProfit": 902700000, "grossProfitRatio": 0.2872279496, "researchAndDevelopmentExpenses": 90300000, "generalAndAdministrativeExpenses": 0, "sellingAndMarketingExpenses": 0, "sellingGeneralAndAdministrativeExpenses": 590900000, "otherExpenses": 5800000, "operatingExpenses": 681200000, "costAndExpenses": 2921300000, "interestIncome": 0, "interestExpense": 154100000, "depreciationAndAmortization": 258399999, "ebitda": 479900000, "ebitdaratio": 0.1526982309, "operatingIncome": 221500000, "operatingIncomeRatio": 0.0704785542, "totalOtherIncomeExpensesNet": -134200000, "incomeBeforeTax": 87300000, "incomeBeforeTaxRatio": 0.0277777778, "incomeTaxExpense": 11000000, "netIncome": 75700000, "netIncomeRatio": 0.0240868016, "eps": 0.83, "epsdiluted": 0.82, "weightedAverageShsOut": 91100000, "weightedAverageShsOutDil": 91800000, "link": "https://www.sec.gov/Archives/edgar/data/1122976/000112297624000019/0001122976-24-000019-index.htm", "finalLink": "https://www.sec.gov/Archives/edgar/data/1122976/000112297624000019/avnt-20231231.htm", "calculatedOtherExpenses": 0, "calculatedOperatingExpenses": 681200000, "calculatedNetInterest": -154100000, "calculatedOtherIncome": 19900000, "calculatedIncomeNonControlling": 600000, "calculatedEbitda": 479899999}, {"date": "2022-12-31", "symbol": "AVNT", "reportedCurrency": "USD", "cik": "0001122976", "fillingDate": "2023-02-22", "acceptedDate": "2023-02-22 14:05:43", "calendarYear": "2022", "period": "FY", "revenue": 3396900000, "costOfRevenue": 2514200000, "grossProfit": 882700000, "grossProfitRatio": 0.2598545733, "researchAndDevelopmentExpenses": 84900000, "generalAndAdministrativeExpenses": 0, "sellingAndMarketingExpenses": 0, "sellingGeneralAndAdministrativeExpenses": 639400000, "otherExpenses": -59700000, "operatingExpenses": 639400000, "costAndExpenses": 3153600000, "interestIncome": 34000000, "interestExpense": 119800000, "depreciationAndAmortization": 163100000, "ebitda": 346700000, "ebitdaratio": 0.1020636463, "operatingIncome": 183600000, "operatingIncomeRatio": 0.0540492802, "totalOtherIncomeExpensesNet": -119800000, "incomeBeforeTax": 63800000, "incomeBeforeTaxRatio": 0.0187818305, "incomeTaxExpense": -19300000, "netIncome": 83100000, "netIncomeRatio": 0.0244634814, "eps": 0.91, "epsdiluted": 0.9, "weightedAverageShsOut": 91200000, "weightedAverageShsOutDil": 92200000, "link": "https://www.sec.gov/Archives/edgar/data/1122976/000112297623000009/0001122976-23-000009-index.htm", "finalLink": "https://www.sec.gov/Archives/edgar/data/1122976/000112297623000009/avnt-20221231.htm", "calculatedOtherExpenses": -25200000, "calculatedOperatingExpenses": 699100000, "calculatedNetInterest": -85800000, "calculatedOtherIncome": -34000000, "calculatedIncomeNonControlling": 0, "calculatedEbitda": 346700000}, {"date": "2021-12-31", "symbol": "AVNT", "reportedCurrency": "USD", "cik": "0001122976", "fillingDate": "2022-02-22", "acceptedDate": "2022-02-22 15:29:10", "calendarYear": "2021", "period": "FY", "revenue": 4818800000, "costOfRevenue": 3719200000, "grossProfit": 1099600000, "grossProfitRatio": 0.2281895908, "researchAndDevelopmentExpenses": 83200000, "generalAndAdministrativeExpenses": 0, "sellingAndMarketingExpenses": 0, "sellingGeneralAndAdministrativeExpenses": 718400000, "otherExpenses": -1300000, "operatingExpenses": 718400000, "costAndExpenses": 4437600000, "interestIncome": 17500000, "interestExpense": 75300000, "depreciationAndAmortization": 144600000, "ebitda": 525800000, "ebitdaratio": 0.1091143023, "operatingIncome": 381200000, "operatingIncomeRatio": 0.0791068316, "totalOtherIncomeExpensesNet": -76600000, "incomeBeforeTax": 304600000, "incomeBeforeTaxRatio": 0.0632107579, "incomeTaxExpense": 74000000, "netIncome": 230800000, "netIncomeRatio": 0.0478957417, "eps": 2.53, "epsdiluted": 2.51, "weightedAverageShsOut": 91400000, "weightedAverageShsOutDil": 92100000, "link": "https://www.sec.gov/Archives/edgar/data/1122976/000112297622000007/0001122976-22-000007-index.htm", "finalLink": "https://www.sec.gov/Archives/edgar/data/1122976/000112297622000007/avnt-20211231.htm", "calculatedOtherExpenses": -83200000, "calculatedOperatingExpenses": 718400000, "calculatedNetInterest": -57800000, "calculatedOtherIncome": -18800000, "calculatedIncomeNonControlling": -200000, "calculatedEbitda": 525800000}, {"date": "2020-12-31", "symbol": "AVNT", "reportedCurrency": "USD", "cik": "0001122976", "fillingDate": "2021-02-25", "acceptedDate": "2021-02-25 08:01:23", "calendarYear": "2020", "period": "FY", "revenue": 3242100000, "costOfRevenue": 2457800000, "grossProfit": 784300000, "grossProfitRatio": 0.241911107, "researchAndDevelopmentExpenses": 59800000, "generalAndAdministrativeExpenses": 540500000, "sellingAndMarketingExpenses": 54500000, "sellingGeneralAndAdministrativeExpenses": 595000000, "otherExpenses": 24300000, "operatingExpenses": 595000000, "costAndExpenses": 3052800000, "interestIncome": 41200000, "interestExpense": 74600000, "depreciationAndAmortization": 139300000, "ebitda": 328600000, "ebitdaratio": 0.1013540606, "operatingIncome": 189300000, "operatingIncomeRatio": 0.0583880818, "totalOtherIncomeExpensesNet": -50300000, "incomeBeforeTax": 139000000, "incomeBeforeTaxRatio": 0.0428734462, "incomeTaxExpense": 5200000, "netIncome": 131600000, "netIncomeRatio": 0.040590975, "eps": 1.46, "epsdiluted": 1.45, "weightedAverageShsOut": 90100000, "weightedAverageShsOutDil": 90600000, "link": "https://www.sec.gov/Archives/edgar/data/1122976/000112297621000014/0001122976-21-000014-index.htm", "finalLink": "https://www.sec.gov/Archives/edgar/data/1122976/000112297621000014/avnt-20201231.htm", "calculatedOtherExpenses": -59800000, "calculatedOperatingExpenses": 595000000, "calculatedNetInterest": -33400000, "calculatedOtherIncome": -16900000, "calculatedIncomeNonControlling": 2200000, "calculatedEbitda": 328600000}, {"date": "2019-12-31", "symbol": "AVNT", "reportedCurrency": "USD", "cik": "0001122976", "fillingDate": "2020-02-19", "acceptedDate": "2020-02-18 17:37:21", "calendarYear": "2019", "period": "FY", "revenue": 2862700000, "costOfRevenue": 2205500000, "grossProfit": 657200000, "grossProfitRatio": 0.2295734796, "researchAndDevelopmentExpenses": 50600000, "generalAndAdministrativeExpenses": 0, "sellingAndMarketingExpenses": 0, "sellingGeneralAndAdministrativeExpenses": 500400000, "otherExpenses": 12100000, "operatingExpenses": 500400000, "costAndExpenses": 2705900000, "interestIncome": 11000000, "interestExpense": 59500000, "depreciationAndAmortization": 99600000, "ebitda": 256400000, "ebitdaratio": 0.0895657945, "operatingIncome": 156800000, "operatingIncomeRatio": 0.0547734656, "totalOtherIncomeExpensesNet": -47400000, "incomeBeforeTax": 109400000, "incomeBeforeTaxRatio": 0.0382156705, "incomeTaxExpense": 33700000, "netIncome": 75700000, "netIncomeRatio": 0.0264435673, "eps": 0.98, "epsdiluted": 0.97, "weightedAverageShsOut": 77200000, "weightedAverageShsOutDil": 77700000, "link": "https://www.sec.gov/Archives/edgar/data/1122976/000112297620000015/0001122976-20-000015-index.htm", "finalLink": "https://www.sec.gov/Archives/edgar/data/1122976/000112297620000015/pol-20191231.htm", "calculatedOtherExpenses": -50600000, "calculatedOperatingExpenses": 500400000, "calculatedNetInterest": -48500000, "calculatedOtherIncome": 1100000, "calculatedIncomeNonControlling": 0, "calculatedEbitda": 256400000}, {"date": "2018-12-31", "symbol": "AVNT", "reportedCurrency": "USD", "cik": "0001122976", "fillingDate": "2019-02-19", "acceptedDate": "2019-02-19 12:01:00", "calendarYear": "2018", "period": "FY", "revenue": 3533400000, "costOfRevenue": 2788500000, "grossProfit": 744900000, "grossProfitRatio": 0.210816777, "researchAndDevelopmentExpenses": 49600000, "generalAndAdministrativeExpenses": 0, "sellingAndMarketingExpenses": 0, "sellingGeneralAndAdministrativeExpenses": 471200000, "otherExpenses": -12600000, "operatingExpenses": 471200000, "costAndExpenses": 3259700000, "interestIncome": 0, "interestExpense": 62800000, "depreciationAndAmortization": 91500000, "ebitda": 352600000, "ebitdaratio": 0.09979057, "operatingIncome": 273700000, "operatingIncomeRatio": 0.0774608026, "totalOtherIncomeExpensesNet": -13700000, "incomeBeforeTax": 197200000, "incomeBeforeTaxRatio": 0.0558102677, "incomeTaxExpense": 36400000, "netIncome": 159800000, "netIncomeRatio": 0.0452255618, "eps": 2.01, "epsdiluted": 1.99, "weightedAverageShsOut": 79700000, "weightedAverageShsOutDil": 80400000, "link": "https://www.sec.gov/Archives/edgar/data/1122976/000112297619000007/0001122976-19-000007-index.htm", "finalLink": "https://www.sec.gov/Archives/edgar/data/1122976/000112297619000007/pol-20181231x10xk.htm", "calculatedOtherExpenses": -49600000, "calculatedOperatingExpenses": 471200000, "calculatedNetInterest": -62800000, "calculatedOtherIncome": -13700000, "calculatedIncomeNonControlling": 1000000, "calculatedEbitda": 365200000}, {"date": "2017-12-31", "symbol": "AVNT", "reportedCurrency": "USD", "cik": "0001122976", "fillingDate": "2018-02-15", "acceptedDate": "2018-02-15 14:34:22", "calendarYear": "2017", "period": "FY", "revenue": 3229900000, "costOfRevenue": 2510900000, "grossProfit": 719000000, "grossProfitRatio": 0.2226075111, "researchAndDevelopmentExpenses": 52100000, "generalAndAdministrativeExpenses": 0, "sellingAndMarketingExpenses": 0, "sellingGeneralAndAdministrativeExpenses": 441500000, "otherExpenses": -4100000, "operatingExpenses": 441500000, "costAndExpenses": 2952400000, "interestIncome": 0, "interestExpense": 60800000, "depreciationAndAmortization": 98300000, "ebitda": 371700000, "ebitdaratio": 0.1150809623, "operatingIncome": 277500000, "operatingIncomeRatio": 0.0859159726, "totalOtherIncomeExpensesNet": -4400000, "incomeBeforeTax": 212300000, "incomeBeforeTaxRatio": 0.0657295892, "incomeTaxExpense": 38700000, "netIncome": -57700000, "netIncomeRatio": -0.0178643302, "eps": -0.71, "epsdiluted": -0.7, "weightedAverageShsOut": 81500000, "weightedAverageShsOutDil": 82100000, "link": "https://www.sec.gov/Archives/edgar/data/1122976/000112297618000007/0001122976-18-000007-index.htm", "finalLink": "https://www.sec.gov/Archives/edgar/data/1122976/000112297618000007/pol-20171231x10xk.htm", "calculatedOtherExpenses": -52100000, "calculatedOperatingExpenses": 441500000, "calculatedNetInterest": -60800000, "calculatedOtherIncome": -4400000, "calculatedIncomeNonControlling": 231300000, "calculatedEbitda": 375800000}, {"date": "2016-12-31", "symbol": "AVNT", "reportedCurrency": "USD", "cik": "0001122976", "fillingDate": "2017-02-16", "acceptedDate": "2017-02-16 15:51:25", "calendarYear": "2016", "period": "FY", "revenue": 3339800000, "costOfRevenue": 2633600000, "grossProfit": 706200000, "grossProfitRatio": 0.2114497874, "researchAndDevelopmentExpenses": 50400000, "generalAndAdministrativeExpenses": 0, "sellingAndMarketingExpenses": 0, "sellingGeneralAndAdministrativeExpenses": 424300000, "otherExpenses": 600000, "operatingExpenses": 424300000, "costAndExpenses": 3057900000, "interestIncome": 0, "interestExpense": 59800000, "depreciationAndAmortization": 105900000, "ebitda": 388400000, "ebitdaratio": 0.1162943889, "operatingIncome": 281900000, "operatingIncomeRatio": 0.0844062519, "totalOtherIncomeExpensesNet": 200000, "incomeBeforeTax": 222300000, "incomeBeforeTaxRatio": 0.0665608719, "incomeTaxExpense": 57300000, "netIncome": 165200000, "netIncomeRatio": 0.0494640398, "eps": 1.97, "epsdiluted": 1.95, "weightedAverageShsOut": 83900000, "weightedAverageShsOutDil": 84600000, "link": "https://www.sec.gov/Archives/edgar/data/1122976/000112297617000006/0001122976-17-000006-index.htm", "finalLink": "https://www.sec.gov/Archives/edgar/data/1122976/000112297617000006/pol-20161231x10xk.htm", "calculatedOtherExpenses": -50400000, "calculatedOperatingExpenses": 424300000, "calculatedNetInterest": -59800000, "calculatedOtherIncome": 200000, "calculatedIncomeNonControlling": -200000, "calculatedEbitda": 387800000}, {"date": "2015-12-31", "symbol": "AVNT", "reportedCurrency": "USD", "cik": "0001122976", "fillingDate": "2016-02-12", "acceptedDate": "2016-02-12 14:58:48", "calendarYear": "2015", "period": "FY", "revenue": 3377600000, "costOfRevenue": 2696100000, "grossProfit": 681500000, "grossProfitRatio": 0.2017704879, "researchAndDevelopmentExpenses": 53000000, "generalAndAdministrativeExpenses": 0, "sellingAndMarketingExpenses": 0, "sellingGeneralAndAdministrativeExpenses": 430600000, "otherExpenses": -2700000, "operatingExpenses": 430600000, "costAndExpenses": 3126700000, "interestIncome": 0, "interestExpense": 64100000, "depreciationAndAmortization": 115700000, "ebitda": 363900000, "ebitdaratio": 0.1077392231, "operatingIncome": 250900000, "operatingIncomeRatio": 0.0742835149, "totalOtherIncomeExpensesNet": -19100000, "incomeBeforeTax": 167700000, "incomeBeforeTaxRatio": 0.0496506395, "incomeTaxExpense": 23000000, "netIncome": 144600000, "netIncomeRatio": 0.0428114638, "eps": 1.65, "epsdiluted": 1.63, "weightedAverageShsOut": 87800000, "weightedAverageShsOutDil": 88700000, "link": "https://www.sec.gov/Archives/edgar/data/1122976/000112297616000032/0001122976-16-000032-index.htm", "finalLink": "https://www.sec.gov/Archives/edgar/data/1122976/000112297616000032/pol-20151231x10xk.htm", "calculatedOtherExpenses": -53000000, "calculatedOperatingExpenses": 430600000, "calculatedNetInterest": -64100000, "calculatedOtherIncome": -19100000, "calculatedIncomeNonControlling": 100000, "calculatedEbitda": 366600000}, {"date": "2014-12-31", "symbol": "AVNT", "reportedCurrency": "USD", "cik": "0001122976", "fillingDate": "2015-02-13", "acceptedDate": "2015-02-13 11:24:17", "calendarYear": "2014", "period": "FY", "revenue": 3835500000, "costOfRevenue": 3127600000, "grossProfit": 707900000, "grossProfitRatio": 0.1845652457, "researchAndDevelopmentExpenses": 53400000, "generalAndAdministrativeExpenses": 0, "sellingAndMarketingExpenses": 0, "sellingGeneralAndAdministrativeExpenses": 552800000, "otherExpenses": -4500000, "operatingExpenses": 552800000, "costAndExpenses": 3680400000, "interestIncome": 0, "interestExpense": 62200000, "depreciationAndAmortization": 123900000, "ebitda": 274500000, "ebitdaratio": 0.071568244, "operatingIncome": 155100000, "operatingIncomeRatio": 0.0404380133, "totalOtherIncomeExpensesNet": -4500000, "incomeBeforeTax": 88400000, "incomeBeforeTaxRatio": 0.0230478425, "incomeTaxExpense": 11200000, "netIncome": 79200000, "netIncomeRatio": 0.0206491983, "eps": 0.86, "epsdiluted": 0.85, "weightedAverageShsOut": 92300000, "weightedAverageShsOutDil": 93500000, "link": "https://www.sec.gov/Archives/edgar/data/1122976/000162828015000652/0001628280-15-000652-index.htm", "finalLink": "https://www.sec.gov/Archives/edgar/data/1122976/000162828015000652/pol-20141231x10xk.htm", "calculatedOtherExpenses": -53400000, "calculatedOperatingExpenses": 552800000, "calculatedNetInterest": -62200000, "calculatedOtherIncome": -4500000, "calculatedIncomeNonControlling": -2000000, "calculatedEbitda": 279000000}, {"date": "2013-12-31", "symbol": "AVNT", "reportedCurrency": "USD", "cik": "0001122976", "fillingDate": "2014-02-13", "acceptedDate": "2014-02-13 16:12:38", "calendarYear": "2013", "period": "FY", "revenue": 3771200000, "costOfRevenue": 3109000000, "grossProfit": 662200000, "grossProfitRatio": 0.1755939754, "researchAndDevelopmentExpenses": 52600000, "generalAndAdministrativeExpenses": 0, "sellingAndMarketingExpenses": 0, "sellingGeneralAndAdministrativeExpenses": 457600000, "otherExpenses": -1200000, "operatingExpenses": 457600000, "costAndExpenses": 3566600000, "interestIncome": 0, "interestExpense": 63500000, "depreciationAndAmortization": 109800000, "ebitda": 340100000, "ebitdaratio": 0.090183496, "operatingIncome": 231500000, "operatingIncomeRatio": 0.0613862961, "totalOtherIncomeExpensesNet": 9900000, "incomeBeforeTax": 151000000, "incomeBeforeTaxRatio": 0.0400403055, "incomeTaxExpense": 58100000, "netIncome": 243800000, "netIncomeRatio": 0.0646478574, "eps": 2.55, "epsdiluted": 2.53, "weightedAverageShsOut": 95500000, "weightedAverageShsOutDil": 96500000, "link": "https://www.sec.gov/Archives/edgar/data/1122976/000153415814000025/0001534158-14-000025-index.htm", "finalLink": "https://www.sec.gov/Archives/edgar/data/1122976/000153415814000025/pol-20131231x10xk.htm", "calculatedOtherExpenses": -79500000, "calculatedOperatingExpenses": 430700000, "calculatedNetInterest": -63500000, "calculatedOtherIncome": -17000000, "calculatedIncomeNonControlling": -150900000, "calculatedEbitda": 341300000}, {"date": "2012-12-31", "symbol": "AVNT", "reportedCurrency": "USD", "cik": "0001122976", "fillingDate": "2013-02-12", "acceptedDate": "2013-02-12 13:36:20", "calendarYear": "2012", "period": "FY", "revenue": 2992600000, "costOfRevenue": 2428300000, "grossProfit": 564300000, "grossProfitRatio": 0.1885651273, "researchAndDevelopmentExpenses": 41300000, "generalAndAdministrativeExpenses": 0, "sellingAndMarketingExpenses": 0, "sellingGeneralAndAdministrativeExpenses": 420600000, "otherExpenses": -3300000, "operatingExpenses": 420600000, "costAndExpenses": 2848900000, "interestIncome": 0, "interestExpense": 50800000, "depreciationAndAmortization": 69800000, "ebitda": 233600000, "ebitdaratio": 0.0780592127, "operatingIncome": 167100000, "operatingIncomeRatio": 0.0558377331, "totalOtherIncomeExpensesNet": 20100000, "incomeBeforeTax": 113000000, "incomeBeforeTaxRatio": 0.0377598075, "incomeTaxExpense": 41200000, "netIncome": 71900000, "netIncomeRatio": 0.0240259306, "eps": 0.81, "epsdiluted": 0.8, "weightedAverageShsOut": 89100000, "weightedAverageShsOutDil": 89800000, "link": "https://www.sec.gov/Archives/edgar/data/1122976/000153415813000022/0001534158-13-000022-index.htm", "finalLink": "https://www.sec.gov/Archives/edgar/data/1122976/000153415813000022/pol-20121231x10k.htm", "calculatedOtherExpenses": -64700000, "calculatedOperatingExpenses": 397200000, "calculatedNetInterest": -50800000, "calculatedOtherIncome": -3300000, "calculatedIncomeNonControlling": -100000, "calculatedEbitda": 236900000}, {"date": "2011-12-31", "symbol": "AVNT", "reportedCurrency": "USD", "cik": "0001122976", "fillingDate": "2012-02-17", "acceptedDate": "2012-02-17 14:38:36", "calendarYear": "2011", "period": "FY", "revenue": 2863500000, "costOfRevenue": 2400800000, "grossProfit": 462700000, "grossProfitRatio": 0.1615854723, "researchAndDevelopmentExpenses": 0, "generalAndAdministrativeExpenses": 0, "sellingAndMarketingExpenses": 0, "sellingGeneralAndAdministrativeExpenses": 381700000, "otherExpenses": -152000000, "operatingExpenses": 229700000, "costAndExpenses": 2630500000, "interestIncome": 0, "interestExpense": 33700000, "depreciationAndAmortization": 57500000, "ebitda": 290500000, "ebitdaratio": 0.1014492754, "operatingIncome": 233000000, "operatingIncomeRatio": 0.0813689541, "totalOtherIncomeExpensesNet": -600000, "incomeBeforeTax": 198700000, "incomeBeforeTaxRatio": 0.0693906059, "incomeTaxExpense": 26100000, "netIncome": 172600000, "netIncomeRatio": 0.0602758862, "eps": 1.87, "epsdiluted": 1.83, "weightedAverageShsOut": 92200000, "weightedAverageShsOutDil": 94300000, "link": "https://www.sec.gov/Archives/edgar/data/1122976/000119312512067181/0001193125-12-067181-index.htm", "finalLink": "https://www.sec.gov/Archives/edgar/data/1122976/000119312512067181/d263168d10k.htm", "calculatedOtherExpenses": -152000000, "calculatedOperatingExpenses": 229700000, "calculatedNetInterest": -33700000, "calculatedOtherIncome": -600000, "calculatedIncomeNonControlling": 0, "calculatedEbitda": 290500000}, {"date": "2010-12-31", "symbol": "AVNT", "reportedCurrency": "USD", "cik": "0001122976", "fillingDate": "2011-02-18", "acceptedDate": "2011-02-18 15:20:20", "calendarYear": "2010", "period": "FY", "revenue": 2621900000, "costOfRevenue": 2193000000, "grossProfit": 428900000, "grossProfitRatio": 0.1635836607, "researchAndDevelopmentExpenses": 0, "generalAndAdministrativeExpenses": 0, "sellingAndMarketingExpenses": 0, "sellingGeneralAndAdministrativeExpenses": 296600000, "otherExpenses": -42000000, "operatingExpenses": 254600000, "costAndExpenses": 2447600000, "interestIncome": 0, "interestExpense": 31500000, "depreciationAndAmortization": 55200000, "ebitda": 229500000, "ebitdaratio": 0.0875319425, "operatingIncome": 174300000, "operatingIncomeRatio": 0.066478508, "totalOtherIncomeExpensesNet": -31800000, "incomeBeforeTax": 111000000, "incomeBeforeTaxRatio": 0.0423357107, "incomeTaxExpense": -51600000, "netIncome": 162600000, "netIncomeRatio": 0.0620160952, "eps": 1.75, "epsdiluted": 1.69, "weightedAverageShsOut": 93100000, "weightedAverageShsOutDil": 96000000, "link": "https://www.sec.gov/Archives/edgar/data/1122976/000095012311015658/0000950123-11-015658-index.htm", "finalLink": "https://www.sec.gov/Archives/edgar/data/1122976/000095012311015658/l41725e10vk.htm", "calculatedOtherExpenses": -42000000, "calculatedOperatingExpenses": 254600000, "calculatedNetInterest": -31500000, "calculatedOtherIncome": -31800000, "calculatedIncomeNonControlling": 0, "calculatedEbitda": 229500000}, {"date": "2009-12-31", "symbol": "AVNT", "reportedCurrency": "USD", "cik": "0001122976", "fillingDate": "2010-02-18", "acceptedDate": "2010-02-18 16:59:02", "calendarYear": "2009", "period": "FY", "revenue": 2060700000, "costOfRevenue": 1738500000, "grossProfit": 322200000, "grossProfitRatio": 0.1563546368, "researchAndDevelopmentExpenses": 0, "generalAndAdministrativeExpenses": 0, "sellingAndMarketingExpenses": 0, "sellingGeneralAndAdministrativeExpenses": 272300000, "otherExpenses": -35200000, "operatingExpenses": 237100000, "costAndExpenses": 1975600000, "interestIncome": 0, "interestExpense": 34300000, "depreciationAndAmortization": 64800000, "ebitda": 149900000, "ebitdaratio": 0.072742272, "operatingIncome": 80100000, "operatingIncomeRatio": 0.0388702868, "totalOtherIncomeExpensesNet": -14600000, "incomeBeforeTax": 36200000, "incomeBeforeTaxRatio": 0.0175668462, "incomeTaxExpense": -13300000, "netIncome": 49500000, "netIncomeRatio": 0.0240209638, "eps": 0.54, "epsdiluted": 0.53, "weightedAverageShsOut": 92400000, "weightedAverageShsOutDil": 93400000, "link": "https://www.sec.gov/Archives/edgar/data/1122976/000095012310014163/0000950123-10-014163-index.htm", "finalLink": "https://www.sec.gov/Archives/edgar/data/1122976/000095012310014163/l38676e10vk.htm", "calculatedOtherExpenses": -30200000, "calculatedOperatingExpenses": 242100000, "calculatedNetInterest": -34300000, "calculatedOtherIncome": -9600000, "calculatedIncomeNonControlling": 0, "calculatedEbitda": 144900000}, {"date": "2008-12-31", "symbol": "AVNT", "reportedCurrency": "USD", "cik": "0001122976", "fillingDate": "2009-02-23", "acceptedDate": "2009-02-23 16:02:23", "calendarYear": "2008", "period": "FY", "revenue": 2738700000, "costOfRevenue": 2442100000, "grossProfit": 296600000, "grossProfitRatio": 0.1082995582, "researchAndDevelopmentExpenses": 0, "generalAndAdministrativeExpenses": 0, "sellingAndMarketingExpenses": 0, "sellingGeneralAndAdministrativeExpenses": 287100000, "otherExpenses": 271600000, "operatingExpenses": 558700000, "costAndExpenses": 3000800000, "interestIncome": 3400000, "interestExpense": 40600000, "depreciationAndAmortization": 68000000, "ebitda": -359500000, "ebitdaratio": -0.1312666594, "operatingIncome": -129300000, "operatingIncomeRatio": -0.047212181, "totalOtherIncomeExpensesNet": 165400000, "incomeBeforeTax": -171100000, "incomeBeforeTaxRatio": -0.0624748968, "incomeTaxExpense": 101800000, "netIncome": -272900000, "netIncomeRatio": -0.0996458174, "eps": -2.94, "epsdiluted": -2.94, "weightedAverageShsOut": 92700000, "weightedAverageShsOutDil": 92700000, "link": "https://www.sec.gov/Archives/edgar/data/1122976/000095015209001661/0000950152-09-001661-index.htm", "finalLink": "https://www.sec.gov/Archives/edgar/data/1122976/000095015209001661/l35538ae10vk.htm", "calculatedOtherExpenses": 138800000, "calculatedOperatingExpenses": 425900000, "calculatedNetInterest": -37200000, "calculatedOtherIncome": -4600000, "calculatedIncomeNonControlling": 0, "calculatedEbitda": -61300000}, {"date": "2007-12-31", "symbol": "AVNT", "reportedCurrency": "USD", "cik": "0001122976", "fillingDate": "2008-02-29", "acceptedDate": "2008-02-29 17:30:35", "calendarYear": "2007", "period": "FY", "revenue": 2642700000, "costOfRevenue": 2337300000, "grossProfit": 305400000, "grossProfitRatio": 0.1155636281, "researchAndDevelopmentExpenses": 0, "generalAndAdministrativeExpenses": 0, "sellingAndMarketingExpenses": 0, "sellingGeneralAndAdministrativeExpenses": 241800000, "otherExpenses": 29700000, "operatingExpenses": 271500000, "costAndExpenses": 2608800000, "interestIncome": 4500000, "interestExpense": 85700000, "depreciationAndAmortization": 57400000, "ebitda": 110700000, "ebitdaratio": 0.0418889772, "operatingIncome": 33900000, "operatingIncomeRatio": 0.0128277898, "totalOtherIncomeExpensesNet": 8300000, "incomeBeforeTax": -32400000, "incomeBeforeTaxRatio": -0.0122601884, "incomeTaxExpense": -43800000, "netIncome": 11400000, "netIncomeRatio": 0.00431377, "eps": 0.12, "epsdiluted": 0.12, "weightedAverageShsOut": 92800000, "weightedAverageShsOutDil": 93100000, "link": "https://www.sec.gov/Archives/edgar/data/1122976/000095015208001586/0000950152-08-001586-index.htm", "finalLink": "https://www.sec.gov/Archives/edgar/data/1122976/000095015208001586/l30212ae10vk.htm", "calculatedOtherExpenses": 29700000, "calculatedOperatingExpenses": 271500000, "calculatedNetInterest": -81200000, "calculatedOtherIncome": 14900000, "calculatedIncomeNonControlling": 0, "calculatedEbitda": 91300000}, {"date": "2006-12-31", "symbol": "AVNT", "reportedCurrency": "USD", "cik": "0001122976", "fillingDate": "2007-03-01", "acceptedDate": "2007-03-01 17:22:31", "calendarYear": "2006", "period": "FY", "revenue": 2622400000, "costOfRevenue": 2282700000, "grossProfit": 339700000, "grossProfitRatio": 0.1295378279, "researchAndDevelopmentExpenses": 0, "generalAndAdministrativeExpenses": 0, "sellingAndMarketingExpenses": 0, "sellingGeneralAndAdministrativeExpenses": 201300000, "otherExpenses": -51800000, "operatingExpenses": 149500000, "costAndExpenses": 2432200000, "interestIncome": 3400000, "interestExpense": 82900000, "depreciationAndAmortization": 57100000, "ebitda": 257200000, "ebitdaratio": 0.0980780964, "operatingIncome": 190200000, "operatingIncomeRatio": 0.0725289811, "totalOtherIncomeExpensesNet": 101700000, "incomeBeforeTax": 119900000, "incomeBeforeTaxRatio": 0.0457214765, "incomeTaxExpense": -6000000, "netIncome": 123200000, "netIncomeRatio": 0.0469798658, "eps": 1.33, "epsdiluted": 1.33, "weightedAverageShsOut": 92400000, "weightedAverageShsOutDil": 92800000, "link": "https://www.sec.gov/Archives/edgar/data/1122976/000095015207001689/0000950152-07-001689-index.htm", "finalLink": "https://www.sec.gov/Archives/edgar/data/1122976/000095015207001689/l24287ae10vk.htm", "calculatedOtherExpenses": -51800000, "calculatedOperatingExpenses": 149500000, "calculatedNetInterest": -79500000, "calculatedOtherIncome": 9200000, "calculatedIncomeNonControlling": 2700000, "calculatedEbitda": 247300000}, {"date": "2005-12-31", "symbol": "AVNT", "reportedCurrency": "USD", "cik": "0001122976", "fillingDate": "2006-03-15", "acceptedDate": "2006-03-15 17:02:43", "calendarYear": "2005", "period": "FY", "revenue": 2450600000, "costOfRevenue": 2153500000, "grossProfit": 297100000, "grossProfitRatio": 0.1212356158, "researchAndDevelopmentExpenses": 0, "generalAndAdministrativeExpenses": 0, "sellingAndMarketingExpenses": 0, "sellingGeneralAndAdministrativeExpenses": 178200000, "otherExpenses": -21400000, "operatingExpenses": 156800000, "costAndExpenses": 2310300000, "interestIncome": 1900000, "interestExpense": 98900000, "depreciationAndAmortization": 50700000, "ebitda": 203100000, "ebitdaratio": 0.0828776626, "operatingIncome": 140300000, "operatingIncomeRatio": 0.0572512854, "totalOtherIncomeExpensesNet": 66800000, "incomeBeforeTax": 68800000, "incomeBeforeTaxRatio": 0.0280747572, "incomeTaxExpense": 6600000, "netIncome": 46900000, "netIncomeRatio": 0.0191381702, "eps": 0.51, "epsdiluted": 0.51, "weightedAverageShsOut": 91900000, "weightedAverageShsOutDil": 92000000, "link": "https://www.sec.gov/Archives/edgar/data/1122976/000095015206002137/0000950152-06-002137-index.htm", "finalLink": "https://www.sec.gov/Archives/edgar/data/1122976/000095015206002137/l17879ae10vk.htm", "calculatedOtherExpenses": -21400000, "calculatedOperatingExpenses": 156800000, "calculatedNetInterest": -97000000, "calculatedOtherIncome": 25500000, "calculatedIncomeNonControlling": 15300000, "calculatedEbitda": 191000000}, {"date": "2004-12-31", "symbol": "AVNT", "reportedCurrency": "USD", "cik": "0001122976", "fillingDate": "2005-03-04", "acceptedDate": "2005-03-04 15:25:42", "calendarYear": "2004", "period": "FY", "revenue": 2161500000, "costOfRevenue": 1837500000, "grossProfit": 324000000, "grossProfitRatio": 0.1498959056, "researchAndDevelopmentExpenses": 0, "generalAndAdministrativeExpenses": 0, "sellingAndMarketingExpenses": 0, "sellingGeneralAndAdministrativeExpenses": 201200000, "otherExpenses": 3200000, "operatingExpenses": 204400000, "costAndExpenses": 2041900000, "interestIncome": 1500000, "interestExpense": 116300000, "depreciationAndAmortization": 50900000, "ebitda": 204300000, "ebitdaratio": 0.094517696, "operatingIncome": 119600000, "operatingIncomeRatio": 0.0553319454, "totalOtherIncomeExpensesNet": 30900000, "incomeBeforeTax": 32200000, "incomeBeforeTaxRatio": 0.0148970622, "incomeTaxExpense": 13600000, "netIncome": 23500000, "netIncomeRatio": 0.0108720796, "eps": 0.26, "epsdiluted": 0.26, "weightedAverageShsOut": 91600000, "weightedAverageShsOutDil": 91800000, "link": "https://www.sec.gov/Archives/edgar/data/1122976/000095015205001761/0000950152-05-001761-index.htm", "finalLink": "https://www.sec.gov/Archives/edgar/data/1122976/000095015205001761/l12230ae10vk.htm", "calculatedOtherExpenses": 3200000, "calculatedOperatingExpenses": 204400000, "calculatedNetInterest": -114800000, "calculatedOtherIncome": 27400000, "calculatedIncomeNonControlling": -4900000, "calculatedEbitda": 170500000}, {"date": "2003-12-31", "symbol": "AVNT", "reportedCurrency": "USD", "cik": "0001122976", "fillingDate": "2004-03-15", "acceptedDate": "2004-03-12 21:14:10", "calendarYear": "2003", "period": "FY", "revenue": 1964500000, "costOfRevenue": 1664700000, "grossProfit": 299800000, "grossProfitRatio": 0.1526088063, "researchAndDevelopmentExpenses": 0, "generalAndAdministrativeExpenses": 0, "sellingAndMarketingExpenses": 0, "sellingGeneralAndAdministrativeExpenses": 243800000, "otherExpenses": 60000000, "operatingExpenses": 303800000, "costAndExpenses": 1968500000, "interestIncome": 900000, "interestExpense": 291200000, "depreciationAndAmortization": 51400000, "ebitda": 103800000, "ebitdaratio": 0.0528378722, "operatingIncome": -4000000, "operatingIncomeRatio": -0.0020361415, "totalOtherIncomeExpensesNet": -21900000, "incomeBeforeTax": -83000000, "incomeBeforeTaxRatio": -0.0422499364, "incomeTaxExpense": 12300000, "netIncome": -251100000, "netIncomeRatio": -0.1278187834, "eps": -3.07, "epsdiluted": -2.76, "weightedAverageShsOut": 81791531, "weightedAverageShsOutDil": 91000000, "link": "https://www.sec.gov/Archives/edgar/data/1122976/000119312504040941/0001193125-04-040941-index.htm", "finalLink": "https://www.sec.gov/Archives/edgar/data/1122976/000119312504040941/d10k.htm", "calculatedOtherExpenses": 60000000, "calculatedOperatingExpenses": 303800000, "calculatedNetInterest": -290300000, "calculatedOtherIncome": 211300000, "calculatedIncomeNonControlling": 155800000, "calculatedEbitda": 47400000}, {"date": "2002-12-31", "symbol": "AVNT", "reportedCurrency": "USD", "cik": "0001122976", "fillingDate": "2003-03-27", "acceptedDate": "2003-03-27 16:29:54", "calendarYear": "2002", "period": "FY", "revenue": 2498200000, "costOfRevenue": 2098200000, "grossProfit": 400000000, "grossProfitRatio": 0.160115283, "researchAndDevelopmentExpenses": 0, "generalAndAdministrativeExpenses": 0, "sellingAndMarketingExpenses": 0, "sellingGeneralAndAdministrativeExpenses": 302600000, "otherExpenses": 58500000, "operatingExpenses": 361100000, "costAndExpenses": 2459300000, "interestIncome": 0, "interestExpense": 118400000, "depreciationAndAmortization": 72500000, "ebitda": 126800000, "ebitdaratio": 0.0507565447, "operatingIncome": 38900000, "operatingIncomeRatio": 0.0155712113, "totalOtherIncomeExpensesNet": 4800000, "incomeBeforeTax": -11800000, "incomeBeforeTaxRatio": -0.0047234008, "incomeTaxExpense": -5200000, "netIncome": -58900000, "netIncomeRatio": -0.0235769754, "eps": -0.65, "epsdiluted": -0.64, "weightedAverageShsOut": 90615385, "weightedAverageShsOutDil": 92100000, "link": "https://www.sec.gov/Archives/edgar/data/1122976/000095015203003545/0000950152-03-003545-index.htm", "finalLink": "https://www.sec.gov/Archives/edgar/data/1122976/000095015203003545/l99161ae10vk.htm", "calculatedOtherExpenses": 58500000, "calculatedOperatingExpenses": 361100000, "calculatedNetInterest": -118400000, "calculatedOtherIncome": 67700000, "calculatedIncomeNonControlling": 52300000, "calculatedEbitda": 111400000}, {"date": "2001-12-31", "symbol": "AVNT", "reportedCurrency": "USD", "cik": "0001122976", "fillingDate": "2002-04-01", "acceptedDate": "2002-04-01 00:00:00", "calendarYear": "2001", "period": "FY", "revenue": 2654600000, "costOfRevenue": 2223000000, "grossProfit": 431600000, "grossProfitRatio": 0.1625857003, "researchAndDevelopmentExpenses": 0, "generalAndAdministrativeExpenses": 304200000, "sellingAndMarketingExpenses": 0, "sellingGeneralAndAdministrativeExpenses": 304200000, "otherExpenses": 138600000, "operatingExpenses": 442800000, "costAndExpenses": 2665800000, "interestIncome": 0, "interestExpense": 117500000, "depreciationAndAmortization": 91300000, "ebitda": 137100000, "ebitdaratio": 0.0516461991, "operatingIncome": -17100000, "operatingIncomeRatio": -0.0064416485, "totalOtherIncomeExpensesNet": -68200000, "incomeBeforeTax": -71700000, "incomeBeforeTaxRatio": -0.027009719, "incomeTaxExpense": -25600000, "netIncome": -46100000, "netIncomeRatio": -0.0173660815, "eps": -0.51, "epsdiluted": -0.51, "weightedAverageShsOut": 90392157, "weightedAverageShsOutDil": 90400000, "link": "https://www.sec.gov/Archives/edgar/data/1122976/000095015202002662/0000950152-02-002662-index.htm", "finalLink": "https://www.sec.gov/Archives/edgar/data/1122976/000095015202002662/l92591ae10-k.txt", "calculatedOtherExpenses": 144500000, "calculatedOperatingExpenses": 448700000, "calculatedNetInterest": -117500000, "calculatedOtherIncome": 62900000, "calculatedIncomeNonControlling": 0, "calculatedEbitda": 74200000}, {"date": "2000-12-31", "symbol": "AVNT", "reportedCurrency": "USD", "cik": "0001122976", "fillingDate": "2001-03-28", "acceptedDate": "2001-03-28 00:00:00", "calendarYear": "2000", "period": "FY", "revenue": 1887800000, "costOfRevenue": 1598800000, "grossProfit": 289000000, "grossProfitRatio": 0.1530882509, "researchAndDevelopmentExpenses": 0, "generalAndAdministrativeExpenses": 191500000, "sellingAndMarketingExpenses": 0, "sellingGeneralAndAdministrativeExpenses": 191500000, "otherExpenses": 23200000, "operatingExpenses": 214700000, "costAndExpenses": 1813500000, "interestIncome": 0, "interestExpense": 64100000, "depreciationAndAmortization": 57400000, "ebitda": 147600000, "ebitdaratio": 0.0781862485, "operatingIncome": 64800000, "operatingIncomeRatio": 0.0343256701, "totalOtherIncomeExpensesNet": 21100000, "incomeBeforeTax": 26100000, "incomeBeforeTaxRatio": 0.0138256171, "incomeTaxExpense": 10200000, "netIncome": 15900000, "netIncomeRatio": 0.0084225024, "eps": 0.26, "epsdiluted": 0.26, "weightedAverageShsOut": 61400000, "weightedAverageShsOutDil": 62000000, "link": "https://www.sec.gov/Archives/edgar/data/1122976/000095015201001753/0000950152-01-001753-index.htm", "finalLink": "https://www.sec.gov/Archives/edgar/data/1122976/000095015201001753/l87141ae10-k.txt", "calculatedOtherExpenses": 32700000, "calculatedOperatingExpenses": 224200000, "calculatedNetInterest": -64100000, "calculatedOtherIncome": 25400000, "calculatedIncomeNonControlling": 0, "calculatedEbitda": 122200000}, {"date": "1999-12-31", "symbol": "AVNT", "reportedCurrency": "USD", "cik": "0001122976", "fillingDate": "1999-12-31", "acceptedDate": "1999-12-31 00:00:00", "calendarYear": "1999", "period": "FY", "revenue": 1261200000, "costOfRevenue": 1028900000, "grossProfit": 232300000, "grossProfitRatio": 0.1841896606, "researchAndDevelopmentExpenses": 0, "generalAndAdministrativeExpenses": 97400000, "sellingAndMarketingExpenses": 0, "sellingGeneralAndAdministrativeExpenses": 97400000, "otherExpenses": 35200000, "operatingExpenses": 132600000, "costAndExpenses": 1161500000, "interestIncome": 0, "interestExpense": -69200000, "depreciationAndAmortization": 44400000, "ebitda": 147700000, "ebitdaratio": 0.1171106882, "operatingIncome": 99700000, "operatingIncomeRatio": 0.0790516968, "totalOtherIncomeExpensesNet": -3600000, "incomeBeforeTax": 174000000, "incomeBeforeTaxRatio": 0.137963844, "incomeTaxExpense": 67800000, "netIncome": 104700000, "netIncomeRatio": 0.0830161751, "eps": 2.25, "epsdiluted": 2.15, "weightedAverageShsOut": 46600000, "weightedAverageShsOutDil": 48600000, "link": null, "finalLink": null, "calculatedOtherExpenses": 35200000, "calculatedOperatingExpenses": 132600000, "calculatedNetInterest": 69200000, "calculatedOtherIncome": 5100000, "calculatedIncomeNonControlling": 1500000, "calculatedEbitda": 144100000}]}