{"originalCurrency": "USD", "convertedCurrency": "USD", "report": [{"date": "2023-07-01", "symbol": "AVT", "reportedCurrency": "USD", "cik": "0000008858", "fillingDate": "2023-08-18", "acceptedDate": "2023-08-17 17:42:35", "calendarYear": "2023", "period": "FY", "revenue": 26536881000, "costOfRevenue": 23354738000, "grossProfit": 3182143000, "grossProfitRatio": 0.1199139793, "researchAndDevelopmentExpenses": 0, "generalAndAdministrativeExpenses": 0, "sellingAndMarketingExpenses": 0, "sellingGeneralAndAdministrativeExpenses": 1967305000, "otherExpenses": 9908000, "operatingExpenses": 1967305000, "costAndExpenses": 25322043000, "interestIncome": 250869000, "interestExpense": 250869000, "depreciationAndAmortization": 143005000, "ebitda": 1367751000, "ebitdaratio": 0.0515415131, "operatingIncome": 1186800000, "operatingIncomeRatio": 0.0447226635, "totalOtherIncomeExpensesNet": 18907000, "incomeBeforeTax": 982876000, "incomeBeforeTaxRatio": 0.0370381131, "incomeTaxExpense": 212048000, "netIncome": 770828000, "netIncomeRatio": 0.0290474227, "eps": 8.37, "epsdiluted": 8.26, "weightedAverageShsOut": 92043000, "weightedAverageShsOutDil": 93368000, "link": "https://www.sec.gov/Archives/edgar/data/8858/000000885823000029/0000008858-23-000029-index.htm", "finalLink": "https://www.sec.gov/Archives/edgar/data/8858/000000885823000029/avt-20230701x10k.htm", "calculatedOtherExpenses": 28038000, "calculatedOperatingExpenses": 1995343000, "calculatedNetInterest": 0, "calculatedOtherIncome": -203924000, "calculatedIncomeNonControlling": 0, "calculatedEbitda": 1329805000}, {"date": "2022-07-02", "symbol": "AVT", "reportedCurrency": "USD", "cik": "0000008858", "fillingDate": "2022-08-12", "acceptedDate": "2022-08-12 16:11:16", "calendarYear": "2022", "period": "FY", "revenue": 24310708000, "costOfRevenue": 21345317000, "grossProfit": 2965391000, "grossProfitRatio": 0.1219788005, "researchAndDevelopmentExpenses": 0, "generalAndAdministrativeExpenses": 0, "sellingAndMarketingExpenses": 0, "sellingGeneralAndAdministrativeExpenses": 1994847000, "otherExpenses": -5302000, "operatingExpenses": 1994847000, "costAndExpenses": 23340164000, "interestIncome": 100375000, "interestExpense": 100375000, "depreciationAndAmortization": 181438000, "ebitda": 1120449000, "ebitdaratio": 0.046088703, "operatingIncome": 939011000, "operatingIncomeRatio": 0.0386254074, "totalOtherIncomeExpensesNet": -105677000, "incomeBeforeTax": 833334000, "incomeBeforeTaxRatio": 0.0342784751, "incomeTaxExpense": 140955000, "netIncome": 692379000, "netIncomeRatio": 0.0284804128, "eps": 7.02, "epsdiluted": 6.94, "weightedAverageShsOut": 98662000, "weightedAverageShsOutDil": 99819000, "link": "https://www.sec.gov/Archives/edgar/data/8858/000000885822000031/0000008858-22-000031-index.htm", "finalLink": "https://www.sec.gov/Archives/edgar/data/8858/000000885822000031/avt-20220702x10k.htm", "calculatedOtherExpenses": 31533000, "calculatedOperatingExpenses": 2026380000, "calculatedNetInterest": 0, "calculatedOtherIncome": -105677000, "calculatedIncomeNonControlling": 0, "calculatedEbitda": 1120449000}, {"date": "2021-07-03", "symbol": "AVT", "reportedCurrency": "USD", "cik": "0000008858", "fillingDate": "2021-08-13", "acceptedDate": "2021-08-12 20:02:27", "calendarYear": "2021", "period": "FY", "revenue": 19534679000, "costOfRevenue": 17294049000, "grossProfit": 2240630000, "grossProfitRatio": 0.1147001187, "researchAndDevelopmentExpenses": 0, "generalAndAdministrativeExpenses": 0, "sellingAndMarketingExpenses": 0, "sellingGeneralAndAdministrativeExpenses": 1874831000, "otherExpenses": -19006000, "operatingExpenses": 1874831000, "costAndExpenses": 19168880000, "interestIncome": 89473000, "interestExpense": 89473000, "depreciationAndAmortization": 254084000, "ebitda": 535492000, "ebitdaratio": 0.0274123778, "operatingIncome": 281408000, "operatingIncomeRatio": 0.0144055605, "totalOtherIncomeExpensesNet": -108479000, "incomeBeforeTax": 172929000, "incomeBeforeTaxRatio": 0.0088524106, "incomeTaxExpense": -20185000, "netIncome": 193114000, "netIncomeRatio": 0.0098857012, "eps": 1.95, "epsdiluted": 1.93, "weightedAverageShsOut": 99258000, "weightedAverageShsOutDil": 100168000, "link": "https://www.sec.gov/Archives/edgar/data/8858/000000885821000036/0000008858-21-000036-index.htm", "finalLink": "https://www.sec.gov/Archives/edgar/data/8858/000000885821000036/avt-20210703x10k.htm", "calculatedOtherExpenses": 84391000, "calculatedOperatingExpenses": 1959222000, "calculatedNetInterest": 0, "calculatedOtherIncome": -108479000, "calculatedIncomeNonControlling": 0, "calculatedEbitda": 535492000}, {"date": "2020-06-27", "symbol": "AVT", "reportedCurrency": "USD", "cik": "0000008858", "fillingDate": "2020-08-14", "acceptedDate": "2020-08-13 18:11:27", "calendarYear": "2020", "period": "FY", "revenue": 17634333000, "costOfRevenue": 15570877000, "grossProfit": 2063456000, "grossProfitRatio": 0.1170135553, "researchAndDevelopmentExpenses": 0, "generalAndAdministrativeExpenses": 0, "sellingAndMarketingExpenses": 0, "sellingGeneralAndAdministrativeExpenses": 1842122000, "otherExpenses": -737000, "operatingExpenses": 1842122000, "costAndExpenses": 17412999000, "interestIncome": 122742000, "interestExpense": 122742000, "depreciationAndAmortization": 242895000, "ebitda": 463492000, "ebitdaratio": 0.0262835005, "operatingIncome": 220597000, "operatingIncomeRatio": 0.0125095177, "totalOtherIncomeExpensesNet": -348704000, "incomeBeforeTax": -128107000, "incomeBeforeTaxRatio": -0.0072646354, "incomeTaxExpense": -98574000, "netIncome": -29533000, "netIncomeRatio": -0.0016747444, "eps": -0.29, "epsdiluted": -0.29, "weightedAverageShsOut": 100474000, "weightedAverageShsOutDil": 100474000, "link": "https://www.sec.gov/Archives/edgar/data/8858/000000885820000025/0000008858-20-000025-index.htm", "finalLink": "https://www.sec.gov/Archives/edgar/data/8858/000000885820000025/avt-20200627x10k.htm", "calculatedOtherExpenses": 737000, "calculatedOperatingExpenses": 1842859000, "calculatedNetInterest": 0, "calculatedOtherIncome": -348704000, "calculatedIncomeNonControlling": 0, "calculatedEbitda": 463492000}, {"date": "2019-06-29", "symbol": "AVT", "reportedCurrency": "USD", "cik": "0000008858", "fillingDate": "2019-08-15", "acceptedDate": "2019-08-15 16:36:33", "calendarYear": "2019", "period": "FY", "revenue": 19518592000, "costOfRevenue": 17032490000, "grossProfit": 2486102000, "grossProfitRatio": 0.1273709702, "researchAndDevelopmentExpenses": 0, "generalAndAdministrativeExpenses": 0, "sellingAndMarketingExpenses": 0, "sellingGeneralAndAdministrativeExpenses": 1874651000, "otherExpenses": 11231000, "operatingExpenses": 1874651000, "costAndExpenses": 18907141000, "interestIncome": 134874000, "interestExpense": 134874000, "depreciationAndAmortization": 180842000, "ebitda": 803524000, "ebitdaratio": 0.0411671088, "operatingIncome": 622682000, "operatingIncomeRatio": 0.0319019938, "totalOtherIncomeExpensesNet": -380414000, "incomeBeforeTax": 242268000, "incomeBeforeTaxRatio": 0.0124121658, "incomeTaxExpense": 62157000, "netIncome": 176337000, "netIncomeRatio": 0.0090343094, "eps": 1.61, "epsdiluted": 1.59, "weightedAverageShsOut": 109820000, "weightedAverageShsOutDil": 110798000, "link": "https://www.sec.gov/Archives/edgar/data/8858/000000885819000035/0000008858-19-000035-index.htm", "finalLink": "https://www.sec.gov/Archives/edgar/data/8858/000000885819000035/avt-20190629x10k.htm", "calculatedOtherExpenses": -11231000, "calculatedOperatingExpenses": 1863420000, "calculatedNetInterest": 0, "calculatedOtherIncome": -380414000, "calculatedIncomeNonControlling": 3774000, "calculatedEbitda": 803524000}, {"date": "2018-06-30", "symbol": "AVT", "reportedCurrency": "USD", "cik": "0000008858", "fillingDate": "2018-08-17", "acceptedDate": "2018-08-16 20:36:28", "calendarYear": "2018", "period": "FY", "revenue": 19036892000, "costOfRevenue": 16509708000, "grossProfit": 2527184000, "grossProfitRatio": 0.1327519219, "researchAndDevelopmentExpenses": 0, "generalAndAdministrativeExpenses": 0, "sellingAndMarketingExpenses": 0, "sellingGeneralAndAdministrativeExpenses": 1970103000, "otherExpenses": 17086000, "operatingExpenses": 1970103000, "costAndExpenses": 18479811000, "interestIncome": 0, "interestExpense": 102525000, "depreciationAndAmortization": 234872000, "ebitda": 809039000, "ebitdaratio": 0.0424984814, "operatingIncome": 230516000, "operatingIncomeRatio": 0.0121089094, "totalOtherIncomeExpensesNet": -309479000, "incomeBeforeTax": 145077000, "incomeBeforeTaxRatio": 0.0076208343, "incomeTaxExpense": 287966000, "netIncome": -156424000, "netIncomeRatio": -0.0082168875, "eps": -1.3, "epsdiluted": -1.3, "weightedAverageShsOut": 119909000, "weightedAverageShsOutDil": 119909000, "link": "https://www.sec.gov/Archives/edgar/data/8858/000000885818000047/0000008858-18-000047-index.htm", "finalLink": "https://www.sec.gov/Archives/edgar/data/8858/000000885818000047/avt-20180630x10k.htm", "calculatedOtherExpenses": 326565000, "calculatedOperatingExpenses": 2296668000, "calculatedNetInterest": -102525000, "calculatedOtherIncome": 17086000, "calculatedIncomeNonControlling": 13535000, "calculatedEbitda": 465388000}, {"date": "2017-07-01", "symbol": "AVT", "reportedCurrency": "USD", "cik": "0000008858", "fillingDate": "2017-08-17", "acceptedDate": "2017-08-16 19:55:29", "calendarYear": "2017", "period": "FY", "revenue": 17439963000, "costOfRevenue": 15070521000, "grossProfit": 2369442000, "grossProfitRatio": 0.1358627882, "researchAndDevelopmentExpenses": 0, "generalAndAdministrativeExpenses": 0, "sellingAndMarketingExpenses": 0, "sellingGeneralAndAdministrativeExpenses": 1770627000, "otherExpenses": -44305000, "operatingExpenses": 1770627000, "costAndExpenses": 16841148000, "interestIncome": 0, "interestExpense": 106691000, "depreciationAndAmortization": 155360000, "ebitda": 709870000, "ebitdaratio": 0.0407036414, "operatingIncome": 461400000, "operatingIncomeRatio": 0.0264564781, "totalOtherIncomeExpensesNet": -181720000, "incomeBeforeTax": 310404000, "incomeBeforeTaxRatio": 0.0177984323, "incomeTaxExpense": 47053000, "netIncome": 525278000, "netIncomeRatio": 0.0301192153, "eps": 4.13, "epsdiluted": 4.08, "weightedAverageShsOut": 127032000, "weightedAverageShsOutDil": 128651000, "link": "https://www.sec.gov/Archives/edgar/data/8858/000000885817000057/0000008858-17-000057-index.htm", "finalLink": "https://www.sec.gov/Archives/edgar/data/8858/000000885817000057/avt-20170701x10k.htm", "calculatedOtherExpenses": 137415000, "calculatedOperatingExpenses": 1908042000, "calculatedNetInterest": -106691000, "calculatedOtherIncome": -44305000, "calculatedIncomeNonControlling": -261927000, "calculatedEbitda": 616760000}, {"date": "2016-07-02", "symbol": "AVT", "reportedCurrency": "USD", "cik": "0000008858", "fillingDate": "2016-08-12", "acceptedDate": "2016-08-12 16:36:14", "calendarYear": "2016", "period": "FY", "revenue": 26219279000, "costOfRevenue": 23181768000, "grossProfit": 3037511000, "grossProfitRatio": 0.1158502871, "researchAndDevelopmentExpenses": 0, "generalAndAdministrativeExpenses": 0, "sellingAndMarketingExpenses": 0, "sellingGeneralAndAdministrativeExpenses": 2170524000, "otherExpenses": -18105000, "operatingExpenses": 2170524000, "costAndExpenses": 25352292000, "interestIncome": 0, "interestExpense": 99055000, "depreciationAndAmortization": 126479000, "ebitda": 975361000, "ebitdaratio": 0.0372001457, "operatingIncome": 787669000, "operatingIncomeRatio": 0.0300415965, "totalOtherIncomeExpensesNet": -97423000, "incomeBeforeTax": 670509000, "incomeBeforeTaxRatio": 0.0255731288, "incomeTaxExpense": 163978000, "netIncome": 506531000, "netIncomeRatio": 0.0193190286, "eps": 3.87, "epsdiluted": 3.8, "weightedAverageShsOut": 130858000, "weightedAverageShsOutDil": 133173000, "link": "https://www.sec.gov/Archives/edgar/data/8858/000000885816000038/0000008858-16-000038-index.htm", "finalLink": "https://www.sec.gov/Archives/edgar/data/8858/000000885816000038/avt-20160702x10k.htm", "calculatedOtherExpenses": 79318000, "calculatedOperatingExpenses": 2249842000, "calculatedNetInterest": -99055000, "calculatedOtherIncome": -18105000, "calculatedIncomeNonControlling": 0, "calculatedEbitda": 914148000}, {"date": "2015-06-27", "symbol": "AVT", "reportedCurrency": "USD", "cik": "0000008858", "fillingDate": "2015-08-07", "acceptedDate": "2015-08-07 16:16:00", "calendarYear": "2015", "period": "FY", "revenue": 27924657000, "costOfRevenue": 24731537000, "grossProfit": 3193120000, "grossProfitRatio": 0.1143476892, "researchAndDevelopmentExpenses": 0, "generalAndAdministrativeExpenses": 0, "sellingAndMarketingExpenses": 0, "sellingGeneralAndAdministrativeExpenses": 2274642000, "otherExpenses": -19043000, "operatingExpenses": 2274642000, "costAndExpenses": 27006179000, "interestIncome": 0, "interestExpense": 95665000, "depreciationAndAmortization": 147319000, "ebitda": 1046754000, "ebitdaratio": 0.0374849367, "operatingIncome": 827673000, "operatingIncomeRatio": 0.0296395046, "totalOtherIncomeExpensesNet": -109848000, "incomeBeforeTax": 712965000, "incomeBeforeTaxRatio": 0.0255317371, "incomeTaxExpense": 141052000, "netIncome": 571913000, "netIncomeRatio": 0.0204805739, "eps": 4.18, "epsdiluted": 4.12, "weightedAverageShsOut": 136688000, "weightedAverageShsOutDil": 138791000, "link": "https://www.sec.gov/Archives/edgar/data/8858/000155837015001540/0001558370-15-001540-index.htm", "finalLink": "https://www.sec.gov/Archives/edgar/data/8858/000155837015001540/avt-20150627x10k.htm", "calculatedOtherExpenses": 90805000, "calculatedOperatingExpenses": 2365447000, "calculatedNetInterest": -95665000, "calculatedOtherIncome": -19043000, "calculatedIncomeNonControlling": 0, "calculatedEbitda": 974992000}, {"date": "2014-06-28", "symbol": "AVT", "reportedCurrency": "USD", "cik": "0000008858", "fillingDate": "2014-08-08", "acceptedDate": "2014-08-08 14:27:19", "calendarYear": "2014", "period": "FY", "revenue": 27499654000, "costOfRevenue": 24273923000, "grossProfit": 3225731000, "grossProfitRatio": 0.1173007849, "researchAndDevelopmentExpenses": 0, "generalAndAdministrativeExpenses": 0, "sellingAndMarketingExpenses": 0, "sellingGeneralAndAdministrativeExpenses": 2341168000, "otherExpenses": -6092000, "operatingExpenses": 2341168000, "costAndExpenses": 26615091000, "interestIncome": 0, "interestExpense": 104823000, "depreciationAndAmortization": 137188000, "ebitda": 1015659000, "ebitdaratio": 0.0369335192, "operatingIncome": 789940000, "operatingIncomeRatio": 0.0287254523, "totalOtherIncomeExpensesNet": -78613000, "incomeBeforeTax": 701127000, "incomeBeforeTaxRatio": 0.0254958481, "incomeTaxExpense": 155523000, "netIncome": 545604000, "netIncomeRatio": 0.0198403951, "eps": 3.95, "epsdiluted": 3.89, "weightedAverageShsOut": 137991000, "weightedAverageShsOutDil": 140119000, "link": "https://www.sec.gov/Archives/edgar/data/8858/000000885814000012/0000008858-14-000012-index.htm", "finalLink": "https://www.sec.gov/Archives/edgar/data/8858/000000885814000012/avt-20140628x10k.htm", "calculatedOtherExpenses": 94623000, "calculatedOperatingExpenses": 2435791000, "calculatedNetInterest": -104823000, "calculatedOtherIncome": 16010000, "calculatedIncomeNonControlling": 0, "calculatedEbitda": 927128000}, {"date": "2013-06-29", "symbol": "AVT", "reportedCurrency": "USD", "cik": "0000008858", "fillingDate": "2013-08-09", "acceptedDate": "2013-08-09 06:59:56", "calendarYear": "2013", "period": "FY", "revenue": 25458924000, "costOfRevenue": 22479123000, "grossProfit": 2979801000, "grossProfitRatio": 0.1170434776, "researchAndDevelopmentExpenses": 0, "generalAndAdministrativeExpenses": 0, "sellingAndMarketingExpenses": 0, "sellingGeneralAndAdministrativeExpenses": 2204319000, "otherExpenses": -74000, "operatingExpenses": 2204319000, "costAndExpenses": 24683442000, "interestIncome": 0, "interestExpense": 107653000, "depreciationAndAmortization": 120676000, "ebitda": 896084000, "ebitdaratio": 0.0351972456, "operatingIncome": 625981000, "operatingIncomeRatio": 0.0245878812, "totalOtherIncomeExpensesNet": -118564000, "incomeBeforeTax": 549265000, "incomeBeforeTaxRatio": 0.0215745567, "incomeTaxExpense": 99192000, "netIncome": 450073000, "netIncomeRatio": 0.0176783983, "eps": 3.26, "epsdiluted": 3.21, "weightedAverageShsOut": 137951000, "weightedAverageShsOutDil": 140003000, "link": "https://www.sec.gov/Archives/edgar/data/8858/000000885813000011/0000008858-13-000011-index.htm", "finalLink": "https://www.sec.gov/Archives/edgar/data/8858/000000885813000011/avt-20130629x10k.htm", "calculatedOtherExpenses": 149501000, "calculatedOperatingExpenses": 2353820000, "calculatedNetInterest": -107653000, "calculatedOtherIncome": 30937000, "calculatedIncomeNonControlling": 0, "calculatedEbitda": 746657000}, {"date": "2012-06-30", "symbol": "AVT", "reportedCurrency": "USD", "cik": "0000008858", "fillingDate": "2012-08-10", "acceptedDate": "2012-08-10 15:58:48", "calendarYear": "2012", "period": "FY", "revenue": 25707522000, "costOfRevenue": 22656965000, "grossProfit": 3050557000, "grossProfitRatio": 0.1186639848, "researchAndDevelopmentExpenses": 0, "generalAndAdministrativeExpenses": 0, "sellingAndMarketingExpenses": 0, "sellingGeneralAndAdministrativeExpenses": 2092807000, "otherExpenses": -5442000, "operatingExpenses": 2092807000, "costAndExpenses": 24749772000, "interestIncome": 0, "interestExpense": 90859000, "depreciationAndAmortization": 101336000, "ebitda": 1053644000, "ebitdaratio": 0.0409858251, "operatingIncome": 884165000, "operatingIncomeRatio": 0.034393241, "totalOtherIncomeExpensesNet": -76109000, "incomeBeforeTax": 790782000, "incomeBeforeTaxRatio": 0.0307607244, "incomeTaxExpense": 223763000, "netIncome": 567019000, "netIncomeRatio": 0.0220565405, "eps": 3.85, "epsdiluted": 3.79, "weightedAverageShsOut": 147278000, "weightedAverageShsOutDil": 149553000, "link": "https://www.sec.gov/Archives/edgar/data/8858/000000885812000011/0000008858-12-000011-index.htm", "finalLink": "https://www.sec.gov/Archives/edgar/data/8858/000000885812000011/avt-20120630x10k.htm", "calculatedOtherExpenses": 73585000, "calculatedOperatingExpenses": 2166392000, "calculatedNetInterest": -90859000, "calculatedOtherIncome": -2524000, "calculatedIncomeNonControlling": 0, "calculatedEbitda": 985501000}, {"date": "2011-07-02", "symbol": "AVT", "reportedCurrency": "USD", "cik": "0000008858", "fillingDate": "2011-08-12", "acceptedDate": "2011-08-12 15:32:59", "calendarYear": "2011", "period": "FY", "revenue": 26534413000, "costOfRevenue": 23426608000, "grossProfit": 3107805000, "grossProfitRatio": 0.1171235633, "researchAndDevelopmentExpenses": 0, "generalAndAdministrativeExpenses": 0, "sellingAndMarketingExpenses": 0, "sellingGeneralAndAdministrativeExpenses": 2100650000, "otherExpenses": 0, "operatingExpenses": 2100650000, "costAndExpenses": 25527258000, "interestIncome": 0, "interestExpense": 92452000, "depreciationAndAmortization": 81389000, "ebitda": 1088544000, "ebitdaratio": 0.0410238583, "operatingIncome": 929979000, "operatingIncomeRatio": 0.0350480337, "totalOtherIncomeExpensesNet": -43737000, "incomeBeforeTax": 870966000, "incomeBeforeTaxRatio": 0.0328240161, "incomeTaxExpense": 201897000, "netIncome": 669069000, "netIncomeRatio": 0.0252151423, "eps": 4.39, "epsdiluted": 4.34, "weightedAverageShsOut": 152481000, "weightedAverageShsOutDil": 154337000, "link": "https://www.sec.gov/Archives/edgar/data/8858/000095012311076782/0000950123-11-076782-index.htm", "finalLink": "https://www.sec.gov/Archives/edgar/data/8858/000095012311076782/c20396e10vk.htm", "calculatedOtherExpenses": 77176000, "calculatedOperatingExpenses": 2177826000, "calculatedNetInterest": -92452000, "calculatedOtherIncome": 33439000, "calculatedIncomeNonControlling": 0, "calculatedEbitda": 1011368000}, {"date": "2010-07-03", "symbol": "AVT", "reportedCurrency": "USD", "cik": "0000008858", "fillingDate": "2010-08-13", "acceptedDate": "2010-08-13 16:38:32", "calendarYear": "2010", "period": "FY", "revenue": 19160172000, "costOfRevenue": 16879955000, "grossProfit": 2280217000, "grossProfitRatio": 0.1190081697, "researchAndDevelopmentExpenses": 0, "generalAndAdministrativeExpenses": 0, "sellingAndMarketingExpenses": 0, "sellingGeneralAndAdministrativeExpenses": 1619198000, "otherExpenses": 0, "operatingExpenses": 1619198000, "costAndExpenses": 18499153000, "interestIncome": 0, "interestExpense": 61748000, "depreciationAndAmortization": 60643000, "ebitda": 721662000, "ebitdaratio": 0.0376646932, "operatingIncome": 635600000, "operatingIncomeRatio": 0.0331729799, "totalOtherIncomeExpensesNet": -14188000, "incomeBeforeTax": 585083000, "incomeBeforeTaxRatio": 0.0305364169, "incomeTaxExpense": 174713000, "netIncome": 410370000, "netIncomeRatio": 0.0214178662, "eps": 2.71, "epsdiluted": 2.68, "weightedAverageShsOut": 151629000, "weightedAverageShsOutDil": 153093000, "link": "https://www.sec.gov/Archives/edgar/data/8858/000095012310077359/0000950123-10-077359-index.htm", "finalLink": "https://www.sec.gov/Archives/edgar/data/8858/000095012310077359/c01547e10vk.htm", "calculatedOtherExpenses": 25419000, "calculatedOperatingExpenses": 1644617000, "calculatedNetInterest": -61748000, "calculatedOtherIncome": 11231000, "calculatedIncomeNonControlling": 0, "calculatedEbitda": 696243000}, {"date": "2009-06-27", "symbol": "AVT", "reportedCurrency": "USD", "cik": "0000008858", "fillingDate": "2009-08-25", "acceptedDate": "2009-08-25 16:52:35", "calendarYear": "2009", "period": "FY", "revenue": 16229896000, "costOfRevenue": 14206903000, "grossProfit": 2022993000, "grossProfitRatio": 0.1246460852, "researchAndDevelopmentExpenses": 0, "generalAndAdministrativeExpenses": 0, "sellingAndMarketingExpenses": 0, "sellingGeneralAndAdministrativeExpenses": 1531813000, "otherExpenses": 0, "operatingExpenses": 1531813000, "costAndExpenses": 15738716000, "interestIncome": 0, "interestExpense": 66481000, "depreciationAndAmortization": 66072000, "ebitda": 557252000, "ebitdaratio": 0.0343349089, "operatingIncome": -1019289000, "operatingIncomeRatio": -0.0628031751, "totalOtherIncomeExpensesNet": -1507773000, "incomeBeforeTax": -1083074000, "incomeBeforeTaxRatio": -0.066733268, "incomeTaxExpense": 39388000, "netIncome": -1122462000, "netIncomeRatio": -0.0691601474, "eps": -7.44, "epsdiluted": -7.44, "weightedAverageShsOut": 150898000, "weightedAverageShsOutDil": 150898000, "link": "https://www.sec.gov/Archives/edgar/data/8858/000095012309037904/0000950123-09-037904-index.htm", "finalLink": "https://www.sec.gov/Archives/edgar/data/8858/000095012309037904/p15665e10vk.htm", "calculatedOtherExpenses": 1510469000, "calculatedOperatingExpenses": 3042282000, "calculatedNetInterest": -66481000, "calculatedOtherIncome": 2696000, "calculatedIncomeNonControlling": 0, "calculatedEbitda": -953217000}, {"date": "2008-06-28", "symbol": "AVT", "reportedCurrency": "USD", "cik": "0000008858", "fillingDate": "2008-08-27", "acceptedDate": "2008-08-27 14:15:07", "calendarYear": "2008", "period": "FY", "revenue": 17952707000, "costOfRevenue": 15638991000, "grossProfit": 2313716000, "grossProfitRatio": 0.1288783914, "researchAndDevelopmentExpenses": 0, "generalAndAdministrativeExpenses": 0, "sellingAndMarketingExpenses": 0, "sellingGeneralAndAdministrativeExpenses": 1564391000, "otherExpenses": 0, "operatingExpenses": 1564391000, "costAndExpenses": 17203382000, "interestIncome": 0, "interestExpense": -72285000, "depreciationAndAmortization": 59233000, "ebitda": 776643000, "ebitdaratio": 0.0432604955, "operatingIncome": 710383000, "operatingIncomeRatio": 0.0395696872, "totalOtherIncomeExpensesNet": 31915000, "incomeBeforeTax": 708955000, "incomeBeforeTaxRatio": 0.0394901449, "incomeTaxExpense": 209874000, "netIncome": 499081000, "netIncomeRatio": 0.027799763, "eps": 3.32, "epsdiluted": 3.27, "weightedAverageShsOut": 150250000, "weightedAverageShsOutDil": 152420000, "link": "https://www.sec.gov/Archives/edgar/data/8858/000095015308001548/0000950153-08-001548-index.htm", "finalLink": "https://www.sec.gov/Archives/edgar/data/8858/000095015308001548/p76236e10vk.htm", "calculatedOtherExpenses": 38942000, "calculatedOperatingExpenses": 1603333000, "calculatedNetInterest": 72285000, "calculatedOtherIncome": -73713000, "calculatedIncomeNonControlling": 0, "calculatedEbitda": 769616000}, {"date": "2007-06-30", "symbol": "AVT", "reportedCurrency": "USD", "cik": "0000008858", "fillingDate": "2007-08-29", "acceptedDate": "2007-08-29 14:25:24", "calendarYear": "2007", "period": "FY", "revenue": 15681087000, "costOfRevenue": 13632468000, "grossProfit": 2048619000, "grossProfitRatio": 0.1306426653, "researchAndDevelopmentExpenses": 0, "generalAndAdministrativeExpenses": 0, "sellingAndMarketingExpenses": 0, "sellingGeneralAndAdministrativeExpenses": 1362993000, "otherExpenses": 3000000, "operatingExpenses": 1365993000, "costAndExpenses": 14998461000, "interestIncome": 0, "interestExpense": -77172000, "depreciationAndAmortization": 53775000, "ebitda": 758236000, "ebitdaratio": 0.0483535357, "operatingIncome": 678273000, "operatingIncomeRatio": 0.0432542081, "totalOtherIncomeExpensesNet": -21835000, "incomeBeforeTax": 586619000, "incomeBeforeTaxRatio": 0.0374093327, "incomeTaxExpense": 193552000, "netIncome": 393067000, "netIncomeRatio": 0.0250663108, "eps": 2.65, "epsdiluted": 2.63, "weightedAverageShsOut": 148032000, "weightedAverageShsOutDil": 149613000, "link": "https://www.sec.gov/Archives/edgar/data/8858/000095015307001888/0000950153-07-001888-index.htm", "finalLink": "https://www.sec.gov/Archives/edgar/data/8858/000095015307001888/p74288e10vk.htm", "calculatedOtherExpenses": 7353000, "calculatedOperatingExpenses": 1370346000, "calculatedNetInterest": 77172000, "calculatedOtherIncome": -168826000, "calculatedIncomeNonControlling": 0, "calculatedEbitda": 732048000}, {"date": "2006-07-01", "symbol": "AVT", "reportedCurrency": "USD", "cik": "0000008858", "fillingDate": "2006-08-30", "acceptedDate": "2006-08-30 16:40:36", "calendarYear": "2006", "period": "FY", "revenue": 14253630000, "costOfRevenue": 12414647000, "grossProfit": 1838983000, "grossProfitRatio": 0.1290185728, "researchAndDevelopmentExpenses": 0, "generalAndAdministrativeExpenses": 0, "sellingAndMarketingExpenses": 0, "sellingGeneralAndAdministrativeExpenses": 1344922000, "otherExpenses": 0, "operatingExpenses": 1344922000, "costAndExpenses": 13759569000, "interestIncome": 0, "interestExpense": -96505000, "depreciationAndAmortization": 66526000, "ebitda": 641996000, "ebitdaratio": 0.0450408773, "operatingIncome": 430477000, "operatingIncomeRatio": 0.0302012189, "totalOtherIncomeExpensesNet": -81409000, "incomeBeforeTax": 316147000, "incomeBeforeTaxRatio": 0.0221801043, "incomeTaxExpense": 111600000, "netIncome": 204547000, "netIncomeRatio": 0.0143505198, "eps": 1.4, "epsdiluted": 1.39, "weightedAverageShsOut": 145942000, "weightedAverageShsOutDil": 147150000, "link": "https://www.sec.gov/Archives/edgar/data/8858/000095015306002277/0000950153-06-002277-index.htm", "finalLink": "https://www.sec.gov/Archives/edgar/data/8858/000095015306002277/p72824e10vk.htm", "calculatedOtherExpenses": 63584000, "calculatedOperatingExpenses": 1408506000, "calculatedNetInterest": 96505000, "calculatedOtherIncome": -210835000, "calculatedIncomeNonControlling": 0, "calculatedEbitda": 497003000}, {"date": "2005-07-02", "symbol": "AVT", "reportedCurrency": "USD", "cik": "0000008858", "fillingDate": "2005-09-13", "acceptedDate": "2005-09-13 17:20:27", "calendarYear": "2005", "period": "FY", "revenue": 11066816000, "costOfRevenue": 9607833000, "grossProfit": 1458983000, "grossProfitRatio": 0.1318340343, "researchAndDevelopmentExpenses": 0, "generalAndAdministrativeExpenses": 0, "sellingAndMarketingExpenses": 0, "sellingGeneralAndAdministrativeExpenses": 1137667000, "otherExpenses": 0, "operatingExpenses": 1137667000, "costAndExpenses": 10745500000, "interestIncome": 0, "interestExpense": -85056000, "depreciationAndAmortization": 61746000, "ebitda": 379563000, "ebitdaratio": 0.0342973986, "operatingIncome": 321316000, "operatingIncomeRatio": 0.0290341865, "totalOtherIncomeExpensesNet": 3499000, "incomeBeforeTax": 239759000, "incomeBeforeTaxRatio": 0.0216646775, "incomeTaxExpense": 71520000, "netIncome": 168239000, "netIncomeRatio": 0.0152021141, "eps": 1.39, "epsdiluted": 1.39, "weightedAverageShsOut": 120629000, "weightedAverageShsOutDil": 121469000, "link": "https://www.sec.gov/Archives/edgar/data/8858/000095015305002345/0000950153-05-002345-index.htm", "finalLink": "https://www.sec.gov/Archives/edgar/data/8858/000095015305002345/p71142e10vk.htm", "calculatedOtherExpenses": 0, "calculatedOperatingExpenses": 1137667000, "calculatedNetInterest": 85056000, "calculatedOtherIncome": -166613000, "calculatedIncomeNonControlling": 0, "calculatedEbitda": 383062000}, {"date": "2004-07-03", "symbol": "AVT", "reportedCurrency": "USD", "cik": "0000008858", "fillingDate": "2004-09-08", "acceptedDate": "2004-09-08 17:22:26", "calendarYear": "2004", "period": "FY", "revenue": 10244741000, "costOfRevenue": 8879888000, "grossProfit": 1364853000, "grossProfitRatio": 0.1332247443, "researchAndDevelopmentExpenses": 0, "generalAndAdministrativeExpenses": 0, "sellingAndMarketingExpenses": 0, "sellingGeneralAndAdministrativeExpenses": 1106988000, "otherExpenses": 0, "operatingExpenses": 1106988000, "costAndExpenses": 9986876000, "interestIncome": 0, "interestExpense": 0, "depreciationAndAmortization": 64540000, "ebitda": 387299000, "ebitdaratio": 0.0378046649, "operatingIncome": 202247000, "operatingIncomeRatio": 0.0197415435, "totalOtherIncomeExpensesNet": -64894000, "incomeBeforeTax": 98398000, "incomeBeforeTaxRatio": 0.0096047328, "incomeTaxExpense": 25501000, "netIncome": 72897000, "netIncomeRatio": 0.0071155532, "eps": 0.61, "epsdiluted": 0.6, "weightedAverageShsOut": 120086000, "weightedAverageShsOutDil": 121252000, "link": "https://www.sec.gov/Archives/edgar/data/8858/000095012404004227/0000950124-04-004227-index.htm", "finalLink": "https://www.sec.gov/Archives/edgar/data/8858/000095012404004227/p69562e10vk.htm", "calculatedOtherExpenses": 55618000, "calculatedOperatingExpenses": 1162606000, "calculatedNetInterest": 0, "calculatedOtherIncome": -103849000, "calculatedIncomeNonControlling": 0, "calculatedEbitda": 266787000}, {"date": "2003-06-27", "symbol": "AVT", "reportedCurrency": "USD", "cik": "0000008858", "fillingDate": "2003-09-16", "acceptedDate": "2003-09-16 16:12:13", "calendarYear": "2003", "period": "FY", "revenue": 9048442000, "costOfRevenue": 7833487000, "grossProfit": 1214955000, "grossProfitRatio": 0.1342722869, "researchAndDevelopmentExpenses": 0, "generalAndAdministrativeExpenses": 0, "sellingAndMarketingExpenses": 0, "sellingGeneralAndAdministrativeExpenses": 1202226000, "otherExpenses": 0, "operatingExpenses": 1202226000, "costAndExpenses": 9035713000, "interestIncome": 0, "interestExpense": -104851000000, "depreciationAndAmortization": 88839000, "ebitda": 88851000, "ebitdaratio": 0.0098194805, "operatingIncome": 12729000, "operatingIncomeRatio": 0.0014067615, "totalOtherIncomeExpensesNet": 12717000, "incomeBeforeTax": -79405000, "incomeBeforeTaxRatio": -0.0087755439, "incomeTaxExpense": -33289000, "netIncome": -46116000, "netIncomeRatio": -0.005096568, "eps": -0.39, "epsdiluted": -0.39, "weightedAverageShsOut": 119456000, "weightedAverageShsOutDil": 119456000, "link": "https://www.sec.gov/Archives/edgar/data/8858/000095015303001840/0000950153-03-001840-index.htm", "finalLink": "https://www.sec.gov/Archives/edgar/data/8858/000095015303001840/p68219e10vk.htm", "calculatedOtherExpenses": 0, "calculatedOperatingExpenses": 1202226000, "calculatedNetInterest": 104851000000, "calculatedOtherIncome": -104943134000, "calculatedIncomeNonControlling": 0, "calculatedEbitda": 101568000}, {"date": "2002-06-28", "symbol": "AVT", "reportedCurrency": "USD", "cik": "0000008858", "fillingDate": "2002-09-26", "acceptedDate": "2002-09-26 17:07:11", "calendarYear": "2002", "period": "FY", "revenue": 8920248000, "costOfRevenue": 7697434000, "grossProfit": 1222814000, "grossProfitRatio": 0.13708296, "researchAndDevelopmentExpenses": 0, "generalAndAdministrativeExpenses": 0, "sellingAndMarketingExpenses": 0, "sellingGeneralAndAdministrativeExpenses": 1225799000, "otherExpenses": -1100000000, "operatingExpenses": 125799000, "costAndExpenses": 7823233000, "interestIncome": 0, "interestExpense": -124583000000, "depreciationAndAmortization": 103879000, "ebitda": 1194139000, "ebitdaratio": 0.1338683633, "operatingIncome": -2985000, "operatingIncomeRatio": -0.000334632, "totalOtherIncomeExpensesNet": 6755000, "incomeBeforeTax": -120813000, "incomeBeforeTaxRatio": -0.0135436817, "incomeTaxExpense": -36377000, "netIncome": -664931000, "netIncomeRatio": -0.0745417616, "eps": -5.61, "epsdiluted": -5.61, "weightedAverageShsOut": 118561000, "weightedAverageShsOutDil": 118561000, "link": "https://www.sec.gov/Archives/edgar/data/8858/000095015302001634/0000950153-02-001634-index.htm", "finalLink": "https://www.sec.gov/Archives/edgar/data/8858/000095015302001634/p67041e10vk.htm", "calculatedOtherExpenses": 0, "calculatedOperatingExpenses": 1225799000, "calculatedNetInterest": 124583000000, "calculatedOtherIncome": -124700828000, "calculatedIncomeNonControlling": 580495000, "calculatedEbitda": 100894000}, {"date": "2001-06-29", "symbol": "AVT", "reportedCurrency": "USD", "cik": "0000008858", "fillingDate": "2001-09-26", "acceptedDate": "2001-09-26 00:00:00", "calendarYear": "2001", "period": "FY", "revenue": 12814010000, "costOfRevenue": 10948484000, "grossProfit": 1865526000, "grossProfitRatio": 0.1455848716, "researchAndDevelopmentExpenses": 0, "generalAndAdministrativeExpenses": 0, "sellingAndMarketingExpenses": 0, "sellingGeneralAndAdministrativeExpenses": 1611874000, "otherExpenses": 0, "operatingExpenses": 1611874000, "costAndExpenses": 12560358000, "interestIncome": 0, "interestExpense": -191895000, "depreciationAndAmortization": 119398000, "ebitda": 347555000, "ebitdaratio": 0.0271230474, "operatingIncome": 253652000, "operatingIncomeRatio": 0.0197948964, "totalOtherIncomeExpensesNet": 25495000, "incomeBeforeTax": 87252000, "incomeBeforeTaxRatio": 0.0068091097, "incomeTaxExpense": 87155000, "netIncome": 15402000, "netIncomeRatio": 0.0012019657, "eps": 0.13, "epsdiluted": 0.13, "weightedAverageShsOut": 117263000, "weightedAverageShsOutDil": 118815000, "link": "https://www.sec.gov/Archives/edgar/data/8858/000095015301501073/0000950153-01-501073-index.htm", "finalLink": "https://www.sec.gov/Archives/edgar/data/8858/000095015301501073/p65591e10-k405.htm", "calculatedOtherExpenses": 0, "calculatedOperatingExpenses": 1611874000, "calculatedNetInterest": 191895000, "calculatedOtherIncome": -358295000, "calculatedIncomeNonControlling": -15305000, "calculatedEbitda": 373050000}, {"date": "2000-06-30", "symbol": "AVT", "reportedCurrency": "USD", "cik": "0000008858", "fillingDate": "2000-09-27", "acceptedDate": "2000-09-27 00:00:00", "calendarYear": "2000", "period": "FY", "revenue": 9172205000, "costOfRevenue": 7883719000, "grossProfit": 1288486000, "grossProfitRatio": 0.1404772353, "researchAndDevelopmentExpenses": 0, "generalAndAdministrativeExpenses": 0, "sellingAndMarketingExpenses": 0, "sellingGeneralAndAdministrativeExpenses": 954500000, "otherExpenses": 0, "operatingExpenses": 954500000, "costAndExpenses": 8838219000, "interestIncome": 0, "interestExpense": 0, "depreciationAndAmortization": 75561000, "ebitda": 404674000, "ebitdaratio": 0.0441195983, "operatingIncome": 333986000, "operatingIncomeRatio": 0.0364128364, "totalOtherIncomeExpensesNet": 4873000, "incomeBeforeTax": 254531000, "incomeBeforeTaxRatio": 0.027750252, "incomeTaxExpense": 109390000, "netIncome": 145141000, "netIncomeRatio": 0.0158240031, "eps": 1.53, "epsdiluted": 1.51, "weightedAverageShsOut": 106627000, "weightedAverageShsOutDil": 108257000, "link": "https://www.sec.gov/Archives/edgar/data/8858/000095015300001320/0000950153-00-001320-index.htm", "finalLink": "https://www.sec.gov/Archives/edgar/data/8858/000095015300001320/p63813e10-k.htm", "calculatedOtherExpenses": 0, "calculatedOperatingExpenses": 954500000, "calculatedNetInterest": 0, "calculatedOtherIncome": -79455000, "calculatedIncomeNonControlling": 0, "calculatedEbitda": 409547000}, {"date": "1999-07-02", "symbol": "AVT", "reportedCurrency": "USD", "cik": "0000008858", "fillingDate": "1999-09-29", "acceptedDate": "1999-09-29 00:00:00", "calendarYear": "1999", "period": "FY", "revenue": 6350042000, "costOfRevenue": 5401472000, "grossProfit": 948570000, "grossProfitRatio": 0.1493801143, "researchAndDevelopmentExpenses": 0, "generalAndAdministrativeExpenses": 0, "sellingAndMarketingExpenses": 0, "sellingGeneralAndAdministrativeExpenses": 775337000, "otherExpenses": 0, "operatingExpenses": 775337000, "costAndExpenses": 6176809000, "interestIncome": 0, "interestExpense": 0, "depreciationAndAmortization": 52275000, "ebitda": -28646000, "ebitdaratio": -0.0045111513, "operatingIncome": 173233000, "operatingIncomeRatio": 0.027280607, "totalOtherIncomeExpensesNet": 254154000, "incomeBeforeTax": 375291000, "incomeBeforeTaxRatio": 0.059100554, "incomeTaxExpense": 200834000, "netIncome": 174457000, "netIncomeRatio": 0.0274733616, "eps": 2.45, "epsdiluted": 2.43, "weightedAverageShsOut": 71190000, "weightedAverageShsOutDil": 71834000, "link": "https://www.sec.gov/Archives/edgar/data/8858/000095015399001239/0000950153-99-001239-index.html", "finalLink": "https://www.sec.gov/Archives/edgar/data/8858/000095015399001239/0000950153-99-001239-d1.html", "calculatedOtherExpenses": 0, "calculatedOperatingExpenses": 775337000, "calculatedNetInterest": 0, "calculatedOtherIncome": 202058000, "calculatedIncomeNonControlling": 0, "calculatedEbitda": 225508000}, {"date": "1998-06-26", "symbol": "AVT", "reportedCurrency": "USD", "cik": "0000008858", "fillingDate": "1998-09-23", "acceptedDate": "1998-09-23 00:00:00", "calendarYear": "1998", "period": "FY", "revenue": 5916267000, "costOfRevenue": 4935848000, "grossProfit": 980419000, "grossProfitRatio": 0.1657158137, "researchAndDevelopmentExpenses": 0, "generalAndAdministrativeExpenses": 0, "sellingAndMarketingExpenses": 0, "sellingGeneralAndAdministrativeExpenses": 709243000, "otherExpenses": 0, "operatingExpenses": 709243000, "costAndExpenses": 5645091000, "interestIncome": 0, "interestExpense": 0, "depreciationAndAmortization": 50542000, "ebitda": 285560000, "ebitdaratio": 0.0482669224, "operatingIncome": 271176000, "operatingIncomeRatio": 0.0458356595, "totalOtherIncomeExpensesNet": 36158000, "incomeBeforeTax": 267346000, "incomeBeforeTaxRatio": 0.0451882919, "incomeTaxExpense": 115922000, "netIncome": 151424000, "netIncomeRatio": 0.0255945176, "eps": 1.93, "epsdiluted": 1.9, "weightedAverageShsOut": 78750000, "weightedAverageShsOutDil": 79646000, "link": "https://www.sec.gov/Archives/edgar/data/8858/000000885898000011/0000008858-98-000011-index.html", "finalLink": "https://www.sec.gov/Archives/edgar/data/8858/", "calculatedOtherExpenses": 0, "calculatedOperatingExpenses": 709243000, "calculatedNetInterest": 0, "calculatedOtherIncome": -3830000, "calculatedIncomeNonControlling": 0, "calculatedEbitda": 321718000}, {"date": "1997-06-30", "symbol": "AVT", "reportedCurrency": "USD", "cik": "0000008858", "fillingDate": "1997-09-24", "acceptedDate": "1997-09-24 00:00:00", "calendarYear": "1997", "period": "FY", "revenue": 5390626000, "costOfRevenue": 4428779000, "grossProfit": 961847000, "grossProfitRatio": 0.1784295553, "researchAndDevelopmentExpenses": 0, "generalAndAdministrativeExpenses": 0, "sellingAndMarketingExpenses": 0, "sellingGeneralAndAdministrativeExpenses": 634101000, "otherExpenses": 0, "operatingExpenses": 634101000, "costAndExpenses": 5062880000, "interestIncome": 0, "interestExpense": 0, "depreciationAndAmortization": 49398000, "ebitda": 365395000, "ebitdaratio": 0.0677834077, "operatingIncome": 327746000, "operatingIncomeRatio": 0.0607992467, "totalOtherIncomeExpensesNet": 11749000, "incomeBeforeTax": 313419000, "incomeBeforeTaxRatio": 0.0581414849, "incomeTaxExpense": 130656000, "netIncome": 182763000, "netIncomeRatio": 0.0339038546, "eps": 2.13, "epsdiluted": 2.13, "weightedAverageShsOut": 85196000, "weightedAverageShsOutDil": 86098000, "link": "https://www.sec.gov/Archives/edgar/data/8858/000000885897000010/0000008858-97-000010-index.html", "finalLink": "https://www.sec.gov/Archives/edgar/data/8858/", "calculatedOtherExpenses": 0, "calculatedOperatingExpenses": 634101000, "calculatedNetInterest": 0, "calculatedOtherIncome": -14327000, "calculatedIncomeNonControlling": 0, "calculatedEbitda": 377144000}, {"date": "1996-06-28", "symbol": "AVT", "reportedCurrency": "USD", "cik": "0000008858", "fillingDate": "1996-09-19", "acceptedDate": "1996-09-19 00:00:00", "calendarYear": "1996", "period": "FY", "revenue": 5207797000, "costOfRevenue": 4238743000, "grossProfit": 969054000, "grossProfitRatio": 0.1860775295, "researchAndDevelopmentExpenses": 0, "generalAndAdministrativeExpenses": 0, "sellingAndMarketingExpenses": 0, "sellingGeneralAndAdministrativeExpenses": 584319000, "otherExpenses": 35768000, "operatingExpenses": 620087000, "costAndExpenses": 4858830000, "interestIncome": 0, "interestExpense": 0, "depreciationAndAmortization": 43547000, "ebitda": 390526000, "ebitdaratio": 0.074988714, "operatingIncome": 348967000, "operatingIncomeRatio": 0.0670085643, "totalOtherIncomeExpensesNet": 1988000, "incomeBeforeTax": 325039000, "incomeBeforeTaxRatio": 0.0624139151, "incomeTaxExpense": 136783000, "netIncome": 188256000, "netIncomeRatio": 0.0361488745, "eps": 2.16, "epsdiluted": 2.16, "weightedAverageShsOut": 86666000, "weightedAverageShsOutDil": 87420000, "link": "https://www.sec.gov/Archives/edgar/data/8858/000000885896000020/0000008858-96-000020-index.html", "finalLink": "https://www.sec.gov/Archives/edgar/data/8858/", "calculatedOtherExpenses": 35768000, "calculatedOperatingExpenses": 620087000, "calculatedNetInterest": 0, "calculatedOtherIncome": -23928000, "calculatedIncomeNonControlling": 0, "calculatedEbitda": 392514000}, {"date": "1995-06-30", "symbol": "AVT", "reportedCurrency": "USD", "cik": "0000008858", "fillingDate": "1995-09-27", "acceptedDate": "1995-09-27 00:00:00", "calendarYear": "1995", "period": "FY", "revenue": 4300013000, "costOfRevenue": 3483649000, "grossProfit": 816364000, "grossProfitRatio": 0.1898515191, "researchAndDevelopmentExpenses": 0, "generalAndAdministrativeExpenses": 0, "sellingAndMarketingExpenses": 0, "sellingGeneralAndAdministrativeExpenses": 526019000, "otherExpenses": 28862000, "operatingExpenses": 554881000, "costAndExpenses": 4038530000, "interestIncome": 0, "interestExpense": 0, "depreciationAndAmortization": 36863000, "ebitda": 293280000, "ebitdaratio": 0.068204445, "operatingIncome": 261483000, "operatingIncomeRatio": 0.0608098162, "totalOtherIncomeExpensesNet": 5066000, "incomeBeforeTax": 243374000, "incomeBeforeTaxRatio": 0.0565984335, "incomeTaxExpense": 103101000, "netIncome": 140273000, "netIncomeRatio": 0.0326215293, "eps": 1.66, "epsdiluted": 1.66, "weightedAverageShsOut": 86842000, "weightedAverageShsOutDil": 86842000, "link": "https://www.sec.gov/Archives/edgar/data/8858/000000885895000012/0000008858-95-000012-index.html", "finalLink": "https://www.sec.gov/Archives/edgar/data/8858/", "calculatedOtherExpenses": 28862000, "calculatedOperatingExpenses": 554881000, "calculatedNetInterest": 0, "calculatedOtherIncome": -18109000, "calculatedIncomeNonControlling": 0, "calculatedEbitda": 298346000}, {"date": "1994-07-01", "symbol": "AVT", "reportedCurrency": "USD", "cik": "0000008858", "fillingDate": "1994-09-27", "acceptedDate": "1994-09-27 00:00:00", "calendarYear": "1994", "period": "FY", "revenue": 3547700000, "costOfRevenue": 2847000000, "grossProfit": 700700000, "grossProfitRatio": 0.1975082448, "researchAndDevelopmentExpenses": 0, "generalAndAdministrativeExpenses": 0, "sellingAndMarketingExpenses": 0, "sellingGeneralAndAdministrativeExpenses": 481400000, "otherExpenses": 31800000, "operatingExpenses": 513200000, "costAndExpenses": 3360200000, "interestIncome": 0, "interestExpense": 0, "depreciationAndAmortization": 31800000, "ebitda": 237200000, "ebitdaratio": 0.0668602193, "operatingIncome": 187500000, "operatingIncomeRatio": 0.052851143, "totalOtherIncomeExpensesNet": -17900000, "incomeBeforeTax": 154800000, "incomeBeforeTaxRatio": 0.0436339037, "incomeTaxExpense": 66700000, "netIncome": 85300000, "netIncomeRatio": 0.0240437467, "eps": 1.04, "epsdiluted": 1.04, "weightedAverageShsOut": 81694000, "weightedAverageShsOutDil": 81694000, "link": "https://www.sec.gov/Archives/edgar/data/8858/000000885894000019/0000008858-94-000019-index.html", "finalLink": "https://www.sec.gov/Archives/edgar/data/8858/", "calculatedOtherExpenses": 31800000, "calculatedOperatingExpenses": 513200000, "calculatedNetInterest": 0, "calculatedOtherIncome": -32700000, "calculatedIncomeNonControlling": 2800000, "calculatedEbitda": 219300000}, {"date": "1993-06-30", "symbol": "AVT", "reportedCurrency": "USD", "cik": "0000008858", "fillingDate": "1993-06-30", "acceptedDate": "1993-06-29 20:00:00", "calendarYear": "1993", "period": "FY", "revenue": 2238000000, "costOfRevenue": 1728400000, "grossProfit": 509600000, "grossProfitRatio": 0.2277033065, "researchAndDevelopmentExpenses": 0, "generalAndAdministrativeExpenses": 0, "sellingAndMarketingExpenses": 0, "sellingGeneralAndAdministrativeExpenses": 384000000, "otherExpenses": 22800000, "operatingExpenses": 406800000, "costAndExpenses": 2135200000, "interestIncome": 0, "interestExpense": 0, "depreciationAndAmortization": 22800000, "ebitda": 105200000, "ebitdaratio": 0.0470062556, "operatingIncome": 102800000, "operatingIncomeRatio": 0.0459338695, "totalOtherIncomeExpensesNet": 20400000, "incomeBeforeTax": 114200000, "incomeBeforeTaxRatio": 0.0510277033, "incomeTaxExpense": 45100000, "netIncome": 69100000, "netIncomeRatio": 0.0308757819, "eps": 0.96, "epsdiluted": 0.96, "weightedAverageShsOut": 76506000, "weightedAverageShsOutDil": 76506000, "link": "", "finalLink": "", "calculatedOtherExpenses": 22800000, "calculatedOperatingExpenses": 406800000, "calculatedNetInterest": 0, "calculatedOtherIncome": 11400000, "calculatedIncomeNonControlling": 0, "calculatedEbitda": 125600000}, {"date": "1992-06-30", "symbol": "AVT", "reportedCurrency": "USD", "cik": "0000008858", "fillingDate": "1992-06-30", "acceptedDate": "1992-06-29 20:00:00", "calendarYear": "1992", "period": "FY", "revenue": 1759000000, "costOfRevenue": 1326600000, "grossProfit": 432400000, "grossProfitRatio": 0.2458214895, "researchAndDevelopmentExpenses": 0, "generalAndAdministrativeExpenses": 0, "sellingAndMarketingExpenses": 0, "sellingGeneralAndAdministrativeExpenses": 338700000, "otherExpenses": 24000000, "operatingExpenses": 362700000, "costAndExpenses": 1689300000, "interestIncome": 0, "interestExpense": 0, "depreciationAndAmortization": 24000000, "ebitda": 66500000, "ebitdaratio": 0.0378055713, "operatingIncome": 69700000, "operatingIncomeRatio": 0.0396247868, "totalOtherIncomeExpensesNet": 27200000, "incomeBeforeTax": 83400000, "incomeBeforeTaxRatio": 0.047413303, "incomeTaxExpense": 32900000, "netIncome": 50500000, "netIncomeRatio": 0.028709494, "eps": 0.71, "epsdiluted": 0.71, "weightedAverageShsOut": 71126761, "weightedAverageShsOutDil": 71126761, "link": "", "finalLink": "", "calculatedOtherExpenses": 24000000, "calculatedOperatingExpenses": 362700000, "calculatedNetInterest": 0, "calculatedOtherIncome": 13700000, "calculatedIncomeNonControlling": 0, "calculatedEbitda": 93700000}, {"date": "1991-06-30", "symbol": "AVT", "reportedCurrency": "USD", "cik": "0000008858", "fillingDate": "1991-06-30", "acceptedDate": "1991-06-29 20:00:00", "calendarYear": "1991", "period": "FY", "revenue": 1740800000, "costOfRevenue": 1293500000, "grossProfit": 447300000, "grossProfitRatio": 0.2569508272, "researchAndDevelopmentExpenses": 0, "generalAndAdministrativeExpenses": 0, "sellingAndMarketingExpenses": 0, "sellingGeneralAndAdministrativeExpenses": 335900000, "otherExpenses": 24800000, "operatingExpenses": 360700000, "costAndExpenses": 1654200000, "interestIncome": 0, "interestExpense": 0, "depreciationAndAmortization": 24800000, "ebitda": 84800000, "ebitdaratio": 0.0487132353, "operatingIncome": 86600000, "operatingIncomeRatio": 0.0497472426, "totalOtherIncomeExpensesNet": 26600000, "incomeBeforeTax": 100000000, "incomeBeforeTaxRatio": 0.0574448529, "incomeTaxExpense": 38400000, "netIncome": 61600000, "netIncomeRatio": 0.0353860294, "eps": 0.86, "epsdiluted": 0.86, "weightedAverageShsOut": 71627907, "weightedAverageShsOutDil": 71627907, "link": "", "finalLink": "", "calculatedOtherExpenses": 24800000, "calculatedOperatingExpenses": 360700000, "calculatedNetInterest": 0, "calculatedOtherIncome": 13400000, "calculatedIncomeNonControlling": 0, "calculatedEbitda": 111400000}, {"date": "1990-06-30", "symbol": "AVT", "reportedCurrency": "USD", "cik": "0000008858", "fillingDate": "1990-06-30", "acceptedDate": "1990-06-29 20:00:00", "calendarYear": "1990", "period": "FY", "revenue": 1751300000, "costOfRevenue": 1284000000, "grossProfit": 467300000, "grossProfitRatio": 0.2668303546, "researchAndDevelopmentExpenses": 0, "generalAndAdministrativeExpenses": 0, "sellingAndMarketingExpenses": 0, "sellingGeneralAndAdministrativeExpenses": 340900000, "otherExpenses": 28400000, "operatingExpenses": 369300000, "costAndExpenses": 1653300000, "interestIncome": 0, "interestExpense": 0, "depreciationAndAmortization": 28400000, "ebitda": 110500000, "ebitdaratio": 0.0630959858, "operatingIncome": 98000000, "operatingIncomeRatio": 0.0559584309, "totalOtherIncomeExpensesNet": 15900000, "incomeBeforeTax": 98700000, "incomeBeforeTaxRatio": 0.056358134, "incomeTaxExpense": 42200000, "netIncome": 56500000, "netIncomeRatio": 0.0322617484, "eps": 0.79, "epsdiluted": 0.79, "weightedAverageShsOut": 71518987, "weightedAverageShsOutDil": 71518987, "link": "", "finalLink": "", "calculatedOtherExpenses": 28400000, "calculatedOperatingExpenses": 369300000, "calculatedNetInterest": 0, "calculatedOtherIncome": 700000, "calculatedIncomeNonControlling": 0, "calculatedEbitda": 126400000}, {"date": "1989-06-30", "symbol": "AVT", "reportedCurrency": "USD", "cik": "0000008858", "fillingDate": "1989-06-30", "acceptedDate": "1989-06-29 20:00:00", "calendarYear": "1989", "period": "FY", "revenue": 1918700000, "costOfRevenue": 1440900000, "grossProfit": 477800000, "grossProfitRatio": 0.2490227758, "researchAndDevelopmentExpenses": 0, "generalAndAdministrativeExpenses": 0, "sellingAndMarketingExpenses": 0, "sellingGeneralAndAdministrativeExpenses": 359200000, "otherExpenses": 29800000, "operatingExpenses": 389000000, "costAndExpenses": 1829900000, "interestIncome": 0, "interestExpense": 0, "depreciationAndAmortization": 29800000, "ebitda": 103700000, "ebitdaratio": 0.054047011, "operatingIncome": 88800000, "operatingIncomeRatio": 0.0462813363, "totalOtherIncomeExpensesNet": 14900000, "incomeBeforeTax": 87300000, "incomeBeforeTaxRatio": 0.045499557, "incomeTaxExpense": 33300000, "netIncome": 54000000, "netIncomeRatio": 0.0281440559, "eps": 0.76, "epsdiluted": 0.76, "weightedAverageShsOut": 71052632, "weightedAverageShsOutDil": 71052632, "link": "", "finalLink": "", "calculatedOtherExpenses": 29800000, "calculatedOperatingExpenses": 389000000, "calculatedNetInterest": 0, "calculatedOtherIncome": -1500000, "calculatedIncomeNonControlling": 0, "calculatedEbitda": 118600000}, {"date": "1988-06-30", "symbol": "AVT", "reportedCurrency": "USD", "cik": "0000008858", "fillingDate": "1988-06-30", "acceptedDate": "1988-06-29 20:00:00", "calendarYear": "1988", "period": "FY", "revenue": 1817200000, "costOfRevenue": 1350200000, "grossProfit": 467000000, "grossProfitRatio": 0.2569887739, "researchAndDevelopmentExpenses": 0, "generalAndAdministrativeExpenses": 0, "sellingAndMarketingExpenses": 0, "sellingGeneralAndAdministrativeExpenses": 347600000, "otherExpenses": 29200000, "operatingExpenses": 376800000, "costAndExpenses": 1727000000, "interestIncome": 0, "interestExpense": 0, "depreciationAndAmortization": 29200000, "ebitda": 107300000, "ebitdaratio": 0.0590468853, "operatingIncome": 90200000, "operatingIncomeRatio": 0.0496368039, "totalOtherIncomeExpensesNet": 12100000, "incomeBeforeTax": 86300000, "incomeBeforeTaxRatio": 0.0474906449, "incomeTaxExpense": 34100000, "netIncome": 52200000, "netIncomeRatio": 0.0287255118, "eps": 0.73, "epsdiluted": 0.73, "weightedAverageShsOut": 71506849, "weightedAverageShsOutDil": 71506849, "link": "", "finalLink": "", "calculatedOtherExpenses": 29200000, "calculatedOperatingExpenses": 376800000, "calculatedNetInterest": 0, "calculatedOtherIncome": -3900000, "calculatedIncomeNonControlling": 0, "calculatedEbitda": 119400000}, {"date": "1987-06-30", "symbol": "AVT", "reportedCurrency": "USD", "cik": "0000008858", "fillingDate": "1987-06-30", "acceptedDate": "1987-06-29 20:00:00", "calendarYear": "1987", "period": "FY", "revenue": 1539300000, "costOfRevenue": 1136800000, "grossProfit": 402500000, "grossProfitRatio": 0.261482492, "researchAndDevelopmentExpenses": 0, "generalAndAdministrativeExpenses": 0, "sellingAndMarketingExpenses": 0, "sellingGeneralAndAdministrativeExpenses": 325000000, "otherExpenses": 27300000, "operatingExpenses": 352300000, "costAndExpenses": 1489100000, "interestIncome": 0, "interestExpense": 0, "depreciationAndAmortization": 27300000, "ebitda": 69700000, "ebitdaratio": 0.0452803222, "operatingIncome": 50200000, "operatingIncomeRatio": 0.0326122263, "totalOtherIncomeExpensesNet": 7800000, "incomeBeforeTax": 46600000, "incomeBeforeTaxRatio": 0.0302735009, "incomeTaxExpense": 23800000, "netIncome": 22800000, "netIncomeRatio": 0.0148119275, "eps": 0.32, "epsdiluted": 0.32, "weightedAverageShsOut": 71250000, "weightedAverageShsOutDil": 71250000, "link": "", "finalLink": "", "calculatedOtherExpenses": 27300000, "calculatedOperatingExpenses": 352300000, "calculatedNetInterest": 0, "calculatedOtherIncome": -3600000, "calculatedIncomeNonControlling": 0, "calculatedEbitda": 77500000}, {"date": "1986-06-30", "symbol": "AVT", "reportedCurrency": "USD", "cik": "0000008858", "fillingDate": "1986-06-30", "acceptedDate": "1986-06-29 20:00:00", "calendarYear": "1986", "period": "FY", "revenue": 1415600000, "costOfRevenue": 1040500000, "grossProfit": 375100000, "grossProfitRatio": 0.2649759819, "researchAndDevelopmentExpenses": 0, "generalAndAdministrativeExpenses": 0, "sellingAndMarketingExpenses": 0, "sellingGeneralAndAdministrativeExpenses": 309900000, "otherExpenses": 23800000, "operatingExpenses": 333700000, "costAndExpenses": 1374200000, "interestIncome": 0, "interestExpense": 0, "depreciationAndAmortization": 23800000, "ebitda": 54000000, "ebitdaratio": 0.038146369, "operatingIncome": 41400000, "operatingIncomeRatio": 0.0292455496, "totalOtherIncomeExpensesNet": 11200000, "incomeBeforeTax": 42300000, "incomeBeforeTaxRatio": 0.0298813224, "incomeTaxExpense": 18400000, "netIncome": 23900000, "netIncomeRatio": 0.0168833004, "eps": 0.34, "epsdiluted": 0.34, "weightedAverageShsOut": 70294118, "weightedAverageShsOutDil": 70294118, "link": "", "finalLink": "", "calculatedOtherExpenses": 23800000, "calculatedOperatingExpenses": 333700000, "calculatedNetInterest": 0, "calculatedOtherIncome": 900000, "calculatedIncomeNonControlling": 0, "calculatedEbitda": 65200000}]}