{"originalCurrency": "USD", "convertedCurrency": "USD", "report": [{"date": "2023-12-31", "symbol": "AVTR", "reportedCurrency": "USD", "cik": "0001722482", "fillingDate": "2024-02-14", "acceptedDate": "2024-02-14 07:09:38", "calendarYear": "2023", "period": "FY", "revenue": 6967200000, "costOfRevenue": 4603400000, "grossProfit": 2363800000, "grossProfitRatio": 0.3392754622, "researchAndDevelopmentExpenses": 0, "generalAndAdministrativeExpenses": 0, "sellingAndMarketingExpenses": 0, "sellingGeneralAndAdministrativeExpenses": 1506600000, "otherExpenses": 2700000, "operatingExpenses": 1506600000, "costAndExpenses": 6110000000, "interestIncome": 0, "interestExpense": 284800000, "depreciationAndAmortization": 402300000, "ebitda": 1262200000, "ebitdaratio": 0.1811631645, "operatingIncome": 696400000, "operatingIncomeRatio": 0.0999540705, "totalOtherIncomeExpensesNet": -161900000, "incomeBeforeTax": 410500000, "incomeBeforeTaxRatio": 0.0589189344, "incomeTaxExpense": 89400000, "netIncome": 321100000, "netIncomeRatio": 0.0460873809, "eps": 0.48, "epsdiluted": 0.47, "weightedAverageShsOut": 675600000, "weightedAverageShsOutDil": 678400000, "link": "https://www.sec.gov/Archives/edgar/data/1722482/000172248224000012/0001722482-24-000012-index.htm", "finalLink": "https://www.sec.gov/Archives/edgar/data/1722482/000172248224000012/avtr-20231231.htm", "calculatedOtherExpenses": 160800000, "calculatedOperatingExpenses": 1667400000, "calculatedNetInterest": -284800000, "calculatedOtherIncome": -1100000, "calculatedIncomeNonControlling": 0, "calculatedEbitda": 1098700000}, {"date": "2022-12-31", "symbol": "AVTR", "reportedCurrency": "USD", "cik": "0001722482", "fillingDate": "2023-02-14", "acceptedDate": "2023-02-14 16:08:19", "calendarYear": "2022", "period": "FY", "revenue": 7512400000, "costOfRevenue": 4909600000, "grossProfit": 2602800000, "grossProfitRatio": 0.3464671743, "researchAndDevelopmentExpenses": 0, "generalAndAdministrativeExpenses": 0, "sellingAndMarketingExpenses": 0, "sellingGeneralAndAdministrativeExpenses": 1472600000, "otherExpenses": -800000, "operatingExpenses": 1472600000, "costAndExpenses": 6382200000, "interestIncome": 265800000, "interestExpense": 265800000, "depreciationAndAmortization": 404700000, "ebitda": 1534900000, "ebitdaratio": 0.2043155317, "operatingIncome": 1130200000, "operatingIncomeRatio": 0.1504445983, "totalOtherIncomeExpensesNet": -279100000, "incomeBeforeTax": 851100000, "incomeBeforeTaxRatio": 0.1132926894, "incomeTaxExpense": 164600000, "netIncome": 686500000, "netIncomeRatio": 0.091382248, "eps": 1.02, "epsdiluted": 1.01, "weightedAverageShsOut": 650900000, "weightedAverageShsOutDil": 679400000, "link": "https://www.sec.gov/Archives/edgar/data/1722482/000172248223000040/0001722482-23-000040-index.htm", "finalLink": "https://www.sec.gov/Archives/edgar/data/1722482/000172248223000040/avtr-20221231.htm", "calculatedOtherExpenses": 0, "calculatedOperatingExpenses": 1472600000, "calculatedNetInterest": 0, "calculatedOtherIncome": -279100000, "calculatedIncomeNonControlling": 0, "calculatedEbitda": 1534900000}, {"date": "2021-12-31", "symbol": "AVTR", "reportedCurrency": "USD", "cik": "0001722482", "fillingDate": "2022-02-11", "acceptedDate": "2022-02-11 16:28:18", "calendarYear": "2021", "period": "FY", "revenue": 7386100000, "costOfRevenue": 4883400000, "grossProfit": 2502700000, "grossProfitRatio": 0.3388391709, "researchAndDevelopmentExpenses": 0, "generalAndAdministrativeExpenses": 0, "sellingAndMarketingExpenses": 0, "sellingGeneralAndAdministrativeExpenses": 1530500000, "otherExpenses": 10600000, "operatingExpenses": 1530500000, "costAndExpenses": 6413900000, "interestIncome": 229300000, "interestExpense": 217400000, "depreciationAndAmortization": 389800000, "ebitda": 1362000000, "ebitdaratio": 0.1844004278, "operatingIncome": 972200000, "operatingIncomeRatio": 0.1316256211, "totalOtherIncomeExpensesNet": -219200000, "incomeBeforeTax": 753000000, "incomeBeforeTaxRatio": 0.1019482542, "incomeTaxExpense": 180400000, "netIncome": 572600000, "netIncomeRatio": 0.0775239978, "eps": 0.86, "epsdiluted": 0.85, "weightedAverageShsOut": 590500000, "weightedAverageShsOutDil": 599600000, "link": "https://www.sec.gov/Archives/edgar/data/1722482/000172248222000030/0001722482-22-000030-index.htm", "finalLink": "https://www.sec.gov/Archives/edgar/data/1722482/000172248222000030/avtr-20211231.htm", "calculatedOtherExpenses": 0, "calculatedOperatingExpenses": 1530500000, "calculatedNetInterest": 11900000, "calculatedOtherIncome": -231100000, "calculatedIncomeNonControlling": 0, "calculatedEbitda": 1362000000}, {"date": "2020-12-31", "symbol": "AVTR", "reportedCurrency": "USD", "cik": "0001722482", "fillingDate": "2021-02-16", "acceptedDate": "2021-02-16 06:48:01", "calendarYear": "2020", "period": "FY", "revenue": 6393600000, "costOfRevenue": 4313100000, "grossProfit": 2080500000, "grossProfitRatio": 0.3254035285, "researchAndDevelopmentExpenses": 0, "generalAndAdministrativeExpenses": 1373700000, "sellingAndMarketingExpenses": 0, "sellingGeneralAndAdministrativeExpenses": 1373700000, "otherExpenses": 9900000, "operatingExpenses": 1373700000, "costAndExpenses": 5686800000, "interestIncome": 307600000, "interestExpense": 307600000, "depreciationAndAmortization": 405300000, "ebitda": 1112100000, "ebitdaratio": 0.1739395646, "operatingIncome": 706800000, "operatingIncomeRatio": 0.110548048, "totalOtherIncomeExpensesNet": -644500000, "incomeBeforeTax": 62300000, "incomeBeforeTaxRatio": 0.0097441191, "incomeTaxExpense": -54300000, "netIncome": 116600000, "netIncomeRatio": 0.018236987, "eps": 0.2, "epsdiluted": 0.2, "weightedAverageShsOut": 576300000, "weightedAverageShsOutDil": 583400000, "link": "https://www.sec.gov/Archives/edgar/data/1722482/000172248221000040/0001722482-21-000040-index.htm", "finalLink": "https://www.sec.gov/Archives/edgar/data/1722482/000172248221000040/avtr-20201231.htm", "calculatedOtherExpenses": 0, "calculatedOperatingExpenses": 1373700000, "calculatedNetInterest": 0, "calculatedOtherIncome": -644500000, "calculatedIncomeNonControlling": 0, "calculatedEbitda": 1112100000}, {"date": "2019-12-31", "symbol": "AVTR", "reportedCurrency": "USD", "cik": "0001722482", "fillingDate": "2020-02-14", "acceptedDate": "2020-02-14 09:13:46", "calendarYear": "2019", "period": "FY", "revenue": 6040300000, "costOfRevenue": 4119600000, "grossProfit": 1920700000, "grossProfitRatio": 0.317980895, "researchAndDevelopmentExpenses": 0, "generalAndAdministrativeExpenses": 1368900000, "sellingAndMarketingExpenses": 0, "sellingGeneralAndAdministrativeExpenses": 1368900000, "otherExpenses": 2500000, "operatingExpenses": 1368900000, "costAndExpenses": 5488500000, "interestIncome": 440000000, "interestExpense": 440000000, "depreciationAndAmortization": 401400000, "ebitda": 953200000, "ebitdaratio": 0.1578067315, "operatingIncome": 551800000, "operatingIncomeRatio": 0.0913530785, "totalOtherIncomeExpensesNet": -511200000, "incomeBeforeTax": 40600000, "incomeBeforeTaxRatio": 0.0067215205, "incomeTaxExpense": 2800000, "netIncome": 37800000, "netIncomeRatio": 0.0062579673, "eps": -0.84, "epsdiluted": -0.84, "weightedAverageShsOut": 401200000, "weightedAverageShsOutDil": 401200000, "link": "https://www.sec.gov/Archives/edgar/data/1722482/000172248220000029/0001722482-20-000029-index.htm", "finalLink": "https://www.sec.gov/Archives/edgar/data/1722482/000172248220000029/a2019q4annualreport.htm", "calculatedOtherExpenses": 0, "calculatedOperatingExpenses": 1368900000, "calculatedNetInterest": 0, "calculatedOtherIncome": -511200000, "calculatedIncomeNonControlling": 0, "calculatedEbitda": 953200000}, {"date": "2018-12-31", "symbol": "AVTR", "reportedCurrency": "USD", "cik": "0001722482", "fillingDate": "2018-12-31", "acceptedDate": "2018-12-31 00:00:00", "calendarYear": "2018", "period": "FY", "revenue": 5864300000, "costOfRevenue": 4044500000, "grossProfit": 1819800000, "grossProfitRatio": 0.3103183671, "researchAndDevelopmentExpenses": 0, "generalAndAdministrativeExpenses": 1406300000, "sellingAndMarketingExpenses": 0, "sellingGeneralAndAdministrativeExpenses": 1406300000, "otherExpenses": 3000000, "operatingExpenses": 1406300000, "costAndExpenses": 5450800000, "interestIncome": 0, "interestExpense": 523800000, "depreciationAndAmortization": 404600000, "ebitda": 821100000, "ebitdaratio": 0.1400167113, "operatingIncome": 413500000, "operatingIncomeRatio": 0.0705113995, "totalOtherIncomeExpensesNet": -3500000, "incomeBeforeTax": -113800000, "incomeBeforeTaxRatio": -0.0194055557, "incomeTaxExpense": -26900000, "netIncome": -86900000, "netIncomeRatio": -0.0148184779, "eps": -0.18, "epsdiluted": -0.18, "weightedAverageShsOut": 496500000, "weightedAverageShsOutDil": 496500000, "link": null, "finalLink": null, "calculatedOtherExpenses": 0, "calculatedOperatingExpenses": 1406300000, "calculatedNetInterest": -523800000, "calculatedOtherIncome": -3500000, "calculatedIncomeNonControlling": 0, "calculatedEbitda": 818100000}, {"date": "2017-12-31", "symbol": "AVTR", "reportedCurrency": "USD", "cik": "0001722482", "fillingDate": "2017-12-31", "acceptedDate": "2017-12-31 00:00:00", "calendarYear": "2017", "period": "FY", "revenue": 1247400000, "costOfRevenue": 814600000, "grossProfit": 432800000, "grossProfitRatio": 0.3469616803, "researchAndDevelopmentExpenses": 0, "generalAndAdministrativeExpenses": 643200000, "sellingAndMarketingExpenses": 0, "sellingGeneralAndAdministrativeExpenses": 643200000, "otherExpenses": 3400000, "operatingExpenses": 643200000, "costAndExpenses": 1457800000, "interestIncome": 0, "interestExpense": 200900000, "depreciationAndAmortization": 99200000, "ebitda": -107800000, "ebitdaratio": -0.0864197531, "operatingIncome": -210400000, "operatingIncomeRatio": -0.1686708353, "totalOtherIncomeExpensesNet": -48900000, "incomeBeforeTax": -460200000, "incomeBeforeTaxRatio": -0.3689273689, "incomeTaxExpense": -314900000, "netIncome": -112700000, "netIncomeRatio": -0.0903479237, "eps": -0.23, "epsdiluted": -0.23, "weightedAverageShsOut": 496500000, "weightedAverageShsOutDil": 496500000, "link": null, "finalLink": null, "calculatedOtherExpenses": 0, "calculatedOperatingExpenses": 643200000, "calculatedNetInterest": -200900000, "calculatedOtherIncome": -48900000, "calculatedIncomeNonControlling": -32600000, "calculatedEbitda": -111200000}, {"date": "2016-12-31", "symbol": "AVTR", "reportedCurrency": "USD", "cik": "0001722482", "fillingDate": "2016-12-31", "acceptedDate": "2016-12-31 00:00:00", "calendarYear": "2016", "period": "FY", "revenue": 691300000, "costOfRevenue": 371600000, "grossProfit": 319700000, "grossProfitRatio": 0.4624620281, "researchAndDevelopmentExpenses": 0, "generalAndAdministrativeExpenses": 309800000, "sellingAndMarketingExpenses": 0, "sellingGeneralAndAdministrativeExpenses": 309800000, "otherExpenses": 200000, "operatingExpenses": 309800000, "costAndExpenses": 681400000, "interestIncome": 0, "interestExpense": 80300000, "depreciationAndAmortization": 60300000, "ebitda": 70400000, "ebitdaratio": 0.1018371185, "operatingIncome": 9900000, "operatingIncomeRatio": 0.0143208448, "totalOtherIncomeExpensesNet": -200000, "incomeBeforeTax": -70600000, "incomeBeforeTaxRatio": -0.1021264285, "incomeTaxExpense": 10100000, "netIncome": -42400000, "netIncomeRatio": -0.0613337191, "eps": -0.0863, "epsdiluted": -0.0863, "weightedAverageShsOut": 491300000, "weightedAverageShsOutDil": 491300000, "link": null, "finalLink": null, "calculatedOtherExpenses": 0, "calculatedOperatingExpenses": 309800000, "calculatedNetInterest": -80300000, "calculatedOtherIncome": -200000, "calculatedIncomeNonControlling": -38300000, "calculatedEbitda": 70200000}, {"date": "2001-12-31", "symbol": "AVTR", "reportedCurrency": "USD", "cik": "0001722482", "fillingDate": "2023-02-03", "acceptedDate": "2023-02-03 06:28:03", "calendarYear": "2001", "period": "FY", "revenue": 4909600000, "costOfRevenue": 2306800000, "grossProfit": 2602800000, "grossProfitRatio": 0.530145022, "researchAndDevelopmentExpenses": 0, "generalAndAdministrativeExpenses": 0, "sellingAndMarketingExpenses": 0, "sellingGeneralAndAdministrativeExpenses": 1472600000, "otherExpenses": 0, "operatingExpenses": 1472600000, "costAndExpenses": 3779400000, "interestIncome": 0, "interestExpense": -265800000, "depreciationAndAmortization": 0, "ebitda": 1130200000, "ebitdaratio": 0.2302020531, "operatingIncome": 1130200000, "operatingIncomeRatio": 0.2302020531, "totalOtherIncomeExpensesNet": -279100000, "incomeBeforeTax": 851100000, "incomeBeforeTaxRatio": 0.1733542447, "incomeTaxExpense": -164600000, "netIncome": 686500000, "netIncomeRatio": 0.1398280919, "eps": 1.05, "epsdiluted": 1.01, "weightedAverageShsOut": 650900000, "weightedAverageShsOutDil": 679400000, "link": "https://www.sec.gov/Archives/edgar/data/1722482/000172248223000028/0001722482-23-000028-index.htm", "finalLink": "https://www.sec.gov/Archives/edgar/data/1722482/000172248223000028/a2022q4earningsreleaseex991.htm", "calculatedOtherExpenses": 0, "calculatedOperatingExpenses": 1472600000, "calculatedNetInterest": 265800000, "calculatedOtherIncome": -544900000, "calculatedIncomeNonControlling": 329200000, "calculatedEbitda": 1130200000}]}