{"originalCurrency": "USD", "convertedCurrency": "USD", "report": [{"date": "2023-12-31", "symbol": "AWI", "reportedCurrency": "USD", "cik": "0000007431", "fillingDate": "2024-02-20", "acceptedDate": "2024-02-20 07:01:03", "calendarYear": "2023", "period": "FY", "revenue": 1295200000, "costOfRevenue": 798200000, "grossProfit": 497000000, "grossProfitRatio": 0.3837245213, "researchAndDevelopmentExpenses": 3924000, "generalAndAdministrativeExpenses": 256600000, "sellingAndMarketingExpenses": 2376000, "sellingGeneralAndAdministrativeExpenses": 258976000, "otherExpenses": 400000, "operatingExpenses": 262500000, "costAndExpenses": 1060700000, "interestIncome": 3500000, "interestExpense": 46800000, "depreciationAndAmortization": 89200000, "ebitda": 323700000, "ebitdaratio": 0.2499227918, "operatingIncome": 234500000, "operatingIncomeRatio": 0.1810531192, "totalOtherIncomeExpensesNet": 63800000, "incomeBeforeTax": 298300000, "incomeBeforeTaxRatio": 0.2303119209, "incomeTaxExpense": 74500000, "netIncome": 223800000, "netIncomeRatio": 0.1727918468, "eps": 5, "epsdiluted": 4.99, "weightedAverageShsOut": 44700000, "weightedAverageShsOutDil": 44800000, "link": "https://www.sec.gov/Archives/edgar/data/7431/000095017024016792/0000950170-24-016792-index.htm", "finalLink": "https://www.sec.gov/Archives/edgar/data/7431/000095017024016792/awi-20231231.htm", "calculatedOtherExpenses": -400000, "calculatedOperatingExpenses": 262500000, "calculatedNetInterest": -43300000, "calculatedOtherIncome": 107100000, "calculatedIncomeNonControlling": 0, "calculatedEbitda": 323700000}, {"date": "2022-12-31", "symbol": "AWI", "reportedCurrency": "USD", "cik": "0000007431", "fillingDate": "2023-02-21", "acceptedDate": "2023-02-21 07:04:42", "calendarYear": "2022", "period": "FY", "revenue": 1233100000, "costOfRevenue": 784000000, "grossProfit": 449100000, "grossProfitRatio": 0.3642040386, "researchAndDevelopmentExpenses": 4195000, "generalAndAdministrativeExpenses": 231700000, "sellingAndMarketingExpenses": 5300000, "sellingGeneralAndAdministrativeExpenses": 237000000, "otherExpenses": 6000000, "operatingExpenses": 237000000, "costAndExpenses": 1021000000, "interestIncome": 500000, "interestExpense": 27100000, "depreciationAndAmortization": 83700000, "ebitda": 295700000, "ebitdaratio": 0.2398021247, "operatingIncome": 212000000, "operatingIncomeRatio": 0.1719244181, "totalOtherIncomeExpensesNet": 45600000, "incomeBeforeTax": 257600000, "incomeBeforeTaxRatio": 0.2089043873, "incomeTaxExpense": 57700000, "netIncome": 202900000, "netIncomeRatio": 0.1645446436, "eps": 4.31, "epsdiluted": 4.3, "weightedAverageShsOut": 46300000, "weightedAverageShsOutDil": 46400000, "link": "https://www.sec.gov/Archives/edgar/data/7431/000095017023003298/0000950170-23-003298-index.htm", "finalLink": "https://www.sec.gov/Archives/edgar/data/7431/000095017023003298/awi-20221231.htm", "calculatedOtherExpenses": -4095000, "calculatedOperatingExpenses": 237100000, "calculatedNetInterest": -26600000, "calculatedOtherIncome": 72200000, "calculatedIncomeNonControlling": -3000000, "calculatedEbitda": 295700000}, {"date": "2021-12-31", "symbol": "AWI", "reportedCurrency": "USD", "cik": "0000007431", "fillingDate": "2022-02-22", "acceptedDate": "2022-02-22 07:29:25", "calendarYear": "2021", "period": "FY", "revenue": 1106600000, "costOfRevenue": 701000000, "grossProfit": 405600000, "grossProfitRatio": 0.3665281041, "researchAndDevelopmentExpenses": 14600000, "generalAndAdministrativeExpenses": 232100000, "sellingAndMarketingExpenses": 5300000, "sellingGeneralAndAdministrativeExpenses": 237400000, "otherExpenses": 5600000, "operatingExpenses": 237400000, "costAndExpenses": 938400000, "interestIncome": 100000, "interestExpense": 22900000, "depreciationAndAmortization": 96500000, "ebitda": 261500000, "ebitdaratio": 0.2363094162, "operatingIncome": 165000000, "operatingIncomeRatio": 0.1491053678, "totalOtherIncomeExpensesNet": 77700000, "incomeBeforeTax": 242700000, "incomeBeforeTaxRatio": 0.219320441, "incomeTaxExpense": 57400000, "netIncome": 183200000, "netIncomeRatio": 0.1655521417, "eps": 3.84, "epsdiluted": 3.82, "weightedAverageShsOut": 47600000, "weightedAverageShsOutDil": 47900000, "link": "https://www.sec.gov/Archives/edgar/data/7431/000095017022001531/0000950170-22-001531-index.htm", "finalLink": "https://www.sec.gov/Archives/edgar/data/7431/000095017022001531/awi-20211231.htm", "calculatedOtherExpenses": -11400000, "calculatedOperatingExpenses": 240600000, "calculatedNetInterest": -22800000, "calculatedOtherIncome": 100500000, "calculatedIncomeNonControlling": 2100000, "calculatedEbitda": 261500000}, {"date": "2020-12-31", "symbol": "AWI", "reportedCurrency": "USD", "cik": "0000007431", "fillingDate": "2021-02-23", "acceptedDate": "2021-02-23 07:36:41", "calendarYear": "2020", "period": "FY", "revenue": 936900000, "costOfRevenue": 603800000, "grossProfit": 333100000, "grossProfitRatio": 0.3555342086, "researchAndDevelopmentExpenses": 14700000, "generalAndAdministrativeExpenses": 0, "sellingAndMarketingExpenses": 0, "sellingGeneralAndAdministrativeExpenses": 163300000, "otherExpenses": -357400000, "operatingExpenses": 163300000, "costAndExpenses": 767100000, "interestIncome": 300000, "interestExpense": 24100000, "depreciationAndAmortization": -293400000, "ebitda": -123600000, "ebitdaratio": -0.1319244316, "operatingIncome": 169800000, "operatingIncomeRatio": 0.181235991, "totalOtherIncomeExpensesNet": -296500000, "incomeBeforeTax": -126700000, "incomeBeforeTaxRatio": -0.1352332159, "incomeTaxExpense": -42600000, "netIncome": -84100000, "netIncomeRatio": -0.0897641157, "eps": -1.76, "epsdiluted": -1.76, "weightedAverageShsOut": 47900000, "weightedAverageShsOutDil": 47900000, "link": "https://www.sec.gov/Archives/edgar/data/7431/000156459021007297/0001564590-21-007297-index.htm", "finalLink": "https://www.sec.gov/Archives/edgar/data/7431/000156459021007297/awi-10k_20201231.htm", "calculatedOtherExpenses": -14700000, "calculatedOperatingExpenses": 163300000, "calculatedNetInterest": -23800000, "calculatedOtherIncome": -272700000, "calculatedIncomeNonControlling": 0, "calculatedEbitda": -123600000}, {"date": "2019-12-31", "symbol": "AWI", "reportedCurrency": "USD", "cik": "0000007431", "fillingDate": "2020-02-25", "acceptedDate": "2020-02-25 07:56:45", "calendarYear": "2019", "period": "FY", "revenue": 1038100000, "costOfRevenue": 643000000, "grossProfit": 395100000, "grossProfitRatio": 0.3805991716, "researchAndDevelopmentExpenses": 14800000, "generalAndAdministrativeExpenses": 0, "sellingAndMarketingExpenses": 0, "sellingGeneralAndAdministrativeExpenses": 174300000, "otherExpenses": 20400000, "operatingExpenses": 174300000, "costAndExpenses": 817300000, "interestIncome": 3200000, "interestExpense": 38400000, "depreciationAndAmortization": 20400000, "ebitda": 337800000, "ebitdaratio": 0.3254021771, "operatingIncome": 317400000, "operatingIncomeRatio": 0.3057508911, "totalOtherIncomeExpensesNet": -18000000, "incomeBeforeTax": 299400000, "incomeBeforeTaxRatio": 0.288411521, "incomeTaxExpense": 57100000, "netIncome": 214500000, "netIncomeRatio": 0.2066274925, "eps": 4.93, "epsdiluted": 4.85, "weightedAverageShsOut": 48700000, "weightedAverageShsOutDil": 49500000, "link": "https://www.sec.gov/Archives/edgar/data/7431/000156459020006193/0001564590-20-006193-index.htm", "finalLink": "https://www.sec.gov/Archives/edgar/data/7431/000156459020006193/awi-10k_20191231.htm", "calculatedOtherExpenses": -111400000, "calculatedOperatingExpenses": 77700000, "calculatedNetInterest": -35200000, "calculatedOtherIncome": 17200000, "calculatedIncomeNonControlling": 27800000, "calculatedEbitda": 337800000}, {"date": "2018-12-31", "symbol": "AWI", "reportedCurrency": "USD", "cik": "0000007431", "fillingDate": "2019-02-25", "acceptedDate": "2019-02-25 07:02:35", "calendarYear": "2018", "period": "FY", "revenue": 975300000, "costOfRevenue": 641800000, "grossProfit": 333500000, "grossProfitRatio": 0.3419460679, "researchAndDevelopmentExpenses": 16300000, "generalAndAdministrativeExpenses": 0, "sellingAndMarketingExpenses": 0, "sellingGeneralAndAdministrativeExpenses": 159000000, "otherExpenses": 32500000, "operatingExpenses": 159000000, "costAndExpenses": 800800000, "interestIncome": 4300000, "interestExpense": 39200000, "depreciationAndAmortization": 79400000, "ebitda": 281900000, "ebitdaratio": 0.28903927, "operatingIncome": 249400000, "operatingIncomeRatio": 0.2557161899, "totalOtherIncomeExpensesNet": 107400000, "incomeBeforeTax": 242700000, "incomeBeforeTaxRatio": 0.2488465088, "incomeTaxExpense": 53100000, "netIncome": 185900000, "netIncomeRatio": 0.190608018, "eps": 3.62, "epsdiluted": 3.57, "weightedAverageShsOut": 51300000, "weightedAverageShsOutDil": 52100000, "link": "https://www.sec.gov/Archives/edgar/data/7431/000156459019003978/0001564590-19-003978-index.htm", "finalLink": "https://www.sec.gov/Archives/edgar/data/7431/000156459019003978/awi-10k_20181231.htm", "calculatedOtherExpenses": -91200000, "calculatedOperatingExpenses": 84100000, "calculatedNetInterest": -34900000, "calculatedOtherIncome": 28200000, "calculatedIncomeNonControlling": 3700000, "calculatedEbitda": 328800000}, {"date": "2017-12-31", "symbol": "AWI", "reportedCurrency": "USD", "cik": "0000007431", "fillingDate": "2018-02-26", "acceptedDate": "2018-02-26 08:17:40", "calendarYear": "2017", "period": "FY", "revenue": 893600000, "costOfRevenue": 569800000, "grossProfit": 323800000, "grossProfitRatio": 0.362354521, "researchAndDevelopmentExpenses": 17400000, "generalAndAdministrativeExpenses": 0, "sellingAndMarketingExpenses": 0, "sellingGeneralAndAdministrativeExpenses": 135700000, "otherExpenses": 2400000, "operatingExpenses": 135700000, "costAndExpenses": 705500000, "interestIncome": 0, "interestExpense": 35400000, "depreciationAndAmortization": 89200000, "ebitda": 346700000, "ebitdaratio": 0.3879811996, "operatingIncome": 255100000, "operatingIncomeRatio": 0.2854744852, "totalOtherIncomeExpensesNet": 69400000, "incomeBeforeTax": 222100000, "incomeBeforeTaxRatio": 0.2485452104, "incomeTaxExpense": 1500000, "netIncome": 154800000, "netIncomeRatio": 0.1732318711, "eps": 2.23, "epsdiluted": 2.21, "weightedAverageShsOut": 53300000, "weightedAverageShsOutDil": 53900000, "link": "https://www.sec.gov/Archives/edgar/data/7431/000156459018003128/0001564590-18-003128-index.htm", "finalLink": "https://www.sec.gov/Archives/edgar/data/7431/000156459018003128/awi-10k_20171231.htm", "calculatedOtherExpenses": -84400000, "calculatedOperatingExpenses": 68700000, "calculatedNetInterest": -35400000, "calculatedOtherIncome": 2400000, "calculatedIncomeNonControlling": 65800000, "calculatedEbitda": 344300000}, {"date": "2016-12-31", "symbol": "AWI", "reportedCurrency": "USD", "cik": "0000007431", "fillingDate": "2017-02-27", "acceptedDate": "2017-02-27 09:02:54", "calendarYear": "2016", "period": "FY", "revenue": 1234500000, "costOfRevenue": 863300000, "grossProfit": 371200000, "grossProfitRatio": 0.3006885379, "researchAndDevelopmentExpenses": 17800000, "generalAndAdministrativeExpenses": 0, "sellingAndMarketingExpenses": 0, "sellingGeneralAndAdministrativeExpenses": 225200000, "otherExpenses": 9500000, "operatingExpenses": 225200000, "costAndExpenses": 1088500000, "interestIncome": 2600000, "interestExpense": 49800000, "depreciationAndAmortization": 89200000, "ebitda": 228600000, "ebitdaratio": 0.1851761847, "operatingIncome": 184600000, "operatingIncomeRatio": 0.1495342244, "totalOtherIncomeExpensesNet": 48100000, "incomeBeforeTax": 144300000, "incomeBeforeTaxRatio": 0.1168894289, "incomeTaxExpense": 50400000, "netIncome": 104700000, "netIncomeRatio": 0.0848116646, "eps": 1.88, "epsdiluted": 1.87, "weightedAverageShsOut": 55400000, "weightedAverageShsOutDil": 55700000, "link": "https://www.sec.gov/Archives/edgar/data/7431/000156459017002497/0001564590-17-002497-index.htm", "finalLink": "https://www.sec.gov/Archives/edgar/data/7431/000156459017002497/awi-10k_20161231.htm", "calculatedOtherExpenses": -56400000, "calculatedOperatingExpenses": 186600000, "calculatedNetInterest": -47200000, "calculatedOtherIncome": 6900000, "calculatedIncomeNonControlling": -10800000, "calculatedEbitda": 273800000}, {"date": "2015-12-31", "symbol": "AWI", "reportedCurrency": "USD", "cik": "0000007431", "fillingDate": "2016-02-22", "acceptedDate": "2016-02-22 08:15:38", "calendarYear": "2015", "period": "FY", "revenue": 2420000000, "costOfRevenue": 1817200000, "grossProfit": 602800000, "grossProfitRatio": 0.2490909091, "researchAndDevelopmentExpenses": 19700000, "generalAndAdministrativeExpenses": 0, "sellingAndMarketingExpenses": 0, "sellingGeneralAndAdministrativeExpenses": 447200000, "otherExpenses": -18200000, "operatingExpenses": 447200000, "costAndExpenses": 2264400000, "interestIncome": 2200000, "interestExpense": 45300000, "depreciationAndAmortization": 118300000, "ebitda": 203500000, "ebitdaratio": 0.0840909091, "operatingIncome": 187400000, "operatingIncomeRatio": 0.0774380165, "totalOtherIncomeExpensesNet": 13600000, "incomeBeforeTax": 123900000, "incomeBeforeTaxRatio": 0.0511983471, "incomeTaxExpense": 71300000, "netIncome": 94200000, "netIncomeRatio": 0.0389256198, "eps": 1.69, "epsdiluted": 1.68, "weightedAverageShsOut": 55500000, "weightedAverageShsOutDil": 55900000, "link": "https://www.sec.gov/Archives/edgar/data/7431/000119312516470804/0001193125-16-470804-index.htm", "finalLink": "https://www.sec.gov/Archives/edgar/data/7431/000119312516470804/d132411d10k.htm", "calculatedOtherExpenses": -51500000, "calculatedOperatingExpenses": 415400000, "calculatedNetInterest": -43100000, "calculatedOtherIncome": -20400000, "calculatedIncomeNonControlling": -41600000, "calculatedEbitda": 305700000}, {"date": "2014-12-31", "symbol": "AWI", "reportedCurrency": "USD", "cik": "0000007431", "fillingDate": "2015-02-23", "acceptedDate": "2015-02-23 08:19:44", "calendarYear": "2014", "period": "FY", "revenue": 2515300000, "costOfRevenue": 1932000000, "grossProfit": 583300000, "grossProfitRatio": 0.2319007673, "researchAndDevelopmentExpenses": 19800000, "generalAndAdministrativeExpenses": 0, "sellingAndMarketingExpenses": 0, "sellingGeneralAndAdministrativeExpenses": 398500000, "otherExpenses": -7900000, "operatingExpenses": 398500000, "costAndExpenses": 2330500000, "interestIncome": 2500000, "interestExpense": 46000000, "depreciationAndAmortization": 129400000, "ebitda": 242000000, "ebitdaratio": 0.0962111875, "operatingIncome": 239100000, "operatingIncomeRatio": 0.0950582435, "totalOtherIncomeExpensesNet": 46400000, "incomeBeforeTax": 185200000, "incomeBeforeTaxRatio": 0.0736293881, "incomeTaxExpense": 83200000, "netIncome": 63800000, "netIncomeRatio": 0.0253647676, "eps": 1.15, "epsdiluted": 1.14, "weightedAverageShsOut": 55000000, "weightedAverageShsOutDil": 55400000, "link": "https://www.sec.gov/Archives/edgar/data/7431/000119312515057190/0001193125-15-057190-index.htm", "finalLink": "https://www.sec.gov/Archives/edgar/data/7431/000119312515057190/d875160d10k.htm", "calculatedOtherExpenses": -74100000, "calculatedOperatingExpenses": 344200000, "calculatedNetInterest": -43500000, "calculatedOtherIncome": -10400000, "calculatedIncomeNonControlling": 38200000, "calculatedEbitda": 368500000}, {"date": "2013-12-31", "symbol": "AWI", "reportedCurrency": "USD", "cik": "0000007431", "fillingDate": "2014-02-24", "acceptedDate": "2014-02-24 07:44:37", "calendarYear": "2013", "period": "FY", "revenue": 2719900000, "costOfRevenue": 2097200000, "grossProfit": 622700000, "grossProfitRatio": 0.2289422405, "researchAndDevelopmentExpenses": 29300000, "generalAndAdministrativeExpenses": 431500000, "sellingAndMarketingExpenses": 12200000, "sellingGeneralAndAdministrativeExpenses": 443700000, "otherExpenses": 2100000, "operatingExpenses": 443700000, "costAndExpenses": 2540900000, "interestIncome": 3200000, "interestExpense": 68800000, "depreciationAndAmortization": 109000000, "ebitda": 240500000, "ebitdaratio": 0.0884223685, "operatingIncome": 238600000, "operatingIncomeRatio": 0.0877238134, "totalOtherIncomeExpensesNet": 61700000, "incomeBeforeTax": 171900000, "incomeBeforeTaxRatio": 0.063200853, "incomeTaxExpense": 71400000, "netIncome": 100500000, "netIncomeRatio": 0.0369498879, "eps": 1.62, "epsdiluted": 1.6, "weightedAverageShsOut": 57800000, "weightedAverageShsOutDil": 58400000, "link": "https://www.sec.gov/Archives/edgar/data/7431/000119312514063795/0001193125-14-063795-index.htm", "finalLink": "https://www.sec.gov/Archives/edgar/data/7431/000119312514063795/d678176d10k.htm", "calculatedOtherExpenses": -88900000, "calculatedOperatingExpenses": 384100000, "calculatedNetInterest": -65600000, "calculatedOtherIncome": -1100000, "calculatedIncomeNonControlling": 0, "calculatedEbitda": 347600000}, {"date": "2012-12-31", "symbol": "AWI", "reportedCurrency": "USD", "cik": "0000007431", "fillingDate": "2013-02-27", "acceptedDate": "2013-02-27 07:54:36", "calendarYear": "2012", "period": "FY", "revenue": 2618900000, "costOfRevenue": 1985700000, "grossProfit": 633200000, "grossProfitRatio": 0.2417809004, "researchAndDevelopmentExpenses": 27400000, "generalAndAdministrativeExpenses": 406300000, "sellingAndMarketingExpenses": 12000000, "sellingGeneralAndAdministrativeExpenses": 418300000, "otherExpenses": 3000000, "operatingExpenses": 418300000, "costAndExpenses": 2404000000, "interestIncome": 3100000, "interestExpense": 53700000, "depreciationAndAmortization": 112700000, "ebitda": 273800000, "ebitdaratio": 0.1045477109, "operatingIncome": 271200000, "operatingIncomeRatio": 0.1035549276, "totalOtherIncomeExpensesNet": 59300000, "incomeBeforeTax": 220500000, "incomeBeforeTaxRatio": 0.0841956547, "incomeTaxExpense": 76100000, "netIncome": 131300000, "netIncomeRatio": 0.0501355531, "eps": 2.21, "epsdiluted": 2.19, "weightedAverageShsOut": 58900000, "weightedAverageShsOutDil": 59500000, "link": "https://www.sec.gov/Archives/edgar/data/7431/000119312513078379/0001193125-13-078379-index.htm", "finalLink": "https://www.sec.gov/Archives/edgar/data/7431/000119312513078379/d491316d10k.htm", "calculatedOtherExpenses": -83700000, "calculatedOperatingExpenses": 362000000, "calculatedNetInterest": -50600000, "calculatedOtherIncome": -100000, "calculatedIncomeNonControlling": 13100000, "calculatedEbitda": 383900000}, {"date": "2011-12-31", "symbol": "AWI", "reportedCurrency": "USD", "cik": "0000007431", "fillingDate": "2012-02-27", "acceptedDate": "2012-02-27 08:31:20", "calendarYear": "2011", "period": "FY", "revenue": 2859500000, "costOfRevenue": 2187900000, "grossProfit": 671600000, "grossProfitRatio": 0.2348662354, "researchAndDevelopmentExpenses": 0, "generalAndAdministrativeExpenses": 0, "sellingAndMarketingExpenses": 0, "sellingGeneralAndAdministrativeExpenses": 478300000, "otherExpenses": -54900000, "operatingExpenses": 423400000, "costAndExpenses": 2611300000, "interestIncome": 0, "interestExpense": 48500000, "depreciationAndAmortization": 113800000, "ebitda": 362000000, "ebitdaratio": 0.1265955587, "operatingIncome": 239200000, "operatingIncomeRatio": 0.0836509879, "totalOtherIncomeExpensesNet": -6600000, "incomeBeforeTax": 193100000, "incomeBeforeTaxRatio": 0.0675292883, "incomeTaxExpense": 80700000, "netIncome": 112400000, "netIncomeRatio": 0.0393075713, "eps": 1.91, "epsdiluted": 1.9, "weightedAverageShsOut": 58300000, "weightedAverageShsOutDil": 58800000, "link": "https://www.sec.gov/Archives/edgar/data/7431/000119312512079973/0001193125-12-079973-index.htm", "finalLink": "https://www.sec.gov/Archives/edgar/data/7431/000119312512079973/d303581d10k.htm", "calculatedOtherExpenses": -45900000, "calculatedOperatingExpenses": 432400000, "calculatedNetInterest": -48500000, "calculatedOtherIncome": 2400000, "calculatedIncomeNonControlling": 0, "calculatedEbitda": 353000000}, {"date": "2010-12-31", "symbol": "AWI", "reportedCurrency": "USD", "cik": "0000007431", "fillingDate": "2011-02-28", "acceptedDate": "2011-02-28 07:21:11", "calendarYear": "2010", "period": "FY", "revenue": 2766400000, "costOfRevenue": 2154600000, "grossProfit": 611800000, "grossProfitRatio": 0.2211538462, "researchAndDevelopmentExpenses": 0, "generalAndAdministrativeExpenses": 0, "sellingAndMarketingExpenses": 0, "sellingGeneralAndAdministrativeExpenses": 531300000, "otherExpenses": -45000000, "operatingExpenses": 486300000, "costAndExpenses": 2640900000, "interestIncome": 0, "interestExpense": 21200000, "depreciationAndAmortization": 143300000, "ebitda": 268800000, "ebitdaratio": 0.0971659919, "operatingIncome": 81100000, "operatingIncomeRatio": 0.0293160787, "totalOtherIncomeExpensesNet": -37600000, "incomeBeforeTax": 66700000, "incomeBeforeTaxRatio": 0.0241107577, "incomeTaxExpense": 55700000, "netIncome": 11000000, "netIncomeRatio": 0.0039762869, "eps": 0.19, "epsdiluted": 0.19, "weightedAverageShsOut": 57700000, "weightedAverageShsOutDil": 58200000, "link": "https://www.sec.gov/Archives/edgar/data/7431/000095012311019272/0000950123-11-019272-index.htm", "finalLink": "https://www.sec.gov/Archives/edgar/data/7431/000095012311019272/c13129e10vk.htm", "calculatedOtherExpenses": -600000, "calculatedOperatingExpenses": 530700000, "calculatedNetInterest": -21200000, "calculatedOtherIncome": 6800000, "calculatedIncomeNonControlling": 0, "calculatedEbitda": 224400000}, {"date": "2009-12-31", "symbol": "AWI", "reportedCurrency": "USD", "cik": "0000007431", "fillingDate": "2010-02-26", "acceptedDate": "2010-02-26 16:54:21", "calendarYear": "2009", "period": "FY", "revenue": 2780000000, "costOfRevenue": 2159000000, "grossProfit": 621000000, "grossProfitRatio": 0.223381295, "researchAndDevelopmentExpenses": 0, "generalAndAdministrativeExpenses": 0, "sellingAndMarketingExpenses": 0, "sellingGeneralAndAdministrativeExpenses": 552400000, "otherExpenses": -40000000, "operatingExpenses": 512400000, "costAndExpenses": 2671400000, "interestIncome": 0, "interestExpense": 17700000, "depreciationAndAmortization": 146800000, "ebitda": 255400000, "ebitdaratio": 0.0918705036, "operatingIncome": 90600000, "operatingIncomeRatio": 0.0325899281, "totalOtherIncomeExpensesNet": -15700000, "incomeBeforeTax": 75200000, "incomeBeforeTaxRatio": 0.0270503597, "incomeTaxExpense": -2500000, "netIncome": 77700000, "netIncomeRatio": 0.0279496403, "eps": 1.36, "epsdiluted": 1.36, "weightedAverageShsOut": 56800000, "weightedAverageShsOutDil": 57000000, "link": "https://www.sec.gov/Archives/edgar/data/7431/000095012310018254/0000950123-10-018254-index.htm", "finalLink": "https://www.sec.gov/Archives/edgar/data/7431/000095012310018254/c96514e10vk.htm", "calculatedOtherExpenses": -22000000, "calculatedOperatingExpenses": 530400000, "calculatedNetInterest": -17700000, "calculatedOtherIncome": 2300000, "calculatedIncomeNonControlling": 0, "calculatedEbitda": 237400000}, {"date": "2008-12-31", "symbol": "AWI", "reportedCurrency": "USD", "cik": "0000007431", "fillingDate": "2009-02-26", "acceptedDate": "2009-02-26 10:26:39", "calendarYear": "2008", "period": "FY", "revenue": 3393000000, "costOfRevenue": 2632000000, "grossProfit": 761000000, "grossProfitRatio": 0.2242852933, "researchAndDevelopmentExpenses": 0, "generalAndAdministrativeExpenses": 0, "sellingAndMarketingExpenses": 0, "sellingGeneralAndAdministrativeExpenses": 579900000, "otherExpenses": -56000000, "operatingExpenses": 523900000, "costAndExpenses": 3155900000, "interestIncome": 0, "interestExpense": 30800000, "depreciationAndAmortization": 149800000, "ebitda": 386900000, "ebitdaratio": 0.114028883, "operatingIncome": 210900000, "operatingIncomeRatio": 0.0621573828, "totalOtherIncomeExpensesNet": -16900000, "incomeBeforeTax": 189400000, "incomeBeforeTaxRatio": 0.0558208075, "incomeTaxExpense": 109000000, "netIncome": 81000000, "netIncomeRatio": 0.023872679, "eps": 1.42, "epsdiluted": 1.42, "weightedAverageShsOut": 56400000, "weightedAverageShsOutDil": 56400000, "link": "https://www.sec.gov/Archives/edgar/data/7431/000136231009002802/0001362310-09-002802-index.htm", "finalLink": "https://www.sec.gov/Archives/edgar/data/7431/000136231009002802/c81568e10vk.htm", "calculatedOtherExpenses": -29800000, "calculatedOperatingExpenses": 550100000, "calculatedNetInterest": -30800000, "calculatedOtherIncome": 9300000, "calculatedIncomeNonControlling": -600000, "calculatedEbitda": 360700000}, {"date": "2007-12-31", "symbol": "AWI", "reportedCurrency": "USD", "cik": "0000007431", "fillingDate": "2008-02-29", "acceptedDate": "2008-02-29 08:02:32", "calendarYear": "2007", "period": "FY", "revenue": 3549700000, "costOfRevenue": 2685300000, "grossProfit": 864400000, "grossProfitRatio": 0.2435135364, "researchAndDevelopmentExpenses": 0, "generalAndAdministrativeExpenses": 0, "sellingAndMarketingExpenses": 0, "sellingGeneralAndAdministrativeExpenses": 613500000, "otherExpenses": -45300000, "operatingExpenses": 568200000, "costAndExpenses": 3253500000, "interestIncome": 0, "interestExpense": 55000000, "depreciationAndAmortization": 137800000, "ebitda": 416700000, "ebitdaratio": 0.117390202, "operatingIncome": 296700000, "operatingIncomeRatio": 0.0835845283, "totalOtherIncomeExpensesNet": 63300000, "incomeBeforeTax": 259200000, "incomeBeforeTaxRatio": 0.0730202552, "incomeTaxExpense": 106400000, "netIncome": 145300000, "netIncomeRatio": 0.0409330366, "eps": 2.59, "epsdiluted": 2.56, "weightedAverageShsOut": 56000000, "weightedAverageShsOutDil": 56700000, "link": "https://www.sec.gov/Archives/edgar/data/7431/000119312508042694/0001193125-08-042694-index.htm", "finalLink": "https://www.sec.gov/Archives/edgar/data/7431/000119312508042694/d10k.htm", "calculatedOtherExpenses": -45800000, "calculatedOperatingExpenses": 567700000, "calculatedNetInterest": -55000000, "calculatedOtherIncome": 17500000, "calculatedIncomeNonControlling": 7500000, "calculatedEbitda": 434500000}, {"date": "2006-12-31", "symbol": "AWI", "reportedCurrency": "USD", "cik": "0000007431", "fillingDate": "2007-03-30", "acceptedDate": "2007-03-30 16:34:04", "calendarYear": "2006", "period": "FY", "revenue": 817300000, "costOfRevenue": 660400000, "grossProfit": 156900000, "grossProfitRatio": 0.1919735715, "researchAndDevelopmentExpenses": 0, "generalAndAdministrativeExpenses": 0, "sellingAndMarketingExpenses": 0, "sellingGeneralAndAdministrativeExpenses": 144000000, "otherExpenses": -5300000, "operatingExpenses": 138700000, "costAndExpenses": 799100000, "interestIncome": 0, "interestExpense": 0, "depreciationAndAmortization": 32200000, "ebitda": 48100000, "ebitdaratio": 0.0588523186, "operatingIncome": 16500000, "operatingIncomeRatio": 0.0201884253, "totalOtherIncomeExpensesNet": 7600000, "incomeBeforeTax": 7100000, "incomeBeforeTaxRatio": 0.0086871406, "incomeTaxExpense": 3800000, "netIncome": 2200000, "netIncomeRatio": 0.00269179, "eps": 24.69, "epsdiluted": 24.55, "weightedAverageShsOut": 55000000, "weightedAverageShsOutDil": 55300000, "link": "https://www.sec.gov/Archives/edgar/data/7431/000119312507070590/0001193125-07-070590-index.htm", "finalLink": "https://www.sec.gov/Archives/edgar/data/7431/000119312507070590/d10k.htm", "calculatedOtherExpenses": -3600000, "calculatedOperatingExpenses": 140400000, "calculatedNetInterest": 0, "calculatedOtherIncome": -9400000, "calculatedIncomeNonControlling": 1100000, "calculatedEbitda": 48700000}, {"date": "2005-12-31", "symbol": "AWI", "reportedCurrency": "USD", "cik": "0000007431", "fillingDate": "2006-02-24", "acceptedDate": "2006-02-24 08:58:27", "calendarYear": "2005", "period": "FY", "revenue": 3558400000, "costOfRevenue": 2821100000, "grossProfit": 737300000, "grossProfitRatio": 0.2071998651, "researchAndDevelopmentExpenses": 0, "generalAndAdministrativeExpenses": 0, "sellingAndMarketingExpenses": 0, "sellingGeneralAndAdministrativeExpenses": 654300000, "otherExpenses": -39300000, "operatingExpenses": 615000000, "costAndExpenses": 3436100000, "interestIncome": 0, "interestExpense": 8500000, "depreciationAndAmortization": 141000000, "ebitda": 286700000, "ebitdaratio": 0.0805699191, "operatingIncome": 99100000, "operatingIncomeRatio": 0.0278495953, "totalOtherIncomeExpensesNet": 15900000, "incomeBeforeTax": 102300000, "incomeBeforeTaxRatio": 0.0287488759, "incomeTaxExpense": 1600000, "netIncome": 111100000, "netIncomeRatio": 0.0312218975, "eps": 2.77, "epsdiluted": 2.75, "weightedAverageShsOut": 40500000, "weightedAverageShsOutDil": 40700000, "link": "https://www.sec.gov/Archives/edgar/data/7431/000119312506038254/0001193125-06-038254-index.htm", "finalLink": "https://www.sec.gov/Archives/edgar/data/7431/000119312506038254/d10k.htm", "calculatedOtherExpenses": -16100000, "calculatedOperatingExpenses": 638200000, "calculatedNetInterest": -8500000, "calculatedOtherIncome": 11700000, "calculatedIncomeNonControlling": -10400000, "calculatedEbitda": 240100000}, {"date": "2004-12-31", "symbol": "AWI", "reportedCurrency": "USD", "cik": "0000007431", "fillingDate": "2005-03-30", "acceptedDate": "2005-03-30 16:16:44", "calendarYear": "2004", "period": "FY", "revenue": 3497300000, "costOfRevenue": 2811000000, "grossProfit": 686300000, "grossProfitRatio": 0.1962370972, "researchAndDevelopmentExpenses": 0, "generalAndAdministrativeExpenses": 0, "sellingAndMarketingExpenses": 0, "sellingGeneralAndAdministrativeExpenses": 633400000, "otherExpenses": 65100000, "operatingExpenses": 698500000, "costAndExpenses": 3509500000, "interestIncome": 0, "interestExpense": 8400000, "depreciationAndAmortization": 151000000, "ebitda": 273900000, "ebitdaratio": 0.0783175593, "operatingIncome": -42200000, "operatingIncomeRatio": -0.0120664513, "totalOtherIncomeExpensesNet": -103500000, "incomeBeforeTax": -54200000, "incomeBeforeTaxRatio": -0.0154976696, "incomeTaxExpense": 25100000, "netIncome": -79700000, "netIncomeRatio": -0.0227890087, "eps": -1.97, "epsdiluted": -1.96, "weightedAverageShsOut": 40500000, "weightedAverageShsOutDil": 40700000, "link": "https://www.sec.gov/Archives/edgar/data/7431/000119312505065072/0001193125-05-065072-index.htm", "finalLink": "https://www.sec.gov/Archives/edgar/data/7431/000119312505065072/d10k.htm", "calculatedOtherExpenses": 95100000, "calculatedOperatingExpenses": 728500000, "calculatedNetInterest": -8400000, "calculatedOtherIncome": -3600000, "calculatedIncomeNonControlling": 400000, "calculatedEbitda": 108800000}, {"date": "2003-12-31", "symbol": "AWI", "reportedCurrency": "USD", "cik": "0000007431", "fillingDate": "2004-03-04", "acceptedDate": "2004-03-04 16:12:47", "calendarYear": "2003", "period": "FY", "revenue": 3259000000, "costOfRevenue": 2597400000, "grossProfit": 661600000, "grossProfitRatio": 0.2030070574, "researchAndDevelopmentExpenses": 0, "generalAndAdministrativeExpenses": 0, "sellingAndMarketingExpenses": 0, "sellingGeneralAndAdministrativeExpenses": 603100000, "otherExpenses": 50900000, "operatingExpenses": 654000000, "costAndExpenses": 3251400000, "interestIncome": 0, "interestExpense": 10300000, "depreciationAndAmortization": 173600000, "ebitda": 291100000, "ebitdaratio": 0.0893218779, "operatingIncome": -10400000, "operatingIncomeRatio": -0.0031911629, "totalOtherIncomeExpensesNet": -89200000, "incomeBeforeTax": -41000000, "incomeBeforeTaxRatio": -0.0125805462, "incomeTaxExpense": -1700000, "netIncome": -39300000, "netIncomeRatio": -0.0120589138, "eps": -0.97, "epsdiluted": -0.97, "weightedAverageShsOut": 40485740, "weightedAverageShsOutDil": 40485740, "link": "https://www.sec.gov/Archives/edgar/data/7431/000119312504034633/0001193125-04-034633-index.htm", "finalLink": "https://www.sec.gov/Archives/edgar/data/7431/000119312504034633/d10k.htm", "calculatedOtherExpenses": 68900000, "calculatedOperatingExpenses": 672000000, "calculatedNetInterest": -10300000, "calculatedOtherIncome": -20300000, "calculatedIncomeNonControlling": 0, "calculatedEbitda": 163200000}, {"date": "2002-12-31", "symbol": "AWI", "reportedCurrency": "USD", "cik": "0000007431", "fillingDate": "2003-03-19", "acceptedDate": "2003-03-18 17:59:20", "calendarYear": "2002", "period": "FY", "revenue": 3172300000, "costOfRevenue": 2404500000, "grossProfit": 767800000, "grossProfitRatio": 0.2420325946, "researchAndDevelopmentExpenses": 0, "generalAndAdministrativeExpenses": 0, "sellingAndMarketingExpenses": 0, "sellingGeneralAndAdministrativeExpenses": 624900000, "otherExpenses": 1900000, "operatingExpenses": 626800000, "costAndExpenses": 3031300000, "interestIncome": 0, "interestExpense": 0, "depreciationAndAmortization": 2476100000, "ebitda": 138800000, "ebitdaratio": 0.0437537433, "operatingIncome": -2337300000, "operatingIncomeRatio": -0.7367840368, "totalOtherIncomeExpensesNet": 2200000, "incomeBeforeTax": -2376800000, "incomeBeforeTaxRatio": -0.7492355704, "incomeTaxExpense": -827800000, "netIncome": -2142800000, "netIncomeRatio": -0.675472055, "eps": -52.91, "epsdiluted": -52.65, "weightedAverageShsOut": 40500000, "weightedAverageShsOutDil": 40700000, "link": "https://www.sec.gov/Archives/edgar/data/7431/000095010903001451/0000950109-03-001451-index.htm", "finalLink": "https://www.sec.gov/Archives/edgar/data/7431/000095010903001451/d10k.txt", "calculatedOtherExpenses": 2480200000, "calculatedOperatingExpenses": 3105100000, "calculatedNetInterest": 0, "calculatedOtherIncome": -39500000, "calculatedIncomeNonControlling": 593800000, "calculatedEbitda": 138800000}, {"date": "2001-12-31", "symbol": "AWI", "reportedCurrency": "USD", "cik": "0000007431", "fillingDate": "2002-03-08", "acceptedDate": "2002-03-08 00:00:00", "calendarYear": "2001", "period": "FY", "revenue": 3135400000, "costOfRevenue": 2361800000, "grossProfit": 773600000, "grossProfitRatio": 0.2467308796, "researchAndDevelopmentExpenses": 0, "generalAndAdministrativeExpenses": 0, "sellingAndMarketingExpenses": 0, "sellingGeneralAndAdministrativeExpenses": 596200000, "otherExpenses": 31800000, "operatingExpenses": 628000000, "costAndExpenses": 2989800000, "interestIncome": 0, "interestExpense": 0, "depreciationAndAmortization": 22800000, "ebitda": 169600000, "ebitdaratio": 0.0540919819, "operatingIncome": 140100000, "operatingIncomeRatio": 0.044683294, "totalOtherIncomeExpensesNet": -1200000, "incomeBeforeTax": 115700000, "incomeBeforeTaxRatio": 0.0369011928, "incomeTaxExpense": 42500000, "netIncome": 92800000, "netIncomeRatio": 0.0295974995, "eps": 2.29, "epsdiluted": 2.27, "weightedAverageShsOut": 40500000, "weightedAverageShsOutDil": 40800000, "link": "https://www.sec.gov/Archives/edgar/data/7431/000095010902001211/0000950109-02-001211-index.htm", "finalLink": "https://www.sec.gov/Archives/edgar/data/7431/000095010902001211/d10k.txt", "calculatedOtherExpenses": 37300000, "calculatedOperatingExpenses": 633500000, "calculatedNetInterest": 0, "calculatedOtherIncome": -24400000, "calculatedIncomeNonControlling": -19600000, "calculatedEbitda": 162900000}, {"date": "2000-12-30", "symbol": "AWI", "reportedCurrency": "USD", "cik": "0000007431", "fillingDate": "2001-03-29", "acceptedDate": "2001-03-29 00:00:00", "calendarYear": "2000", "period": "FY", "revenue": 3003800000, "costOfRevenue": 2197700000, "grossProfit": 806100000, "grossProfitRatio": 0.2683600772, "researchAndDevelopmentExpenses": 0, "generalAndAdministrativeExpenses": 0, "sellingAndMarketingExpenses": 0, "sellingGeneralAndAdministrativeExpenses": 546300000, "otherExpenses": 41900000, "operatingExpenses": 588200000, "costAndExpenses": 2785900000, "interestIncome": 0, "interestExpense": 0, "depreciationAndAmortization": 23900000, "ebitda": 316400000, "ebitdaratio": 0.1053332446, "operatingIncome": -100000, "operatingIncomeRatio": -3.32912e-05, "totalOtherIncomeExpensesNet": -74600000, "incomeBeforeTax": -130400000, "incomeBeforeTaxRatio": -0.0434116785, "incomeTaxExpense": -41400000, "netIncome": 12200000, "netIncomeRatio": 0.0040615221, "eps": 0.3, "epsdiluted": 0.3, "weightedAverageShsOut": 40200000, "weightedAverageShsOutDil": 40500000, "link": "https://www.sec.gov/Archives/edgar/data/7431/000095010901000791/0000950109-01-000791-index.htm", "finalLink": "https://www.sec.gov/Archives/edgar/data/7431/000095010901000791/0000950109-01-000791-0001.txt", "calculatedOtherExpenses": 259900000, "calculatedOperatingExpenses": 806200000, "calculatedNetInterest": 0, "calculatedOtherIncome": -130300000, "calculatedIncomeNonControlling": -101200000, "calculatedEbitda": 23800000}, {"date": "1999-12-31", "symbol": "AWI", "reportedCurrency": "USD", "cik": "0000007431", "fillingDate": "2000-03-15", "acceptedDate": "2000-03-15 00:00:00", "calendarYear": "1999", "period": "FY", "revenue": 3443800000, "costOfRevenue": 2290300000, "grossProfit": 1153500000, "grossProfitRatio": 0.3349497648, "researchAndDevelopmentExpenses": 0, "generalAndAdministrativeExpenses": 0, "sellingAndMarketingExpenses": 0, "sellingGeneralAndAdministrativeExpenses": 683000000, "otherExpenses": 26900000, "operatingExpenses": 709900000, "costAndExpenses": 3000200000, "interestIncome": 0, "interestExpense": 0, "depreciationAndAmortization": 169200000, "ebitda": 619400000, "ebitdaratio": 0.1798594576, "operatingIncome": 127800000, "operatingIncomeRatio": 0.037110169, "totalOtherIncomeExpensesNet": -6600000, "incomeBeforeTax": 29200000, "incomeBeforeTaxRatio": 0.0084790057, "incomeTaxExpense": 14900000, "netIncome": 14300000, "netIncomeRatio": 0.0041523898, "eps": 0.36, "epsdiluted": 0.36, "weightedAverageShsOut": 39900000, "weightedAverageShsOutDil": 40200000, "link": "https://www.sec.gov/Archives/edgar/data/7431/000095010900000964/0000950109-00-000964-index.html", "finalLink": "https://www.sec.gov/Archives/edgar/data/7431/000095010900000964/", "calculatedOtherExpenses": 342700000, "calculatedOperatingExpenses": 1025700000, "calculatedNetInterest": 0, "calculatedOtherIncome": -98600000, "calculatedIncomeNonControlling": 0, "calculatedEbitda": 297000000}, {"date": "1998-12-31", "symbol": "AWI", "reportedCurrency": "USD", "cik": "0000007431", "fillingDate": "1999-03-16", "acceptedDate": "1999-03-16 00:00:00", "calendarYear": "1998", "period": "FY", "revenue": 2746200000, "costOfRevenue": 1838600000, "grossProfit": 907600000, "grossProfitRatio": 0.3304930449, "researchAndDevelopmentExpenses": 0, "generalAndAdministrativeExpenses": 0, "sellingAndMarketingExpenses": 0, "sellingGeneralAndAdministrativeExpenses": 522000000, "otherExpenses": 85300000, "operatingExpenses": 607300000, "costAndExpenses": 2445900000, "interestIncome": 0, "interestExpense": 0, "depreciationAndAmortization": 142700000, "ebitda": 444700000, "ebitdaratio": 0.1619328527, "operatingIncome": 39900000, "operatingIncomeRatio": 0.0145291676, "totalOtherIncomeExpensesNet": -1700000, "incomeBeforeTax": -20600000, "incomeBeforeTaxRatio": -0.0075012745, "incomeTaxExpense": -11300000, "netIncome": -9300000, "netIncomeRatio": -0.0033864977, "eps": -0.23, "epsdiluted": -0.23, "weightedAverageShsOut": 40434783, "weightedAverageShsOutDil": 40434783, "link": "https://www.sec.gov/Archives/edgar/data/7431/000095010999000856/0000950109-99-000856-index.html", "finalLink": "https://www.sec.gov/Archives/edgar/data/7431/", "calculatedOtherExpenses": 345700000, "calculatedOperatingExpenses": 867700000, "calculatedNetInterest": 0, "calculatedOtherIncome": -60500000, "calculatedIncomeNonControlling": 0, "calculatedEbitda": 182600000}, {"date": "1997-12-31", "symbol": "AWI", "reportedCurrency": "USD", "cik": "0000007431", "fillingDate": "1998-03-24", "acceptedDate": "1998-03-24 00:00:00", "calendarYear": "1997", "period": "FY", "revenue": 2198700000, "costOfRevenue": 1461700000, "grossProfit": 737000000, "grossProfitRatio": 0.3351980716, "researchAndDevelopmentExpenses": 0, "generalAndAdministrativeExpenses": 0, "sellingAndMarketingExpenses": 0, "sellingGeneralAndAdministrativeExpenses": 385300000, "otherExpenses": 0, "operatingExpenses": 385300000, "costAndExpenses": 1847000000, "interestIncome": 0, "interestExpense": 0, "depreciationAndAmortization": 31900000, "ebitda": 353900000, "ebitdaratio": 0.1609587484, "operatingIncome": 322000000, "operatingIncomeRatio": 0.1464501751, "totalOtherIncomeExpensesNet": -2200000, "incomeBeforeTax": 296200000, "incomeBeforeTaxRatio": 0.1347159685, "incomeTaxExpense": 111200000, "netIncome": 185000000, "netIncomeRatio": 0.0841406286, "eps": 4.55, "epsdiluted": 4.5, "weightedAverageShsOut": 40659341, "weightedAverageShsOutDil": 41111111, "link": "https://www.sec.gov/Archives/edgar/data/7431/000095010998002026/0000950109-98-002026-index.html", "finalLink": "https://www.sec.gov/Archives/edgar/data/7431/", "calculatedOtherExpenses": 29700000, "calculatedOperatingExpenses": 415000000, "calculatedNetInterest": 0, "calculatedOtherIncome": -25800000, "calculatedIncomeNonControlling": 0, "calculatedEbitda": 353900000}, {"date": "1996-12-31", "symbol": "AWI", "reportedCurrency": "USD", "cik": "0000007431", "fillingDate": "1997-03-26", "acceptedDate": "1997-03-26 00:00:00", "calendarYear": "1996", "period": "FY", "revenue": 2156400000, "costOfRevenue": 1459900000, "grossProfit": 696500000, "grossProfitRatio": 0.3229920237, "researchAndDevelopmentExpenses": 0, "generalAndAdministrativeExpenses": 0, "sellingAndMarketingExpenses": 0, "sellingGeneralAndAdministrativeExpenses": 413200000, "otherExpenses": 0, "operatingExpenses": 413200000, "costAndExpenses": 1873100000, "interestIncome": 0, "interestExpense": 0, "depreciationAndAmortization": 80800000, "ebitda": 336700000, "ebitdaratio": 0.1561398627, "operatingIncome": 255900000, "operatingIncomeRatio": 0.1186700056, "totalOtherIncomeExpensesNet": -53400000, "incomeBeforeTax": 240200000, "incomeBeforeTaxRatio": 0.1113893526, "incomeTaxExpense": 75400000, "netIncome": 155900000, "netIncomeRatio": 0.07229642, "eps": 3.84, "epsdiluted": 3.83, "weightedAverageShsOut": 40600000, "weightedAverageShsOutDil": 40700000, "link": "https://www.sec.gov/Archives/edgar/data/7431/000095010997002461/0000950109-97-002461-index.html", "finalLink": "https://www.sec.gov/Archives/edgar/data/7431/", "calculatedOtherExpenses": 27400000, "calculatedOperatingExpenses": 440600000, "calculatedNetInterest": 0, "calculatedOtherIncome": -15700000, "calculatedIncomeNonControlling": 8900000, "calculatedEbitda": 336700000}, {"date": "1995-12-31", "symbol": "AWI", "reportedCurrency": "USD", "cik": "0000007431", "fillingDate": "1996-03-28", "acceptedDate": "1996-03-28 00:00:00", "calendarYear": "1995", "period": "FY", "revenue": 2084900000, "costOfRevenue": 1409700000, "grossProfit": 675200000, "grossProfitRatio": 0.3238524629, "researchAndDevelopmentExpenses": 0, "generalAndAdministrativeExpenses": 0, "sellingAndMarketingExpenses": 0, "sellingGeneralAndAdministrativeExpenses": 397100000, "otherExpenses": 0, "operatingExpenses": 397100000, "costAndExpenses": 1806800000, "interestIncome": 0, "interestExpense": 0, "depreciationAndAmortization": 303900000, "ebitda": 348000000, "ebitdaratio": 0.1669144803, "operatingIncome": 44100000, "operatingIncomeRatio": 0.0211520936, "totalOtherIncomeExpensesNet": -69900000, "incomeBeforeTax": 8200000, "incomeBeforeTaxRatio": 0.0039330424, "incomeTaxExpense": -5400000, "netIncome": 123300000, "netIncomeRatio": 0.0591395271, "eps": 2.9, "epsdiluted": 2.67, "weightedAverageShsOut": 37586207, "weightedAverageShsOutDil": 40823970, "link": "https://www.sec.gov/Archives/edgar/data/7431/000095010996001813/0000950109-96-001813-index.html", "finalLink": "https://www.sec.gov/Archives/edgar/data/7431/", "calculatedOtherExpenses": 234000000, "calculatedOperatingExpenses": 631100000, "calculatedNetInterest": 0, "calculatedOtherIncome": -35900000, "calculatedIncomeNonControlling": -109700000, "calculatedEbitda": 348000000}, {"date": "1994-12-31", "symbol": "AWI", "reportedCurrency": "USD", "cik": "0000007431", "fillingDate": "1995-03-28", "acceptedDate": "1995-03-28 00:00:00", "calendarYear": "1994", "period": "FY", "revenue": 2752700000, "costOfRevenue": 1904700000, "grossProfit": 848000000, "grossProfitRatio": 0.3080611763, "researchAndDevelopmentExpenses": 0, "generalAndAdministrativeExpenses": 0, "sellingAndMarketingExpenses": 0, "sellingGeneralAndAdministrativeExpenses": 514800000, "otherExpenses": 0, "operatingExpenses": 514800000, "costAndExpenses": 2419500000, "interestIncome": 0, "interestExpense": 0, "depreciationAndAmortization": 133400000, "ebitda": 466200000, "ebitdaratio": 0.169360991, "operatingIncome": 333200000, "operatingIncomeRatio": 0.1210447924, "totalOtherIncomeExpensesNet": 400000, "incomeBeforeTax": 304500000, "incomeBeforeTaxRatio": 0.1106186653, "incomeTaxExpense": 94100000, "netIncome": 210400000, "netIncomeRatio": 0.0764340466, "eps": 5.22, "epsdiluted": 4.64, "weightedAverageShsOut": 37605364, "weightedAverageShsOutDil": 42306034, "link": "https://www.sec.gov/Archives/edgar/data/7431/000095010995000919/0000950109-95-000919-index.html", "finalLink": "https://www.sec.gov/Archives/edgar/data/7431/", "calculatedOtherExpenses": 0, "calculatedOperatingExpenses": 514800000, "calculatedNetInterest": 0, "calculatedOtherIncome": -28700000, "calculatedIncomeNonControlling": 0, "calculatedEbitda": 466600000}, {"date": "1993-12-31", "symbol": "AWI", "reportedCurrency": "USD", "cik": "0000007431", "fillingDate": "1994-03-29", "acceptedDate": "1994-03-29 00:00:00", "calendarYear": "1993", "period": "FY", "revenue": 1865000000, "costOfRevenue": 1286500000, "grossProfit": 578500000, "grossProfitRatio": 0.3101876676, "researchAndDevelopmentExpenses": 0, "generalAndAdministrativeExpenses": 0, "sellingAndMarketingExpenses": 0, "sellingGeneralAndAdministrativeExpenses": 347800000, "otherExpenses": 0, "operatingExpenses": 347800000, "costAndExpenses": 1634300000, "interestIncome": 0, "interestExpense": 0, "depreciationAndAmortization": 227600000, "ebitda": 326100000, "ebitdaratio": 0.1748525469, "operatingIncome": 98500000, "operatingIncomeRatio": 0.0528150134, "totalOtherIncomeExpensesNet": -95400000, "incomeBeforeTax": 3100000, "incomeBeforeTaxRatio": 0.0016621984, "incomeTaxExpense": -60400000, "netIncome": 63500000, "netIncomeRatio": 0.0340482574, "eps": 1.22, "epsdiluted": 1.22, "weightedAverageShsOut": 40600000, "weightedAverageShsOutDil": 40700000, "link": "https://www.sec.gov/Archives/edgar/data/7431/000095010994000561/0000950109-94-000561-index.html", "finalLink": "https://www.sec.gov/Archives/edgar/data/7431/", "calculatedOtherExpenses": 132200000, "calculatedOperatingExpenses": 480000000, "calculatedNetInterest": 0, "calculatedOtherIncome": -95400000, "calculatedIncomeNonControlling": 0, "calculatedEbitda": 326100000}, {"date": "1992-12-31", "symbol": "AWI", "reportedCurrency": "USD", "cik": "0000007431", "fillingDate": "1992-12-31", "acceptedDate": "1992-12-30 19:00:00", "calendarYear": "1992", "period": "FY", "revenue": 1912000000, "costOfRevenue": 1378400000, "grossProfit": 533600000, "grossProfitRatio": 0.2790794979, "researchAndDevelopmentExpenses": 0, "generalAndAdministrativeExpenses": 0, "sellingAndMarketingExpenses": 0, "sellingGeneralAndAdministrativeExpenses": 296900000, "otherExpenses": 0, "operatingExpenses": 296900000, "costAndExpenses": 1675300000, "interestIncome": 0, "interestExpense": 0, "depreciationAndAmortization": 436600000, "ebitda": 404700000, "ebitdaratio": 0.2116631799, "operatingIncome": -31900000, "operatingIncomeRatio": -0.0166841004, "totalOtherIncomeExpensesNet": -168000000, "incomeBeforeTax": -199900000, "incomeBeforeTaxRatio": -0.1045502092, "incomeTaxExpense": 27800000, "netIncome": -227700000, "netIncomeRatio": -0.1190899582, "eps": -5.61, "epsdiluted": -5.59, "weightedAverageShsOut": 40600000, "weightedAverageShsOutDil": 40700000, "link": "", "finalLink": "", "calculatedOtherExpenses": 268600000, "calculatedOperatingExpenses": 565500000, "calculatedNetInterest": 0, "calculatedOtherIncome": -168000000, "calculatedIncomeNonControlling": 0, "calculatedEbitda": 404700000}, {"date": "1991-12-31", "symbol": "AWI", "reportedCurrency": "USD", "cik": "0000007431", "fillingDate": "1991-12-31", "acceptedDate": "1991-12-30 19:00:00", "calendarYear": "1991", "period": "FY", "revenue": 1828700000, "costOfRevenue": 1316600000, "grossProfit": 512100000, "grossProfitRatio": 0.2800349975, "researchAndDevelopmentExpenses": 0, "generalAndAdministrativeExpenses": 0, "sellingAndMarketingExpenses": 0, "sellingGeneralAndAdministrativeExpenses": 341100000, "otherExpenses": 0, "operatingExpenses": 341100000, "costAndExpenses": 1657700000, "interestIncome": 0, "interestExpense": 0, "depreciationAndAmortization": 71900000, "ebitda": 192000000, "ebitdaratio": 0.1049926177, "operatingIncome": 120100000, "operatingIncomeRatio": 0.0656750697, "totalOtherIncomeExpensesNet": -21000000, "incomeBeforeTax": 99100000, "incomeBeforeTaxRatio": 0.0541915022, "incomeTaxExpense": 50900000, "netIncome": 48200000, "netIncomeRatio": 0.0263575217, "eps": 0.71, "epsdiluted": 0.71, "weightedAverageShsOut": 40600000, "weightedAverageShsOutDil": 40700000, "link": "", "finalLink": "", "calculatedOtherExpenses": 50900000, "calculatedOperatingExpenses": 392000000, "calculatedNetInterest": 0, "calculatedOtherIncome": -21000000, "calculatedIncomeNonControlling": 0, "calculatedEbitda": 192000000}, {"date": "1990-12-31", "symbol": "AWI", "reportedCurrency": "USD", "cik": "0000007431", "fillingDate": "1990-12-31", "acceptedDate": "1990-12-30 19:00:00", "calendarYear": "1990", "period": "FY", "revenue": 1865300000, "costOfRevenue": 1315500000, "grossProfit": 549800000, "grossProfitRatio": 0.2947515145, "researchAndDevelopmentExpenses": 0, "generalAndAdministrativeExpenses": 0, "sellingAndMarketingExpenses": 0, "sellingGeneralAndAdministrativeExpenses": 340600000, "otherExpenses": 0, "operatingExpenses": 340600000, "costAndExpenses": 1656100000, "interestIncome": 0, "interestExpense": 0, "depreciationAndAmortization": -65900000, "ebitda": 196300000, "ebitdaratio": 0.1052377634, "operatingIncome": 262200000, "operatingIncomeRatio": 0.140567201, "totalOtherIncomeExpensesNet": 12900000, "incomeBeforeTax": 275100000, "incomeBeforeTaxRatio": 0.1474829786, "incomeTaxExpense": 134100000, "netIncome": 141000000, "netIncomeRatio": 0.0755910577, "eps": 2.99, "epsdiluted": 2.99, "weightedAverageShsOut": 40600000, "weightedAverageShsOutDil": 40700000, "link": "", "finalLink": "", "calculatedOtherExpenses": -53000000, "calculatedOperatingExpenses": 287600000, "calculatedNetInterest": 0, "calculatedOtherIncome": 12900000, "calculatedIncomeNonControlling": 0, "calculatedEbitda": 196300000}, {"date": "1989-12-31", "symbol": "AWI", "reportedCurrency": "USD", "cik": "0000007431", "fillingDate": "1989-12-31", "acceptedDate": "1989-12-30 19:00:00", "calendarYear": "1989", "period": "FY", "revenue": 1832700000, "costOfRevenue": 1273300000, "grossProfit": 559400000, "grossProfitRatio": 0.3052327168, "researchAndDevelopmentExpenses": 0, "generalAndAdministrativeExpenses": 0, "sellingAndMarketingExpenses": 0, "sellingGeneralAndAdministrativeExpenses": 303800000, "otherExpenses": 0, "operatingExpenses": 303800000, "costAndExpenses": 1577100000, "interestIncome": 0, "interestExpense": 0, "depreciationAndAmortization": 17100000, "ebitda": 267200000, "ebitdaratio": 0.1457958204, "operatingIncome": 250100000, "operatingIncomeRatio": 0.1364653244, "totalOtherIncomeExpensesNet": -11600000, "incomeBeforeTax": 238500000, "incomeBeforeTaxRatio": 0.1301358651, "incomeTaxExpense": 50900000, "netIncome": 187600000, "netIncomeRatio": 0.1023626344, "eps": 4.38, "epsdiluted": 4.37, "weightedAverageShsOut": 40600000, "weightedAverageShsOutDil": 40700000, "link": "", "finalLink": "", "calculatedOtherExpenses": 5500000, "calculatedOperatingExpenses": 309300000, "calculatedNetInterest": 0, "calculatedOtherIncome": -11600000, "calculatedIncomeNonControlling": 0, "calculatedEbitda": 267200000}, {"date": "1988-12-31", "symbol": "AWI", "reportedCurrency": "USD", "cik": "0000007431", "fillingDate": "1988-12-31", "acceptedDate": "1988-12-30 19:00:00", "calendarYear": "1988", "period": "FY", "revenue": 1790700000, "costOfRevenue": 1253700000, "grossProfit": 537000000, "grossProfitRatio": 0.2998827274, "researchAndDevelopmentExpenses": 0, "generalAndAdministrativeExpenses": 0, "sellingAndMarketingExpenses": 0, "sellingGeneralAndAdministrativeExpenses": 309000000, "otherExpenses": 0, "operatingExpenses": 309000000, "costAndExpenses": 1562700000, "interestIncome": 0, "interestExpense": 0, "depreciationAndAmortization": 14700000, "ebitda": 241100000, "ebitdaratio": 0.1346400849, "operatingIncome": 226400000, "operatingIncomeRatio": 0.1264310046, "totalOtherIncomeExpensesNet": -13100000, "incomeBeforeTax": 213300000, "incomeBeforeTaxRatio": 0.1191154297, "incomeTaxExpense": 50600000, "netIncome": 162700000, "netIncomeRatio": 0.0908583236, "eps": 4, "epsdiluted": 3.99, "weightedAverageShsOut": 40600000, "weightedAverageShsOutDil": 40700000, "link": "", "finalLink": "", "calculatedOtherExpenses": 1600000, "calculatedOperatingExpenses": 310600000, "calculatedNetInterest": 0, "calculatedOtherIncome": -13100000, "calculatedIncomeNonControlling": 0, "calculatedEbitda": 241100000}, {"date": "1987-12-31", "symbol": "AWI", "reportedCurrency": "USD", "cik": "0000007431", "fillingDate": "1987-12-31", "acceptedDate": "1987-12-30 19:00:00", "calendarYear": "1987", "period": "FY", "revenue": 1608700000, "costOfRevenue": 1112000000, "grossProfit": 496700000, "grossProfitRatio": 0.308758625, "researchAndDevelopmentExpenses": 0, "generalAndAdministrativeExpenses": 0, "sellingAndMarketingExpenses": 0, "sellingGeneralAndAdministrativeExpenses": 288800000, "otherExpenses": 0, "operatingExpenses": 288800000, "costAndExpenses": 1400800000, "interestIncome": 0, "interestExpense": 0, "depreciationAndAmortization": 4300000, "ebitda": 212200000, "ebitdaratio": 0.1319077516, "operatingIncome": 207900000, "operatingIncomeRatio": 0.1292347859, "totalOtherIncomeExpensesNet": -4300000, "incomeBeforeTax": 203600000, "incomeBeforeTaxRatio": 0.1265618201, "incomeTaxExpense": 53200000, "netIncome": 150400000, "netIncomeRatio": 0.0934916392, "eps": 3.69, "epsdiluted": 3.69, "weightedAverageShsOut": 40600000, "weightedAverageShsOutDil": 40700000, "link": "", "finalLink": "", "calculatedOtherExpenses": 0, "calculatedOperatingExpenses": 288800000, "calculatedNetInterest": 0, "calculatedOtherIncome": -4300000, "calculatedIncomeNonControlling": 0, "calculatedEbitda": 212200000}, {"date": "1986-12-31", "symbol": "AWI", "reportedCurrency": "USD", "cik": "0000007431", "fillingDate": "1986-12-31", "acceptedDate": "1986-12-30 19:00:00", "calendarYear": "1986", "period": "FY", "revenue": 1295000000, "costOfRevenue": 889200000, "grossProfit": 405800000, "grossProfitRatio": 0.3133590734, "researchAndDevelopmentExpenses": 0, "generalAndAdministrativeExpenses": 0, "sellingAndMarketingExpenses": 0, "sellingGeneralAndAdministrativeExpenses": 240300000, "otherExpenses": 0, "operatingExpenses": 240300000, "costAndExpenses": 1129500000, "interestIncome": 0, "interestExpense": 0, "depreciationAndAmortization": 3100000, "ebitda": 168600000, "ebitdaratio": 0.1301930502, "operatingIncome": 165500000, "operatingIncomeRatio": 0.1277992278, "totalOtherIncomeExpensesNet": -3100000, "incomeBeforeTax": 162400000, "incomeBeforeTaxRatio": 0.1254054054, "incomeTaxExpense": 40000000, "netIncome": 122400000, "netIncomeRatio": 0.0945173745, "eps": 3, "epsdiluted": 3, "weightedAverageShsOut": 40600000, "weightedAverageShsOutDil": 40700000, "link": "", "finalLink": "", "calculatedOtherExpenses": 0, "calculatedOperatingExpenses": 240300000, "calculatedNetInterest": 0, "calculatedOtherIncome": -3100000, "calculatedIncomeNonControlling": 0, "calculatedEbitda": 168600000}]}