{"originalCurrency": "USD", "convertedCurrency": "USD", "report": [{"date": "2023-12-31", "symbol": "AWK", "reportedCurrency": "USD", "cik": "0001410636", "fillingDate": "2024-02-14", "acceptedDate": "2024-02-14 16:28:14", "calendarYear": "2023", "period": "FY", "revenue": 4234000000, "costOfRevenue": 1720000000, "grossProfit": 2514000000, "grossProfitRatio": 0.5937647615, "researchAndDevelopmentExpenses": 0, "generalAndAdministrativeExpenses": 0, "sellingAndMarketingExpenses": 0, "sellingGeneralAndAdministrativeExpenses": 32000000, "otherExpenses": 79000000, "operatingExpenses": 1010000000, "costAndExpenses": 2730000000, "interestIncome": 73000000, "interestExpense": 460000000, "depreciationAndAmortization": 704000000, "ebitda": 2360000000, "ebitdaratio": 0.5573925366, "operatingIncome": 1504000000, "operatingIncomeRatio": 0.3552196504, "totalOtherIncomeExpensesNet": 79000000, "incomeBeforeTax": 1196000000, "incomeBeforeTaxRatio": 0.2824752008, "incomeTaxExpense": 252000000, "netIncome": 944000000, "netIncomeRatio": 0.2229570146, "eps": 4.89, "epsdiluted": 4.89, "weightedAverageShsOut": 193000000, "weightedAverageShsOutDil": 193000000, "link": "https://www.sec.gov/Archives/edgar/data/1410636/000141063624000050/0001410636-24-000050-index.htm", "finalLink": "https://www.sec.gov/Archives/edgar/data/1410636/000141063624000050/awk-20231231.htm", "calculatedOtherExpenses": 978000000, "calculatedOperatingExpenses": 1010000000, "calculatedNetInterest": -387000000, "calculatedOtherIncome": 79000000, "calculatedIncomeNonControlling": 0, "calculatedEbitda": 2208000000}, {"date": "2022-12-31", "symbol": "AWK", "reportedCurrency": "USD", "cik": "0001410636", "fillingDate": "2023-02-15", "acceptedDate": "2023-02-15 16:31:32", "calendarYear": "2022", "period": "FY", "revenue": 3792000000, "costOfRevenue": 1589000000, "grossProfit": 2203000000, "grossProfitRatio": 0.5809599156, "researchAndDevelopmentExpenses": 0, "generalAndAdministrativeExpenses": 0, "sellingAndMarketingExpenses": 0, "sellingGeneralAndAdministrativeExpenses": 77000000, "otherExpenses": 930000000, "operatingExpenses": 930000000, "costAndExpenses": 2519000000, "interestIncome": 52000000, "interestExpense": 433000000, "depreciationAndAmortization": 798000000, "ebitda": 2071000000, "ebitdaratio": 0.546149789, "operatingIncome": 1273000000, "operatingIncomeRatio": 0.3357067511, "totalOtherIncomeExpensesNet": -265000000, "incomeBeforeTax": 1008000000, "incomeBeforeTaxRatio": 0.2658227848, "incomeTaxExpense": 188000000, "netIncome": 820000000, "netIncomeRatio": 0.2162447257, "eps": 4.51, "epsdiluted": 4.51, "weightedAverageShsOut": 182000000, "weightedAverageShsOutDil": 182000000, "link": "https://www.sec.gov/Archives/edgar/data/1410636/000141063623000020/0001410636-23-000020-index.htm", "finalLink": "https://www.sec.gov/Archives/edgar/data/1410636/000141063623000020/awk-20221231.htm", "calculatedOtherExpenses": 853000000, "calculatedOperatingExpenses": 930000000, "calculatedNetInterest": -381000000, "calculatedOtherIncome": 116000000, "calculatedIncomeNonControlling": 0, "calculatedEbitda": 2071000000}, {"date": "2021-12-31", "symbol": "AWK", "reportedCurrency": "USD", "cik": "0001410636", "fillingDate": "2022-02-16", "acceptedDate": "2022-02-16 16:32:28", "calendarYear": "2021", "period": "FY", "revenue": 3930000000, "costOfRevenue": 1777000000, "grossProfit": 2153000000, "grossProfitRatio": 0.5478371501, "researchAndDevelopmentExpenses": 0, "generalAndAdministrativeExpenses": 0, "sellingAndMarketingExpenses": 0, "sellingGeneralAndAdministrativeExpenses": 78000000, "otherExpenses": 957000000, "operatingExpenses": 957000000, "costAndExpenses": 2734000000, "interestIncome": 4000000, "interestExpense": 403000000, "depreciationAndAmortization": 736000000, "ebitda": 1932000000, "ebitdaratio": 0.4916030534, "operatingIncome": 1196000000, "operatingIncomeRatio": 0.3043256997, "totalOtherIncomeExpensesNet": 444000000, "incomeBeforeTax": 1640000000, "incomeBeforeTaxRatio": 0.417302799, "incomeTaxExpense": 377000000, "netIncome": 1263000000, "netIncomeRatio": 0.3213740458, "eps": 6.94, "epsdiluted": 6.94, "weightedAverageShsOut": 182000000, "weightedAverageShsOutDil": 182000000, "link": "https://www.sec.gov/Archives/edgar/data/1410636/000141063622000048/0001410636-22-000048-index.htm", "finalLink": "https://www.sec.gov/Archives/edgar/data/1410636/000141063622000048/awk-20211231.htm", "calculatedOtherExpenses": 879000000, "calculatedOperatingExpenses": 957000000, "calculatedNetInterest": -399000000, "calculatedOtherIncome": 843000000, "calculatedIncomeNonControlling": 0, "calculatedEbitda": 1932000000}, {"date": "2020-12-31", "symbol": "AWK", "reportedCurrency": "USD", "cik": "0001410636", "fillingDate": "2021-02-24", "acceptedDate": "2021-02-24 16:32:18", "calendarYear": "2020", "period": "FY", "revenue": 3777000000, "costOfRevenue": 1622000000, "grossProfit": 2155000000, "grossProfitRatio": 0.5705586444, "researchAndDevelopmentExpenses": 0, "generalAndAdministrativeExpenses": 0, "sellingAndMarketingExpenses": 0, "sellingGeneralAndAdministrativeExpenses": 49000000, "otherExpenses": 907000000, "operatingExpenses": 907000000, "costAndExpenses": 2529000000, "interestIncome": 2000000, "interestExpense": 408000000, "depreciationAndAmortization": 604000000, "ebitda": 1852000000, "ebitdaratio": 0.4903362457, "operatingIncome": 1248000000, "operatingIncomeRatio": 0.330420969, "totalOtherIncomeExpensesNet": -324000000, "incomeBeforeTax": 924000000, "incomeBeforeTaxRatio": 0.2446386021, "incomeTaxExpense": 215000000, "netIncome": 709000000, "netIncomeRatio": 0.1877151178, "eps": 3.92, "epsdiluted": 3.9, "weightedAverageShsOut": 181000000, "weightedAverageShsOutDil": 182000000, "link": "https://www.sec.gov/Archives/edgar/data/1410636/000141063621000101/0001410636-21-000101-index.htm", "finalLink": "https://www.sec.gov/Archives/edgar/data/1410636/000141063621000101/awk-20201231.htm", "calculatedOtherExpenses": 858000000, "calculatedOperatingExpenses": 907000000, "calculatedNetInterest": -406000000, "calculatedOtherIncome": 82000000, "calculatedIncomeNonControlling": 0, "calculatedEbitda": 1852000000}, {"date": "2019-12-31", "symbol": "AWK", "reportedCurrency": "USD", "cik": "0001410636", "fillingDate": "2020-02-18", "acceptedDate": "2020-02-18 16:34:02", "calendarYear": "2019", "period": "FY", "revenue": 3610000000, "costOfRevenue": 1544000000, "grossProfit": 2066000000, "grossProfitRatio": 0.572299169, "researchAndDevelopmentExpenses": 0, "generalAndAdministrativeExpenses": 0, "sellingAndMarketingExpenses": 0, "sellingGeneralAndAdministrativeExpenses": 16000000, "otherExpenses": 862000000, "operatingExpenses": 862000000, "costAndExpenses": 2406000000, "interestIncome": 4000000, "interestExpense": 399000000, "depreciationAndAmortization": 654000000, "ebitda": 1824000000, "ebitdaratio": 0.5052631579, "operatingIncome": 1170000000, "operatingIncomeRatio": 0.324099723, "totalOtherIncomeExpensesNet": -337000000, "incomeBeforeTax": 833000000, "incomeBeforeTaxRatio": 0.2307479224, "incomeTaxExpense": 212000000, "netIncome": 621000000, "netIncomeRatio": 0.1720221607, "eps": 3.43, "epsdiluted": 3.43, "weightedAverageShsOut": 181000000, "weightedAverageShsOutDil": 181000000, "link": "https://www.sec.gov/Archives/edgar/data/1410636/000141063620000040/0001410636-20-000040-index.htm", "finalLink": "https://www.sec.gov/Archives/edgar/data/1410636/000141063620000040/a12312019-awkx10kdocum.htm", "calculatedOtherExpenses": 880000000, "calculatedOperatingExpenses": 896000000, "calculatedNetInterest": -395000000, "calculatedOtherIncome": 58000000, "calculatedIncomeNonControlling": 0, "calculatedEbitda": 1824000000}, {"date": "2018-12-31", "symbol": "AWK", "reportedCurrency": "USD", "cik": "0001410636", "fillingDate": "2019-02-19", "acceptedDate": "2019-02-19 16:32:26", "calendarYear": "2018", "period": "FY", "revenue": 3440000000, "costOfRevenue": 1479000000, "grossProfit": 1961000000, "grossProfitRatio": 0.5700581395, "researchAndDevelopmentExpenses": 0, "generalAndAdministrativeExpenses": 0, "sellingAndMarketingExpenses": 0, "sellingGeneralAndAdministrativeExpenses": 20000000, "otherExpenses": 39000000, "operatingExpenses": 822000000, "costAndExpenses": 2301000000, "interestIncome": 0, "interestExpense": -350000000, "depreciationAndAmortization": 545000000, "ebitda": 1725000000, "ebitdaratio": 0.5014534884, "operatingIncome": 1102000000, "operatingIncomeRatio": 0.3203488372, "totalOtherIncomeExpensesNet": -2000000, "incomeBeforeTax": 787000000, "incomeBeforeTaxRatio": 0.2287790698, "incomeTaxExpense": 222000000, "netIncome": 567000000, "netIncomeRatio": 0.1648255814, "eps": 3.15, "epsdiluted": 3.15, "weightedAverageShsOut": 180000000, "weightedAverageShsOutDil": 180000000, "link": "https://www.sec.gov/Archives/edgar/data/1410636/000141063619000041/0001410636-19-000041-index.htm", "finalLink": "https://www.sec.gov/Archives/edgar/data/1410636/000141063619000041/a12312018-awkx10kdocument.htm", "calculatedOtherExpenses": 839000000, "calculatedOperatingExpenses": 859000000, "calculatedNetInterest": 350000000, "calculatedOtherIncome": -665000000, "calculatedIncomeNonControlling": -2000000, "calculatedEbitda": 1647000000}, {"date": "2017-12-31", "symbol": "AWK", "reportedCurrency": "USD", "cik": "0001410636", "fillingDate": "2018-02-20", "acceptedDate": "2018-02-20 16:33:54", "calendarYear": "2017", "period": "FY", "revenue": 3357000000, "costOfRevenue": 1378000000, "grossProfit": 1979000000, "grossProfitRatio": 0.5895144474, "researchAndDevelopmentExpenses": 0, "generalAndAdministrativeExpenses": 0, "sellingAndMarketingExpenses": 0, "sellingGeneralAndAdministrativeExpenses": 9000000, "otherExpenses": 17000000, "operatingExpenses": 751000000, "costAndExpenses": 2129000000, "interestIncome": 0, "interestExpense": -342000000, "depreciationAndAmortization": 492000000, "ebitda": 1711000000, "ebitdaratio": 0.509681263, "operatingIncome": 1244000000, "operatingIncomeRatio": 0.3705689604, "totalOtherIncomeExpensesNet": 26000000, "incomeBeforeTax": 912000000, "incomeBeforeTaxRatio": 0.2716711349, "incomeTaxExpense": 486000000, "netIncome": 426000000, "netIncomeRatio": 0.126899017, "eps": 2.39, "epsdiluted": 2.38, "weightedAverageShsOut": 178000000, "weightedAverageShsOutDil": 179000000, "link": "https://www.sec.gov/Archives/edgar/data/1410636/000141063618000076/0001410636-18-000076-index.htm", "finalLink": "https://www.sec.gov/Archives/edgar/data/1410636/000141063618000076/a12312017-awkx10kdocument.htm", "calculatedOtherExpenses": 726000000, "calculatedOperatingExpenses": 735000000, "calculatedNetInterest": 342000000, "calculatedOtherIncome": -674000000, "calculatedIncomeNonControlling": 0, "calculatedEbitda": 1736000000}, {"date": "2016-12-31", "symbol": "AWK", "reportedCurrency": "USD", "cik": "0001410636", "fillingDate": "2017-02-21", "acceptedDate": "2017-02-21 16:32:56", "calendarYear": "2016", "period": "FY", "revenue": 3302000000, "costOfRevenue": 1504000000, "grossProfit": 1798000000, "grossProfitRatio": 0.5445184737, "researchAndDevelopmentExpenses": 0, "generalAndAdministrativeExpenses": 0, "sellingAndMarketingExpenses": 0, "sellingGeneralAndAdministrativeExpenses": 5000000, "otherExpenses": 15000000, "operatingExpenses": 728000000, "costAndExpenses": 2232000000, "interestIncome": 0, "interestExpense": -325000000, "depreciationAndAmortization": 470000000, "ebitda": 1530000000, "ebitdaratio": 0.4633555421, "operatingIncome": 1080000000, "operatingIncomeRatio": 0.3270745003, "totalOtherIncomeExpensesNet": 25000000, "incomeBeforeTax": 770000000, "incomeBeforeTaxRatio": 0.2331920048, "incomeTaxExpense": 302000000, "netIncome": 468000000, "netIncomeRatio": 0.1417322835, "eps": 2.63, "epsdiluted": 2.62, "weightedAverageShsOut": 178000000, "weightedAverageShsOutDil": 179000000, "link": "https://www.sec.gov/Archives/edgar/data/1410636/000156459017001899/0001564590-17-001899-index.htm", "finalLink": "https://www.sec.gov/Archives/edgar/data/1410636/000156459017001899/awk-10k_20161231.htm", "calculatedOtherExpenses": 713000000, "calculatedOperatingExpenses": 718000000, "calculatedNetInterest": 325000000, "calculatedOtherIncome": -635000000, "calculatedIncomeNonControlling": 0, "calculatedEbitda": 1550000000}, {"date": "2015-12-31", "symbol": "AWK", "reportedCurrency": "USD", "cik": "0001410636", "fillingDate": "2016-02-25", "acceptedDate": "2016-02-24 20:10:46", "calendarYear": "2015", "period": "FY", "revenue": 3159000000, "costOfRevenue": 1404000000, "grossProfit": 1755000000, "grossProfitRatio": 0.5555555556, "researchAndDevelopmentExpenses": 5000000, "generalAndAdministrativeExpenses": 0, "sellingAndMarketingExpenses": 0, "sellingGeneralAndAdministrativeExpenses": 14000000, "otherExpenses": 15000000, "operatingExpenses": 683000000, "costAndExpenses": 2087000000, "interestIncome": 0, "interestExpense": -308000000, "depreciationAndAmortization": 440000000, "ebitda": 1509000000, "ebitdaratio": 0.477682811, "operatingIncome": 1075000000, "operatingIncomeRatio": 0.3402975625, "totalOtherIncomeExpensesNet": 18000000, "incomeBeforeTax": 782000000, "incomeBeforeTaxRatio": 0.247546692, "incomeTaxExpense": 306000000, "netIncome": 476000000, "netIncomeRatio": 0.1506805951, "eps": 2.66, "epsdiluted": 2.64, "weightedAverageShsOut": 179000000, "weightedAverageShsOutDil": 180000000, "link": "https://www.sec.gov/Archives/edgar/data/1410636/000156459016013247/0001564590-16-013247-index.htm", "finalLink": "https://www.sec.gov/Archives/edgar/data/1410636/000156459016013247/awk-10k_20151231.htm", "calculatedOtherExpenses": 661000000, "calculatedOperatingExpenses": 680000000, "calculatedNetInterest": 308000000, "calculatedOtherIncome": -601000000, "calculatedIncomeNonControlling": 0, "calculatedEbitda": 1515000000}, {"date": "2014-12-31", "symbol": "AWK", "reportedCurrency": "USD", "cik": "0001410636", "fillingDate": "2015-02-25", "acceptedDate": "2015-02-24 18:40:19", "calendarYear": "2014", "period": "FY", "revenue": 3011328000, "costOfRevenue": 1349864000, "grossProfit": 1661464000, "grossProfitRatio": 0.5517379708, "researchAndDevelopmentExpenses": 3000000, "generalAndAdministrativeExpenses": 0, "sellingAndMarketingExpenses": 0, "sellingGeneralAndAdministrativeExpenses": 15000000, "otherExpenses": -3196000, "operatingExpenses": 660816000, "costAndExpenses": 2010680000, "interestIncome": 11441000, "interestExpense": 309259000, "depreciationAndAmortization": 424084000, "ebitda": 1407526000, "ebitdaratio": 0.4674103917, "operatingIncome": 1002576000, "operatingIncomeRatio": 0.3329348381, "totalOtherIncomeExpensesNet": 14010000, "incomeBeforeTax": 709814000, "incomeBeforeTaxRatio": 0.2357146083, "incomeTaxExpense": 279973000, "netIncome": 423108000, "netIncomeRatio": 0.1405054514, "eps": 2.36, "epsdiluted": 2.35, "weightedAverageShsOut": 178888000, "weightedAverageShsOutDil": 179806000, "link": "https://www.sec.gov/Archives/edgar/data/1410636/000156459015000905/0001564590-15-000905-index.htm", "finalLink": "https://www.sec.gov/Archives/edgar/data/1410636/000156459015000905/awk-10k_20141231.htm", "calculatedOtherExpenses": 640888000, "calculatedOperatingExpenses": 658888000, "calculatedNetInterest": -297818000, "calculatedOtherIncome": 5056000, "calculatedIncomeNonControlling": 6733000, "calculatedEbitda": 1426660000}, {"date": "2013-12-31", "symbol": "AWK", "reportedCurrency": "USD", "cik": "0001410636", "fillingDate": "2014-02-27", "acceptedDate": "2014-02-26 19:32:42", "calendarYear": "2013", "period": "FY", "revenue": 2901858000, "costOfRevenue": 1312724000, "grossProfit": 1589134000, "grossProfitRatio": 0.5476263828, "researchAndDevelopmentExpenses": 3000000, "generalAndAdministrativeExpenses": 0, "sellingAndMarketingExpenses": 0, "sellingGeneralAndAdministrativeExpenses": 16000000, "otherExpenses": -4045000, "operatingExpenses": 642360000, "costAndExpenses": 1955084000, "interestIncome": 11753000, "interestExpense": 319917000, "depreciationAndAmortization": 407718000, "ebitda": 1376984000, "ebitdaratio": 0.4745180502, "operatingIncome": 945849000, "operatingIncomeRatio": 0.3259459974, "totalOtherIncomeExpensesNet": -26537000, "incomeBeforeTax": 605470000, "incomeBeforeTaxRatio": 0.2086490793, "incomeTaxExpense": 236206000, "netIncome": 369264000, "netIncomeRatio": 0.1272508855, "eps": 2.08, "epsdiluted": 2.06, "weightedAverageShsOut": 178000000, "weightedAverageShsOutDil": 179000000, "link": "https://www.sec.gov/Archives/edgar/data/1410636/000156459014000381/0001564590-14-000381-index.htm", "finalLink": "https://www.sec.gov/Archives/edgar/data/1410636/000156459014000381/awk-10k_20131231.htm", "calculatedOtherExpenses": 624285000, "calculatedOperatingExpenses": 643285000, "calculatedNetInterest": -308164000, "calculatedOtherIncome": -32215000, "calculatedIncomeNonControlling": 0, "calculatedEbitda": 1353567000}, {"date": "2012-12-31", "symbol": "AWK", "reportedCurrency": "USD", "cik": "0001410636", "fillingDate": "2013-03-01", "acceptedDate": "2013-03-01 06:06:23", "calendarYear": "2012", "period": "FY", "revenue": 2876889000, "costOfRevenue": 1350040000, "grossProfit": 1526849000, "grossProfitRatio": 0.5307292009, "researchAndDevelopmentExpenses": 2800000, "generalAndAdministrativeExpenses": 0, "sellingAndMarketingExpenses": 0, "sellingGeneralAndAdministrativeExpenses": 16943000, "otherExpenses": -926000, "operatingExpenses": 602715000, "costAndExpenses": 1952755000, "interestIncome": 12652000, "interestExpense": 323446000, "depreciationAndAmortization": 381503000, "ebitda": 1281435000, "ebitdaratio": 0.4454238589, "operatingIncome": 924973000, "operatingIncomeRatio": 0.3215184875, "totalOtherIncomeExpensesNet": 23276000, "incomeBeforeTax": 631258000, "incomeBeforeTaxRatio": 0.219423829, "incomeTaxExpense": 257008000, "netIncome": 358070000, "netIncomeRatio": 0.1244643085, "eps": 2.03, "epsdiluted": 2.01, "weightedAverageShsOut": 176445000, "weightedAverageShsOutDil": 177671000, "link": "https://www.sec.gov/Archives/edgar/data/1410636/000119312513085812/0001193125-13-085812-index.htm", "finalLink": "https://www.sec.gov/Archives/edgar/data/1410636/000119312513085812/d444550d10k.htm", "calculatedOtherExpenses": 582133000, "calculatedOperatingExpenses": 601876000, "calculatedNetInterest": -310794000, "calculatedOtherIncome": 17079000, "calculatedIncomeNonControlling": 16180000, "calculatedEbitda": 1306476000}, {"date": "2011-12-31", "symbol": "AWK", "reportedCurrency": "USD", "cik": "0001410636", "fillingDate": "2012-02-28", "acceptedDate": "2012-02-28 15:14:21", "calendarYear": "2011", "period": "FY", "revenue": 2666236000, "costOfRevenue": 1301794000, "grossProfit": 1364442000, "grossProfitRatio": 0.5117483974, "researchAndDevelopmentExpenses": 0, "generalAndAdministrativeExpenses": 0, "sellingAndMarketingExpenses": 0, "sellingGeneralAndAdministrativeExpenses": 0, "otherExpenses": 1864093000, "operatingExpenses": 1863100000, "costAndExpenses": 1863100000, "interestIncome": 10942000, "interestExpense": 323357000, "depreciationAndAmortization": 351821000, "ebitda": 1141998000, "ebitdaratio": 0.4283184234, "operatingIncome": 803136000, "operatingIncomeRatio": 0.3012246478, "totalOtherIncomeExpensesNet": 12959000, "incomeBeforeTax": 503680000, "incomeBeforeTaxRatio": 0.188910509, "incomeTaxExpense": 198751000, "netIncome": 309613000, "netIncomeRatio": 0.116123629, "eps": 1.77, "epsdiluted": 1.76, "weightedAverageShsOut": 175484000, "weightedAverageShsOutDil": 176531000, "link": "https://www.sec.gov/Archives/edgar/data/1410636/000119312512084903/0001193125-12-084903-index.htm", "finalLink": "https://www.sec.gov/Archives/edgar/data/1410636/000119312512084903/d265318d10k.htm", "calculatedOtherExpenses": 561306000, "calculatedOperatingExpenses": 561306000, "calculatedNetInterest": -312415000, "calculatedOtherIncome": 12959000, "calculatedIncomeNonControlling": -4684000, "calculatedEbitda": 1154957000}, {"date": "2010-12-31", "symbol": "AWK", "reportedCurrency": "USD", "cik": "0001410636", "fillingDate": "2011-02-28", "acceptedDate": "2011-02-25 20:58:29", "calendarYear": "2010", "period": "FY", "revenue": 2710677000, "costOfRevenue": 1389212000, "grossProfit": 1321465000, "grossProfitRatio": 0.4875036753, "researchAndDevelopmentExpenses": 0, "generalAndAdministrativeExpenses": 0, "sellingAndMarketingExpenses": 0, "sellingGeneralAndAdministrativeExpenses": 0, "otherExpenses": 1962515000, "operatingExpenses": 1962586000, "costAndExpenses": 1962586000, "interestIncome": 0, "interestExpense": 315043000, "depreciationAndAmortization": 354650000, "ebitda": 1102741000, "ebitdaratio": 0.4068138697, "operatingIncome": 748091000, "operatingIncomeRatio": 0.2759793956, "totalOtherIncomeExpensesNet": 16388000, "incomeBeforeTax": 449436000, "incomeBeforeTaxRatio": 0.1658021225, "incomeTaxExpense": 181609000, "netIncome": 267827000, "netIncomeRatio": 0.0988044684, "eps": 1.53, "epsdiluted": 1.53, "weightedAverageShsOut": 174833000, "weightedAverageShsOutDil": 175124000, "link": "https://www.sec.gov/Archives/edgar/data/1410636/000119312511047938/0001193125-11-047938-index.htm", "finalLink": "https://www.sec.gov/Archives/edgar/data/1410636/000119312511047938/d10k.htm", "calculatedOtherExpenses": 573374000, "calculatedOperatingExpenses": 573374000, "calculatedNetInterest": -315043000, "calculatedOtherIncome": 16388000, "calculatedIncomeNonControlling": 0, "calculatedEbitda": 1102741000}, {"date": "2009-12-31", "symbol": "AWK", "reportedCurrency": "USD", "cik": "0001410636", "fillingDate": "2010-03-01", "acceptedDate": "2010-03-01 13:46:36", "calendarYear": "2009", "period": "FY", "revenue": 2440703000, "costOfRevenue": 1324355000, "grossProfit": 1116348000, "grossProfitRatio": 0.4573878919, "researchAndDevelopmentExpenses": 0, "generalAndAdministrativeExpenses": 0, "sellingAndMarketingExpenses": 0, "sellingGeneralAndAdministrativeExpenses": 0, "otherExpenses": 1817094000, "operatingExpenses": 1817094000, "costAndExpenses": 1817094000, "interestIncome": 0, "interestExpense": 296545000, "depreciationAndAmortization": 335159000, "ebitda": 958768000, "ebitdaratio": 0.3928245264, "operatingIncome": 173609000, "operatingIncomeRatio": 0.0711307357, "totalOtherIncomeExpensesNet": -438729000, "incomeBeforeTax": -111665000, "incomeBeforeTaxRatio": -0.0457511627, "incomeTaxExpense": 121418000, "netIncome": -233083000, "netIncomeRatio": -0.0954983052, "eps": -1.39, "epsdiluted": -1.39, "weightedAverageShsOut": 168164000, "weightedAverageShsOutDil": 168164000, "link": "https://www.sec.gov/Archives/edgar/data/1410636/000119312510044392/0001193125-10-044392-index.htm", "finalLink": "https://www.sec.gov/Archives/edgar/data/1410636/000119312510044392/d10k.htm", "calculatedOtherExpenses": 942739000, "calculatedOperatingExpenses": 942739000, "calculatedNetInterest": -296545000, "calculatedOtherIncome": 11271000, "calculatedIncomeNonControlling": 0, "calculatedEbitda": 508768000}, {"date": "2008-12-31", "symbol": "AWK", "reportedCurrency": "USD", "cik": "0001410636", "fillingDate": "2009-02-27", "acceptedDate": "2009-02-27 13:40:29", "calendarYear": "2008", "period": "FY", "revenue": 2336928000, "costOfRevenue": 1303798000, "grossProfit": 1033130000, "grossProfitRatio": 0.4420889304, "researchAndDevelopmentExpenses": 0, "generalAndAdministrativeExpenses": 0, "sellingAndMarketingExpenses": 0, "sellingGeneralAndAdministrativeExpenses": 0, "otherExpenses": 2530093000, "operatingExpenses": 2530093000, "costAndExpenses": 2530093000, "interestIncome": 0, "interestExpense": 0, "depreciationAndAmortization": 311438000, "ebitda": 113215000, "ebitdaratio": 0.0484460796, "operatingIncome": -193165000, "operatingIncomeRatio": -0.08265766, "totalOtherIncomeExpensesNet": 5058000, "incomeBeforeTax": -450594000, "incomeBeforeTaxRatio": -0.1928146695, "incomeTaxExpense": 111827000, "netIncome": -562421000, "netIncomeRatio": -0.240666807, "eps": -3.52, "epsdiluted": -3.52, "weightedAverageShsOut": 159967000, "weightedAverageShsOutDil": 159967000, "link": "https://www.sec.gov/Archives/edgar/data/1410636/000119312509040650/0001193125-09-040650-index.htm", "finalLink": "https://www.sec.gov/Archives/edgar/data/1410636/000119312509040650/d10k.htm", "calculatedOtherExpenses": 1226295000, "calculatedOperatingExpenses": 1226295000, "calculatedNetInterest": 0, "calculatedOtherIncome": -257429000, "calculatedIncomeNonControlling": 0, "calculatedEbitda": 118273000}, {"date": "2007-12-31", "symbol": "AWK", "reportedCurrency": "USD", "cik": "0001410636", "fillingDate": "2007-12-31", "acceptedDate": "2007-12-30 19:00:00", "calendarYear": "2007", "period": "FY", "revenue": 2214215000, "costOfRevenue": 0, "grossProfit": 2214215000, "grossProfitRatio": 1, "researchAndDevelopmentExpenses": 0, "generalAndAdministrativeExpenses": 0, "sellingAndMarketingExpenses": 0, "sellingGeneralAndAdministrativeExpenses": 0, "otherExpenses": 2211279000, "operatingExpenses": 2211279000, "costAndExpenses": 2211279000, "interestIncome": 0, "interestExpense": 0, "depreciationAndAmortization": 265825000, "ebitda": 261411000, "ebitdaratio": 0.118060351, "operatingIncome": 2936000, "operatingIncomeRatio": 0.0013259778, "totalOtherIncomeExpensesNet": 13727000, "incomeBeforeTax": -255519000, "incomeBeforeTaxRatio": -0.1153993628, "incomeTaxExpense": 86756000, "netIncome": -342826000, "netIncomeRatio": -0.1548295897, "eps": -2.14, "epsdiluted": -2.14, "weightedAverageShsOut": 160000000, "weightedAverageShsOutDil": 160000000, "link": "", "finalLink": "", "calculatedOtherExpenses": 2211279000, "calculatedOperatingExpenses": 2211279000, "calculatedNetInterest": 0, "calculatedOtherIncome": -258455000, "calculatedIncomeNonControlling": 551000, "calculatedEbitda": 268761000}, {"date": "2006-12-31", "symbol": "AWK", "reportedCurrency": "USD", "cik": "0001410636", "fillingDate": "2006-12-31", "acceptedDate": "2006-12-30 19:00:00", "calendarYear": "2006", "period": "FY", "revenue": 2093067000, "costOfRevenue": 0, "grossProfit": 2093067000, "grossProfitRatio": 1, "researchAndDevelopmentExpenses": 0, "generalAndAdministrativeExpenses": 0, "sellingAndMarketingExpenses": 0, "sellingGeneralAndAdministrativeExpenses": -5980000, "otherExpenses": 1845537000, "operatingExpenses": 1839557000, "costAndExpenses": 1839557000, "interestIncome": 0, "interestExpense": 0, "depreciationAndAmortization": 257875000, "ebitda": 516883000, "ebitdaratio": 0.2469500499, "operatingIncome": 253510000, "operatingIncomeRatio": 0.1211189131, "totalOtherIncomeExpensesNet": 870000, "incomeBeforeTax": -108938000, "incomeBeforeTaxRatio": -0.0520470678, "incomeTaxExpense": 46912000, "netIncome": -162243000, "netIncomeRatio": -0.0775144799, "eps": -1.01, "epsdiluted": -1.01, "weightedAverageShsOut": 160000000, "weightedAverageShsOutDil": 160000000, "link": "", "finalLink": "", "calculatedOtherExpenses": 1845537000, "calculatedOperatingExpenses": 1839557000, "calculatedNetInterest": 0, "calculatedOtherIncome": -362448000, "calculatedIncomeNonControlling": 6393000, "calculatedEbitda": 511385000}, {"date": "2005-12-31", "symbol": "AWK", "reportedCurrency": "USD", "cik": "0001410636", "fillingDate": "2005-12-31", "acceptedDate": "2005-12-30 19:00:00", "calendarYear": "2005", "period": "FY", "revenue": 2136746000, "costOfRevenue": 0, "grossProfit": 2136746000, "grossProfitRatio": 1, "researchAndDevelopmentExpenses": 0, "generalAndAdministrativeExpenses": 0, "sellingAndMarketingExpenses": 0, "sellingGeneralAndAdministrativeExpenses": 0, "otherExpenses": 0, "operatingExpenses": 0, "costAndExpenses": 0, "interestIncome": 0, "interestExpense": 0, "depreciationAndAmortization": 0, "ebitda": 2136746000, "ebitdaratio": 1, "operatingIncome": 2136746000, "operatingIncomeRatio": 1, "totalOtherIncomeExpensesNet": 0, "incomeBeforeTax": 0, "incomeBeforeTaxRatio": 0, "incomeTaxExpense": 325040000, "netIncome": -325040000, "netIncomeRatio": -0.1521191569, "eps": -2.03, "epsdiluted": -1.72, "weightedAverageShsOut": 160118227, "weightedAverageShsOutDil": 188976744, "link": "", "finalLink": "", "calculatedOtherExpenses": 0, "calculatedOperatingExpenses": 0, "calculatedNetInterest": 0, "calculatedOtherIncome": -2136746000, "calculatedIncomeNonControlling": 0, "calculatedEbitda": 2136746000}, {"date": "2001-12-31", "symbol": "AWK", "reportedCurrency": "USD", "cik": "0001410636", "fillingDate": "2001-12-31", "acceptedDate": "2001-12-30 19:00:00", "calendarYear": "2001", "period": "FY", "revenue": 1438887000, "costOfRevenue": 664549000, "grossProfit": 774338000, "grossProfitRatio": 0.5381506678, "researchAndDevelopmentExpenses": 0, "generalAndAdministrativeExpenses": 0, "sellingAndMarketingExpenses": 0, "sellingGeneralAndAdministrativeExpenses": 0, "otherExpenses": 982056000, "operatingExpenses": 982056000, "costAndExpenses": 1646605000, "interestIncome": 0, "interestExpense": 0, "depreciationAndAmortization": -201197000, "ebitda": -21279000, "ebitdaratio": -0.0147885136, "operatingIncome": -207718000, "operatingIncomeRatio": -0.1443601895, "totalOtherIncomeExpensesNet": 1535000, "incomeBeforeTax": 271807000, "incomeBeforeTaxRatio": 0.1889008657, "incomeTaxExpense": 110324000, "netIncome": 161483000, "netIncomeRatio": 0.1122277149, "eps": 1.62, "epsdiluted": 1.61, "weightedAverageShsOut": 99465000, "weightedAverageShsOutDil": 99465000, "link": "", "finalLink": "", "calculatedOtherExpenses": 982056000, "calculatedOperatingExpenses": 982056000, "calculatedNetInterest": 0, "calculatedOtherIncome": 479525000, "calculatedIncomeNonControlling": 0, "calculatedEbitda": -408915000}, {"date": "2000-12-31", "symbol": "AWK", "reportedCurrency": "USD", "cik": "0001410636", "fillingDate": "2000-12-31", "acceptedDate": "2000-12-30 19:00:00", "calendarYear": "2000", "period": "FY", "revenue": 1350590000, "costOfRevenue": 592634000, "grossProfit": 757956000, "grossProfitRatio": 0.5612036221, "researchAndDevelopmentExpenses": 0, "generalAndAdministrativeExpenses": 0, "sellingAndMarketingExpenses": 0, "sellingGeneralAndAdministrativeExpenses": 0, "otherExpenses": 894412000, "operatingExpenses": 894412000, "costAndExpenses": 1487046000, "interestIncome": 0, "interestExpense": 0, "depreciationAndAmortization": -176559000, "ebitda": 48661000, "ebitdaratio": 0.036029439, "operatingIncome": -136456000, "operatingIncomeRatio": -0.1010343628, "totalOtherIncomeExpensesNet": -8558000, "incomeBeforeTax": 266367000, "incomeBeforeTaxRatio": 0.1972226953, "incomeTaxExpense": 105306000, "netIncome": 161061000, "netIncomeRatio": 0.1192523268, "eps": 1.61, "epsdiluted": 1.61, "weightedAverageShsOut": 97988000, "weightedAverageShsOutDil": 97988000, "link": "", "finalLink": "", "calculatedOtherExpenses": 894412000, "calculatedOperatingExpenses": 894412000, "calculatedNetInterest": 0, "calculatedOtherIncome": 402823000, "calculatedIncomeNonControlling": 0, "calculatedEbitda": -313015000}, {"date": "1999-12-31", "symbol": "AWK", "reportedCurrency": "USD", "cik": "0001410636", "fillingDate": "1999-12-31", "acceptedDate": "1999-12-30 19:00:00", "calendarYear": "1999", "period": "FY", "revenue": 1260857000, "costOfRevenue": 552963000, "grossProfit": 707894000, "grossProfitRatio": 0.5614387674, "researchAndDevelopmentExpenses": 0, "generalAndAdministrativeExpenses": 0, "sellingAndMarketingExpenses": 0, "sellingGeneralAndAdministrativeExpenses": 0, "otherExpenses": 841263000, "operatingExpenses": 841263000, "costAndExpenses": 1394226000, "interestIncome": 0, "interestExpense": 0, "depreciationAndAmortization": -165626000, "ebitda": 62402000, "ebitdaratio": 0.0494917346, "operatingIncome": -133369000, "operatingIncomeRatio": -0.1057764679, "totalOtherIncomeExpensesNet": -30145000, "incomeBeforeTax": 230349000, "incomeBeforeTaxRatio": 0.1826924068, "incomeTaxExpense": 91400000, "netIncome": 138949000, "netIncomeRatio": 0.1102020293, "eps": 1.4, "epsdiluted": 1.4, "weightedAverageShsOut": 96544000, "weightedAverageShsOutDil": 96544000, "link": "", "finalLink": "", "calculatedOtherExpenses": 841263000, "calculatedOperatingExpenses": 841263000, "calculatedNetInterest": 0, "calculatedOtherIncome": 363718000, "calculatedIncomeNonControlling": 0, "calculatedEbitda": -298995000}, {"date": "1998-12-31", "symbol": "AWK", "reportedCurrency": "USD", "cik": "0001410636", "fillingDate": "1998-12-31", "acceptedDate": "1998-12-30 19:00:00", "calendarYear": "1998", "period": "FY", "revenue": 1017800000, "costOfRevenue": 437100000, "grossProfit": 580700000, "grossProfitRatio": 0.5705443113, "researchAndDevelopmentExpenses": 0, "generalAndAdministrativeExpenses": 0, "sellingAndMarketingExpenses": 0, "sellingGeneralAndAdministrativeExpenses": 0, "otherExpenses": 659700000, "operatingExpenses": 659700000, "costAndExpenses": 1096800000, "interestIncome": 0, "interestExpense": 0, "depreciationAndAmortization": -129800000, "ebitda": 52100000, "ebitdaratio": 0.0511888387, "operatingIncome": -79000000, "operatingIncomeRatio": -0.0776183926, "totalOtherIncomeExpensesNet": -1300000, "incomeBeforeTax": 214300000, "incomeBeforeTaxRatio": 0.2105521713, "incomeTaxExpense": 83300000, "netIncome": 131000000, "netIncomeRatio": 0.1287089802, "eps": 1.54, "epsdiluted": 1.54, "weightedAverageShsOut": 95234000, "weightedAverageShsOutDil": 95234000, "link": "", "finalLink": "", "calculatedOtherExpenses": 659700000, "calculatedOperatingExpenses": 659700000, "calculatedNetInterest": 0, "calculatedOtherIncome": 293300000, "calculatedIncomeNonControlling": 0, "calculatedEbitda": -208800000}, {"date": "1997-12-31", "symbol": "AWK", "reportedCurrency": "USD", "cik": "0001410636", "fillingDate": "1997-12-31", "acceptedDate": "1997-12-30 19:00:00", "calendarYear": "1997", "period": "FY", "revenue": 954200000, "costOfRevenue": 421600000, "grossProfit": 532600000, "grossProfitRatio": 0.5581639069, "researchAndDevelopmentExpenses": 0, "generalAndAdministrativeExpenses": 0, "sellingAndMarketingExpenses": 0, "sellingGeneralAndAdministrativeExpenses": 0, "otherExpenses": 622000000, "operatingExpenses": 622000000, "costAndExpenses": 1043600000, "interestIncome": 0, "interestExpense": 0, "depreciationAndAmortization": -112500000, "ebitda": 24000000, "ebitdaratio": 0.0251519598, "operatingIncome": -89400000, "operatingIncomeRatio": -0.0936910501, "totalOtherIncomeExpensesNet": -900000, "incomeBeforeTax": 193800000, "incomeBeforeTaxRatio": 0.203102075, "incomeTaxExpense": 74700000, "netIncome": 119100000, "netIncomeRatio": 0.1248166003, "eps": 1.42, "epsdiluted": 1.42, "weightedAverageShsOut": 94080, "weightedAverageShsOutDil": 94080, "link": "", "finalLink": "", "calculatedOtherExpenses": 622000000, "calculatedOperatingExpenses": 622000000, "calculatedNetInterest": 0, "calculatedOtherIncome": 283200000, "calculatedIncomeNonControlling": 0, "calculatedEbitda": -201900000}, {"date": "1996-12-31", "symbol": "AWK", "reportedCurrency": "USD", "cik": "0001410636", "fillingDate": "1996-12-31", "acceptedDate": "1996-12-30 19:00:00", "calendarYear": "1996", "period": "FY", "revenue": 894600000, "costOfRevenue": 418200000, "grossProfit": 476400000, "grossProfitRatio": 0.5325285044, "researchAndDevelopmentExpenses": 0, "generalAndAdministrativeExpenses": 0, "sellingAndMarketingExpenses": 0, "sellingGeneralAndAdministrativeExpenses": 0, "otherExpenses": 602100000, "operatingExpenses": 602100000, "costAndExpenses": 1020300000, "interestIncome": 0, "interestExpense": 0, "depreciationAndAmortization": -101900000, "ebitda": -25400000, "ebitdaratio": -0.0283925777, "operatingIncome": -125700000, "operatingIncomeRatio": -0.140509725, "totalOtherIncomeExpensesNet": 1600000, "incomeBeforeTax": 165500000, "incomeBeforeTaxRatio": 0.1849988822, "incomeTaxExpense": 63800000, "netIncome": 101700000, "netIncomeRatio": 0.1136820926, "eps": 1.31, "epsdiluted": 1.31, "weightedAverageShsOut": 74580153, "weightedAverageShsOutDil": 74580153, "link": "", "finalLink": "", "calculatedOtherExpenses": 602100000, "calculatedOperatingExpenses": 602100000, "calculatedNetInterest": 0, "calculatedOtherIncome": 291200000, "calculatedIncomeNonControlling": 0, "calculatedEbitda": -227600000}, {"date": "1995-12-31", "symbol": "AWK", "reportedCurrency": "USD", "cik": "0001410636", "fillingDate": "1995-12-31", "acceptedDate": "1995-12-30 19:00:00", "calendarYear": "1995", "period": "FY", "revenue": 802800000, "costOfRevenue": 396700000, "grossProfit": 406100000, "grossProfitRatio": 0.5058545092, "researchAndDevelopmentExpenses": 0, "generalAndAdministrativeExpenses": 0, "sellingAndMarketingExpenses": 0, "sellingGeneralAndAdministrativeExpenses": 0, "otherExpenses": 559900000, "operatingExpenses": 559900000, "costAndExpenses": 956600000, "interestIncome": 0, "interestExpense": 0, "depreciationAndAmortization": -87000000, "ebitda": -59700000, "ebitdaratio": -0.0743647235, "operatingIncome": -153800000, "operatingIncomeRatio": -0.1915794718, "totalOtherIncomeExpensesNet": -7100000, "incomeBeforeTax": 149700000, "incomeBeforeTaxRatio": 0.1864723468, "incomeTaxExpense": 57600000, "netIncome": 92100000, "netIncomeRatio": 0.1147234679, "eps": 1.32, "epsdiluted": 1.32, "weightedAverageShsOut": 66742424, "weightedAverageShsOutDil": 66742424, "link": "", "finalLink": "", "calculatedOtherExpenses": 559900000, "calculatedOperatingExpenses": 559900000, "calculatedNetInterest": 0, "calculatedOtherIncome": 303500000, "calculatedIncomeNonControlling": 0, "calculatedEbitda": -240800000}, {"date": "1994-12-31", "symbol": "AWK", "reportedCurrency": "USD", "cik": "0001410636", "fillingDate": "1994-12-31", "acceptedDate": "1994-12-30 19:00:00", "calendarYear": "1994", "period": "FY", "revenue": 770200000, "costOfRevenue": 385000000, "grossProfit": 385200000, "grossProfitRatio": 0.5001298364, "researchAndDevelopmentExpenses": 0, "generalAndAdministrativeExpenses": 0, "sellingAndMarketingExpenses": 0, "sellingGeneralAndAdministrativeExpenses": 0, "otherExpenses": 538700000, "operatingExpenses": 538700000, "costAndExpenses": 923700000, "interestIncome": 0, "interestExpense": 0, "depreciationAndAmortization": -80600000, "ebitda": -73400000, "ebitdaratio": -0.0952999221, "operatingIncome": -153500000, "operatingIncomeRatio": -0.1992988834, "totalOtherIncomeExpensesNet": 500000, "incomeBeforeTax": 128600000, "incomeBeforeTaxRatio": 0.1669696183, "incomeTaxExpense": 49900000, "netIncome": 78700000, "netIncomeRatio": 0.1021812516, "eps": 1.17, "epsdiluted": 1.17, "weightedAverageShsOut": 63846154, "weightedAverageShsOutDil": 63846154, "link": "", "finalLink": "", "calculatedOtherExpenses": 538700000, "calculatedOperatingExpenses": 538700000, "calculatedNetInterest": 0, "calculatedOtherIncome": 282100000, "calculatedIncomeNonControlling": 0, "calculatedEbitda": -234100000}, {"date": "1993-12-31", "symbol": "AWK", "reportedCurrency": "USD", "cik": "0001410636", "fillingDate": "1993-12-31", "acceptedDate": "1993-12-30 19:00:00", "calendarYear": "1993", "period": "FY", "revenue": 717500000, "costOfRevenue": 355800000, "grossProfit": 361700000, "grossProfitRatio": 0.5041114983, "researchAndDevelopmentExpenses": 0, "generalAndAdministrativeExpenses": 0, "sellingAndMarketingExpenses": 0, "sellingGeneralAndAdministrativeExpenses": 0, "otherExpenses": 498800000, "operatingExpenses": 498800000, "costAndExpenses": 854600000, "interestIncome": 0, "interestExpense": 0, "depreciationAndAmortization": -75100000, "ebitda": -61300000, "ebitdaratio": -0.0854355401, "operatingIncome": -137100000, "operatingIncomeRatio": -0.1910801394, "totalOtherIncomeExpensesNet": -700000, "incomeBeforeTax": 123300000, "incomeBeforeTaxRatio": 0.1718466899, "incomeTaxExpense": 47900000, "netIncome": 75400000, "netIncomeRatio": 0.105087108, "eps": 1.15, "epsdiluted": 1.15, "weightedAverageShsOut": 62086957, "weightedAverageShsOutDil": 62086957, "link": "", "finalLink": "", "calculatedOtherExpenses": 498800000, "calculatedOperatingExpenses": 498800000, "calculatedNetInterest": 0, "calculatedOtherIncome": 260400000, "calculatedIncomeNonControlling": 0, "calculatedEbitda": -212200000}, {"date": "1992-12-31", "symbol": "AWK", "reportedCurrency": "USD", "cik": "0001410636", "fillingDate": "1992-12-31", "acceptedDate": "1992-12-30 19:00:00", "calendarYear": "1992", "period": "FY", "revenue": 657400000, "costOfRevenue": 333200000, "grossProfit": 324200000, "grossProfitRatio": 0.4931548524, "researchAndDevelopmentExpenses": 0, "generalAndAdministrativeExpenses": 0, "sellingAndMarketingExpenses": 0, "sellingGeneralAndAdministrativeExpenses": 0, "otherExpenses": 122000000, "operatingExpenses": 122000000, "costAndExpenses": 455200000, "interestIncome": 0, "interestExpense": 0, "depreciationAndAmortization": -58400000, "ebitda": 257200000, "ebitdaratio": 0.3912382111, "operatingIncome": 202200000, "operatingIncomeRatio": 0.3075752966, "totalOtherIncomeExpensesNet": 3400000, "incomeBeforeTax": 105900000, "incomeBeforeTaxRatio": 0.161089139, "incomeTaxExpense": 37700000, "netIncome": 68200000, "netIncomeRatio": 0.103742014, "eps": 1.04, "epsdiluted": 1.04, "weightedAverageShsOut": 61730769, "weightedAverageShsOutDil": 61730769, "link": "", "finalLink": "", "calculatedOtherExpenses": 122000000, "calculatedOperatingExpenses": 122000000, "calculatedNetInterest": 0, "calculatedOtherIncome": -96300000, "calculatedIncomeNonControlling": 0, "calculatedEbitda": 143800000}, {"date": "1991-12-31", "symbol": "AWK", "reportedCurrency": "USD", "cik": "0001410636", "fillingDate": "1991-12-31", "acceptedDate": "1991-12-30 19:00:00", "calendarYear": "1991", "period": "FY", "revenue": 633000000, "costOfRevenue": 318300000, "grossProfit": 314700000, "grossProfitRatio": 0.4971563981, "researchAndDevelopmentExpenses": 0, "generalAndAdministrativeExpenses": 0, "sellingAndMarketingExpenses": 0, "sellingGeneralAndAdministrativeExpenses": 0, "otherExpenses": 110400000, "operatingExpenses": 110400000, "costAndExpenses": 428700000, "interestIncome": 0, "interestExpense": 0, "depreciationAndAmortization": -52100000, "ebitda": 251500000, "ebitdaratio": 0.397314376, "operatingIncome": 204300000, "operatingIncomeRatio": 0.3227488152, "totalOtherIncomeExpensesNet": 4900000, "incomeBeforeTax": 111800000, "incomeBeforeTaxRatio": 0.1766192733, "incomeTaxExpense": 38200000, "netIncome": 73600000, "netIncomeRatio": 0.116271722, "eps": 1.14, "epsdiluted": 1.14, "weightedAverageShsOut": 61315789, "weightedAverageShsOutDil": 61315789, "link": "", "finalLink": "", "calculatedOtherExpenses": 110400000, "calculatedOperatingExpenses": 110400000, "calculatedNetInterest": 0, "calculatedOtherIncome": -92500000, "calculatedIncomeNonControlling": 0, "calculatedEbitda": 152200000}, {"date": "1990-12-31", "symbol": "AWK", "reportedCurrency": "USD", "cik": "0001410636", "fillingDate": "1990-12-31", "acceptedDate": "1990-12-30 19:00:00", "calendarYear": "1990", "period": "FY", "revenue": 570700000, "costOfRevenue": 294700000, "grossProfit": 276000000, "grossProfitRatio": 0.4836166112, "researchAndDevelopmentExpenses": 0, "generalAndAdministrativeExpenses": 0, "sellingAndMarketingExpenses": 0, "sellingGeneralAndAdministrativeExpenses": 0, "otherExpenses": 99100000, "operatingExpenses": 99100000, "costAndExpenses": 393800000, "interestIncome": 0, "interestExpense": 0, "depreciationAndAmortization": -47000000, "ebitda": 220400000, "ebitdaratio": 0.3861923953, "operatingIncome": 176900000, "operatingIncomeRatio": 0.309970212, "totalOtherIncomeExpensesNet": 3500000, "incomeBeforeTax": 86700000, "incomeBeforeTaxRatio": 0.1519186963, "incomeTaxExpense": 29600000, "netIncome": 57100000, "netIncomeRatio": 0.100052567, "eps": 0.92, "epsdiluted": 0.92, "weightedAverageShsOut": 61304348, "weightedAverageShsOutDil": 61304348, "link": "", "finalLink": "", "calculatedOtherExpenses": 99100000, "calculatedOperatingExpenses": 99100000, "calculatedNetInterest": 0, "calculatedOtherIncome": -90200000, "calculatedIncomeNonControlling": 0, "calculatedEbitda": 129900000}, {"date": "1989-12-31", "symbol": "AWK", "reportedCurrency": "USD", "cik": "0001410636", "fillingDate": "1989-12-31", "acceptedDate": "1989-12-30 19:00:00", "calendarYear": "1989", "period": "FY", "revenue": 527500000, "costOfRevenue": 285600000, "grossProfit": 241900000, "grossProfitRatio": 0.4585781991, "researchAndDevelopmentExpenses": 0, "generalAndAdministrativeExpenses": 0, "sellingAndMarketingExpenses": 0, "sellingGeneralAndAdministrativeExpenses": 0, "otherExpenses": 86700000, "operatingExpenses": 86700000, "costAndExpenses": 372300000, "interestIncome": 0, "interestExpense": 0, "depreciationAndAmortization": -39700000, "ebitda": 192000000, "ebitdaratio": 0.3639810427, "operatingIncome": 155200000, "operatingIncomeRatio": 0.2942180095, "totalOtherIncomeExpensesNet": 2900000, "incomeBeforeTax": 74800000, "incomeBeforeTaxRatio": 0.1418009479, "incomeTaxExpense": 26500000, "netIncome": 48300000, "netIncomeRatio": 0.091563981, "eps": 0.78, "epsdiluted": 0.78, "weightedAverageShsOut": 61025641, "weightedAverageShsOutDil": 61025641, "link": "", "finalLink": "", "calculatedOtherExpenses": 86700000, "calculatedOperatingExpenses": 86700000, "calculatedNetInterest": 0, "calculatedOtherIncome": -80400000, "calculatedIncomeNonControlling": 0, "calculatedEbitda": 115500000}, {"date": "1988-12-31", "symbol": "AWK", "reportedCurrency": "USD", "cik": "0001410636", "fillingDate": "1988-12-31", "acceptedDate": "1988-12-30 19:00:00", "calendarYear": "1988", "period": "FY", "revenue": 511900000, "costOfRevenue": 271600000, "grossProfit": 240300000, "grossProfitRatio": 0.4694276226, "researchAndDevelopmentExpenses": 0, "generalAndAdministrativeExpenses": 0, "sellingAndMarketingExpenses": 0, "sellingGeneralAndAdministrativeExpenses": 0, "otherExpenses": 80300000, "operatingExpenses": 80300000, "costAndExpenses": 351900000, "interestIncome": 0, "interestExpense": 0, "depreciationAndAmortization": 35500000, "ebitda": 193700000, "ebitdaratio": 0.3783942176, "operatingIncome": 160000000, "operatingIncomeRatio": 0.3125610471, "totalOtherIncomeExpensesNet": 1800000, "incomeBeforeTax": 87900000, "incomeBeforeTaxRatio": 0.1717132252, "incomeTaxExpense": 31000000, "netIncome": 56900000, "netIncomeRatio": 0.1111545224, "eps": 0.92, "epsdiluted": 0.92, "weightedAverageShsOut": 60978261, "weightedAverageShsOutDil": 60978261, "link": "", "finalLink": "", "calculatedOtherExpenses": 80300000, "calculatedOperatingExpenses": 80300000, "calculatedNetInterest": 0, "calculatedOtherIncome": -72100000, "calculatedIncomeNonControlling": 0, "calculatedEbitda": 195500000}, {"date": "1987-12-31", "symbol": "AWK", "reportedCurrency": "USD", "cik": "0001410636", "fillingDate": "1987-12-31", "acceptedDate": "1987-12-30 19:00:00", "calendarYear": "1987", "period": "FY", "revenue": 483400000, "costOfRevenue": 246500000, "grossProfit": 236900000, "grossProfitRatio": 0.4900703351, "researchAndDevelopmentExpenses": 0, "generalAndAdministrativeExpenses": 0, "sellingAndMarketingExpenses": 0, "sellingGeneralAndAdministrativeExpenses": 0, "otherExpenses": 77100000, "operatingExpenses": 77100000, "costAndExpenses": 323600000, "interestIncome": 0, "interestExpense": 0, "depreciationAndAmortization": 35000000, "ebitda": 190500000, "ebitdaratio": 0.3940835747, "operatingIncome": 159800000, "operatingIncomeRatio": 0.3305750931, "totalOtherIncomeExpensesNet": 4300000, "incomeBeforeTax": 97100000, "incomeBeforeTaxRatio": 0.2008688457, "incomeTaxExpense": 41100000, "netIncome": 56000000, "netIncomeRatio": 0.1158460902, "eps": 0.91, "epsdiluted": 0.91, "weightedAverageShsOut": 60549451, "weightedAverageShsOutDil": 60549451, "link": "", "finalLink": "", "calculatedOtherExpenses": 77100000, "calculatedOperatingExpenses": 77100000, "calculatedNetInterest": 0, "calculatedOtherIncome": -62700000, "calculatedIncomeNonControlling": 0, "calculatedEbitda": 194800000}, {"date": "1986-12-31", "symbol": "AWK", "reportedCurrency": "USD", "cik": "0001410636", "fillingDate": "1986-12-31", "acceptedDate": "1986-12-30 19:00:00", "calendarYear": "1986", "period": "FY", "revenue": 466500000, "costOfRevenue": 232700000, "grossProfit": 233800000, "grossProfitRatio": 0.5011789925, "researchAndDevelopmentExpenses": 0, "generalAndAdministrativeExpenses": 0, "sellingAndMarketingExpenses": 0, "sellingGeneralAndAdministrativeExpenses": 0, "otherExpenses": 73100000, "operatingExpenses": 73100000, "costAndExpenses": 305800000, "interestIncome": 0, "interestExpense": 0, "depreciationAndAmortization": 32800000, "ebitda": 186800000, "ebitdaratio": 0.4004287245, "operatingIncome": 160700000, "operatingIncomeRatio": 0.3444801715, "totalOtherIncomeExpensesNet": 6700000, "incomeBeforeTax": 103200000, "incomeBeforeTaxRatio": 0.221221865, "incomeTaxExpense": 47400000, "netIncome": 55800000, "netIncomeRatio": 0.1196141479, "eps": 0.91, "epsdiluted": 0.9, "weightedAverageShsOut": 60329670, "weightedAverageShsOutDil": 61000000, "link": "", "finalLink": "", "calculatedOtherExpenses": 73100000, "calculatedOperatingExpenses": 73100000, "calculatedNetInterest": 0, "calculatedOtherIncome": -57500000, "calculatedIncomeNonControlling": 0, "calculatedEbitda": 193500000}, {"date": "1985-12-31", "symbol": "AWK", "reportedCurrency": "USD", "cik": "0001410636", "fillingDate": "1985-12-31", "acceptedDate": "1985-12-30 19:00:00", "calendarYear": "1985", "period": "FY", "revenue": 429700000, "costOfRevenue": 213000000, "grossProfit": 216700000, "grossProfitRatio": 0.5043053293, "researchAndDevelopmentExpenses": 0, "generalAndAdministrativeExpenses": 0, "sellingAndMarketingExpenses": 0, "sellingGeneralAndAdministrativeExpenses": 5400000, "otherExpenses": 68200000, "operatingExpenses": 73600000, "costAndExpenses": 286600000, "interestIncome": 0, "interestExpense": 0, "depreciationAndAmortization": 29600000, "ebitda": 172000000, "ebitdaratio": 0.4002792646, "operatingIncome": 143100000, "operatingIncomeRatio": 0.3330230393, "totalOtherIncomeExpensesNet": 700000, "incomeBeforeTax": 84000000, "incomeBeforeTaxRatio": 0.1954852222, "incomeTaxExpense": 37100000, "netIncome": 46900000, "netIncomeRatio": 0.1091459158, "eps": 0.77, "epsdiluted": 0.76, "weightedAverageShsOut": 59610390, "weightedAverageShsOutDil": 60394737, "link": "", "finalLink": "", "calculatedOtherExpenses": 68200000, "calculatedOperatingExpenses": 73600000, "calculatedNetInterest": 0, "calculatedOtherIncome": -59100000, "calculatedIncomeNonControlling": 0, "calculatedEbitda": 172700000}]}