{"originalCurrency": "USD", "convertedCurrency": "USD", "report": [{"date": "2023-12-31", "symbol": "AWR", "reportedCurrency": "USD", "cik": "0001056903", "fillingDate": "2024-02-21", "acceptedDate": "2024-02-21 16:34:22", "calendarYear": "2023", "period": "FY", "revenue": 595699000, "costOfRevenue": 146154000, "grossProfit": 449545000, "grossProfitRatio": 0.7546512584, "researchAndDevelopmentExpenses": 0, "generalAndAdministrativeExpenses": 88273000, "sellingAndMarketingExpenses": 0, "sellingGeneralAndAdministrativeExpenses": 88273000, "otherExpenses": 5126000, "operatingExpenses": 252905000, "costAndExpenses": 399059000, "interestIncome": 7416000, "interestExpense": 42762000, "depreciationAndAmortization": 43254000, "ebitda": 252436000, "ebitdaratio": 0.4237643508, "operatingIncome": 196740000, "operatingIncomeRatio": 0.3302674673, "totalOtherIncomeExpensesNet": 5226000, "incomeBeforeTax": 166520000, "incomeBeforeTaxRatio": 0.2795371488, "incomeTaxExpense": 41599000, "netIncome": 124921000, "netIncomeRatio": 0.2097049013, "eps": 3.37, "epsdiluted": 3.36, "weightedAverageShsOut": 36976000, "weightedAverageShsOutDil": 37077000, "link": "https://www.sec.gov/Archives/edgar/data/1056903/000162828024005922/0001628280-24-005922-index.htm", "finalLink": "https://www.sec.gov/Archives/edgar/data/92116/000162828024005922/awr-20231231.htm", "calculatedOtherExpenses": 164532000, "calculatedOperatingExpenses": 252805000, "calculatedNetInterest": -35346000, "calculatedOtherIncome": 5126000, "calculatedIncomeNonControlling": 0, "calculatedEbitda": 239994000}, {"date": "2022-12-31", "symbol": "AWR", "reportedCurrency": "USD", "cik": "0001056903", "fillingDate": "2023-03-01", "acceptedDate": "2023-03-01 16:59:32", "calendarYear": "2022", "period": "FY", "revenue": 491528000, "costOfRevenue": 123302000, "grossProfit": 368226000, "grossProfitRatio": 0.7491455217, "researchAndDevelopmentExpenses": 0, "generalAndAdministrativeExpenses": 86190000, "sellingAndMarketingExpenses": 0, "sellingGeneralAndAdministrativeExpenses": 86190000, "otherExpenses": 155475000, "operatingExpenses": 241665000, "costAndExpenses": 364967000, "interestIncome": 2326000, "interestExpense": 27027000, "depreciationAndAmortization": 43691000, "ebitda": 170327000, "ebitdaratio": 0.3465255286, "operatingIncome": 126636000, "operatingIncomeRatio": 0.2576374082, "totalOtherIncomeExpensesNet": -24576000, "incomeBeforeTax": 102060000, "incomeBeforeTaxRatio": 0.207638222, "incomeTaxExpense": 23664000, "netIncome": 78396000, "netIncomeRatio": 0.1594944744, "eps": 2.12, "epsdiluted": 2.11, "weightedAverageShsOut": 36955000, "weightedAverageShsOutDil": 37039000, "link": "https://www.sec.gov/Archives/edgar/data/1056903/000162828023005869/0001628280-23-005869-index.htm", "finalLink": "https://www.sec.gov/Archives/edgar/data/92116/000162828023005869/awr-20221231.htm", "calculatedOtherExpenses": 155400000, "calculatedOperatingExpenses": 241590000, "calculatedNetInterest": -24701000, "calculatedOtherIncome": 125000, "calculatedIncomeNonControlling": 0, "calculatedEbitda": 170327000}, {"date": "2021-12-31", "symbol": "AWR", "reportedCurrency": "USD", "cik": "0001056903", "fillingDate": "2022-02-22", "acceptedDate": "2022-02-22 16:33:26", "calendarYear": "2021", "period": "FY", "revenue": 498853000, "costOfRevenue": 121029000, "grossProfit": 377824000, "grossProfitRatio": 0.7573854422, "researchAndDevelopmentExpenses": 0, "generalAndAdministrativeExpenses": 83547000, "sellingAndMarketingExpenses": 0, "sellingGeneralAndAdministrativeExpenses": 83547000, "otherExpenses": 153765000, "operatingExpenses": 237312000, "costAndExpenses": 358341000, "interestIncome": 1493000, "interestExpense": 22834000, "depreciationAndAmortization": 45758000, "ebitda": 186735000, "ebitdaratio": 0.3743287101, "operatingIncome": 140977000, "operatingIncomeRatio": 0.2826022897, "totalOtherIncomeExpensesNet": -16207000, "incomeBeforeTax": 124770000, "incomeBeforeTaxRatio": 0.250113761, "incomeTaxExpense": 30423000, "netIncome": 94347000, "netIncomeRatio": 0.1891278593, "eps": 2.55, "epsdiluted": 2.55, "weightedAverageShsOut": 36921000, "weightedAverageShsOutDil": 37010000, "link": "https://www.sec.gov/Archives/edgar/data/1056903/000105690322000022/0001056903-22-000022-index.htm", "finalLink": "https://www.sec.gov/Archives/edgar/data/92116/000105690322000022/awr-20211231.htm", "calculatedOtherExpenses": 153300000, "calculatedOperatingExpenses": 236847000, "calculatedNetInterest": -21341000, "calculatedOtherIncome": 5134000, "calculatedIncomeNonControlling": 0, "calculatedEbitda": 186735000}, {"date": "2020-12-31", "symbol": "AWR", "reportedCurrency": "USD", "cik": "0001056903", "fillingDate": "2021-02-22", "acceptedDate": "2021-02-22 17:23:31", "calendarYear": "2020", "period": "FY", "revenue": 488243000, "costOfRevenue": 119402000, "grossProfit": 368841000, "grossProfitRatio": 0.7554455466, "researchAndDevelopmentExpenses": 0, "generalAndAdministrativeExpenses": 83615000, "sellingAndMarketingExpenses": 0, "sellingGeneralAndAdministrativeExpenses": 83615000, "otherExpenses": 154696000, "operatingExpenses": 238311000, "costAndExpenses": 357713000, "interestIncome": 1801000, "interestExpense": 22531000, "depreciationAndAmortization": 43535000, "ebitda": 174034000, "ebitdaratio": 0.3564495548, "operatingIncome": 130499000, "operatingIncomeRatio": 0.2672828899, "totalOtherIncomeExpensesNet": -15877000, "incomeBeforeTax": 114622000, "incomeBeforeTaxRatio": 0.2347642465, "incomeTaxExpense": 28197000, "netIncome": 86425000, "netIncomeRatio": 0.1770122664, "eps": 2.34, "epsdiluted": 2.33, "weightedAverageShsOut": 36880000, "weightedAverageShsOutDil": 36995000, "link": "https://www.sec.gov/Archives/edgar/data/1056903/000105690321000021/0001056903-21-000021-index.htm", "finalLink": "https://www.sec.gov/Archives/edgar/data/92116/000105690321000021/awr-20201231.htm", "calculatedOtherExpenses": 154727000, "calculatedOperatingExpenses": 238342000, "calculatedNetInterest": -20730000, "calculatedOtherIncome": 4853000, "calculatedIncomeNonControlling": 0, "calculatedEbitda": 174034000}, {"date": "2019-12-31", "symbol": "AWR", "reportedCurrency": "USD", "cik": "0001056903", "fillingDate": "2020-02-24", "acceptedDate": "2020-02-24 16:57:17", "calendarYear": "2019", "period": "FY", "revenue": 473869000, "costOfRevenue": 120147000, "grossProfit": 353722000, "grossProfitRatio": 0.746455244, "researchAndDevelopmentExpenses": 0, "generalAndAdministrativeExpenses": 83034000, "sellingAndMarketingExpenses": 0, "sellingGeneralAndAdministrativeExpenses": 83034000, "otherExpenses": 143868000, "operatingExpenses": 226902000, "costAndExpenses": 347049000, "interestIncome": 3249000, "interestExpense": 24586000, "depreciationAndAmortization": 41669000, "ebitda": 168742000, "ebitdaratio": 0.3560941948, "operatingIncome": 127073000, "operatingIncomeRatio": 0.2681606098, "totalOtherIncomeExpensesNet": -18061000, "incomeBeforeTax": 109012000, "incomeBeforeTaxRatio": 0.2300467007, "incomeTaxExpense": 24670000, "netIncome": 84342000, "netIncomeRatio": 0.1779858991, "eps": 2.28, "epsdiluted": 2.28, "weightedAverageShsOut": 36814000, "weightedAverageShsOutDil": 36964000, "link": "https://www.sec.gov/Archives/edgar/data/1056903/000105690320000018/0001056903-20-000018-index.htm", "finalLink": "https://www.sec.gov/Archives/edgar/data/92116/000105690320000018/awr-20191231x10k.htm", "calculatedOtherExpenses": 143615000, "calculatedOperatingExpenses": 226649000, "calculatedNetInterest": -21337000, "calculatedOtherIncome": 3276000, "calculatedIncomeNonControlling": 0, "calculatedEbitda": 168742000}, {"date": "2018-12-31", "symbol": "AWR", "reportedCurrency": "USD", "cik": "0001056903", "fillingDate": "2019-02-25", "acceptedDate": "2019-02-25 16:40:39", "calendarYear": "2018", "period": "FY", "revenue": 436816000, "costOfRevenue": 108938000, "grossProfit": 327878000, "grossProfitRatio": 0.7506089521, "researchAndDevelopmentExpenses": 0, "generalAndAdministrativeExpenses": 82595000, "sellingAndMarketingExpenses": 0, "sellingGeneralAndAdministrativeExpenses": 82595000, "otherExpenses": 760000, "operatingExpenses": 226980000, "costAndExpenses": 335918000, "interestIncome": 3578000, "interestExpense": 23433000, "depreciationAndAmortization": 40425000, "ebitda": 145661000, "ebitdaratio": 0.3334607707, "operatingIncome": 100983000, "operatingIncomeRatio": 0.2311797187, "totalOtherIncomeExpensesNet": 845000, "incomeBeforeTax": 81888000, "incomeBeforeTaxRatio": 0.1874656606, "incomeTaxExpense": 18017000, "netIncome": 63871000, "netIncomeRatio": 0.1462194608, "eps": 1.74, "epsdiluted": 1.73, "weightedAverageShsOut": 36733000, "weightedAverageShsOutDil": 36936000, "link": "https://www.sec.gov/Archives/edgar/data/1056903/000105690319000004/0001056903-19-000004-index.htm", "finalLink": "https://www.sec.gov/Archives/edgar/data/92116/000105690319000004/awr-20181231x10k.htm", "calculatedOtherExpenses": 144300000, "calculatedOperatingExpenses": 226895000, "calculatedNetInterest": -19855000, "calculatedOtherIncome": 760000, "calculatedIncomeNonControlling": 0, "calculatedEbitda": 141408000}, {"date": "2017-12-31", "symbol": "AWR", "reportedCurrency": "USD", "cik": "0001056903", "fillingDate": "2018-02-26", "acceptedDate": "2018-02-26 17:08:25", "calendarYear": "2017", "period": "FY", "revenue": 440603000, "costOfRevenue": 103415000, "grossProfit": 337188000, "grossProfitRatio": 0.7652875718, "researchAndDevelopmentExpenses": 0, "generalAndAdministrativeExpenses": 81662000, "sellingAndMarketingExpenses": 0, "sellingGeneralAndAdministrativeExpenses": 81662000, "otherExpenses": 2057000, "operatingExpenses": 218430000, "costAndExpenses": 321845000, "interestIncome": 1790000, "interestExpense": 22582000, "depreciationAndAmortization": 39273000, "ebitda": 161878000, "ebitdaratio": 0.367401039, "operatingIncome": 127076000, "operatingIncomeRatio": 0.2884138329, "totalOtherIncomeExpensesNet": 10375000, "incomeBeforeTax": 108341000, "incomeBeforeTaxRatio": 0.2458925609, "incomeTaxExpense": 38974000, "netIncome": 69367000, "netIncomeRatio": 0.1574365131, "eps": 1.88, "epsdiluted": 1.88, "weightedAverageShsOut": 36638000, "weightedAverageShsOutDil": 36844000, "link": "https://www.sec.gov/Archives/edgar/data/1056903/000105690318000006/0001056903-18-000006-index.htm", "finalLink": "https://www.sec.gov/Archives/edgar/data/92116/000105690318000006/awr-20171231x10k.htm", "calculatedOtherExpenses": 128450000, "calculatedOperatingExpenses": 210112000, "calculatedNetInterest": -20792000, "calculatedOtherIncome": 2057000, "calculatedIncomeNonControlling": 0, "calculatedEbitda": 166349000}, {"date": "2016-12-31", "symbol": "AWR", "reportedCurrency": "USD", "cik": "0001056903", "fillingDate": "2017-02-23", "acceptedDate": "2017-02-23 16:50:37", "calendarYear": "2016", "period": "FY", "revenue": 436087000, "costOfRevenue": 102749000, "grossProfit": 333338000, "grossProfitRatio": 0.764384171, "researchAndDevelopmentExpenses": 0, "generalAndAdministrativeExpenses": 80994000, "sellingAndMarketingExpenses": 0, "sellingGeneralAndAdministrativeExpenses": 80994000, "otherExpenses": 997000, "operatingExpenses": 218622000, "costAndExpenses": 321371000, "interestIncome": 757000, "interestExpense": 21992000, "depreciationAndAmortization": 38850000, "ebitda": 155320000, "ebitdaratio": 0.356167462, "operatingIncome": 114716000, "operatingIncomeRatio": 0.2630576009, "totalOtherIncomeExpensesNet": 997000, "incomeBeforeTax": 94478000, "incomeBeforeTaxRatio": 0.21664943, "incomeTaxExpense": 34735000, "netIncome": 59743000, "netIncomeRatio": 0.1369978926, "eps": 1.63, "epsdiluted": 1.62, "weightedAverageShsOut": 36552000, "weightedAverageShsOutDil": 36750000, "link": "https://www.sec.gov/Archives/edgar/data/1056903/000105690317000003/0001056903-17-000003-index.htm", "finalLink": "https://www.sec.gov/Archives/edgar/data/92116/000105690317000003/awr-20161231x10k.htm", "calculatedOtherExpenses": 137628000, "calculatedOperatingExpenses": 218622000, "calculatedNetInterest": -21235000, "calculatedOtherIncome": 997000, "calculatedIncomeNonControlling": 0, "calculatedEbitda": 153566000}, {"date": "2015-12-31", "symbol": "AWR", "reportedCurrency": "USD", "cik": "0001056903", "fillingDate": "2016-02-24", "acceptedDate": "2016-02-24 17:14:59", "calendarYear": "2015", "period": "FY", "revenue": 458641000, "costOfRevenue": 120427000, "grossProfit": 338214000, "grossProfitRatio": 0.7374264403, "researchAndDevelopmentExpenses": 0, "generalAndAdministrativeExpenses": 79817000, "sellingAndMarketingExpenses": 0, "sellingGeneralAndAdministrativeExpenses": 79817000, "otherExpenses": 356000, "operatingExpenses": 219725000, "costAndExpenses": 340152000, "interestIncome": 458000, "interestExpense": 21088000, "depreciationAndAmortization": 42033000, "ebitda": 161336000, "ebitdaratio": 0.3517696848, "operatingIncome": 118489000, "operatingIncomeRatio": 0.2583480326, "totalOtherIncomeExpensesNet": 356000, "incomeBeforeTax": 98215000, "incomeBeforeTaxRatio": 0.214143524, "incomeTaxExpense": 37731000, "netIncome": 60484000, "netIncomeRatio": 0.1318765658, "eps": 1.61, "epsdiluted": 1.6, "weightedAverageShsOut": 37389000, "weightedAverageShsOutDil": 37614000, "link": "https://www.sec.gov/Archives/edgar/data/1056903/000105690316000024/0001056903-16-000024-index.htm", "finalLink": "https://www.sec.gov/Archives/edgar/data/92116/000105690316000024/awr-20151231x10k.htm", "calculatedOtherExpenses": 139908000, "calculatedOperatingExpenses": 219725000, "calculatedNetInterest": -20630000, "calculatedOtherIncome": 356000, "calculatedIncomeNonControlling": 0, "calculatedEbitda": 160522000}, {"date": "2014-12-31", "symbol": "AWR", "reportedCurrency": "USD", "cik": "0001056903", "fillingDate": "2015-02-25", "acceptedDate": "2015-02-25 17:10:06", "calendarYear": "2014", "period": "FY", "revenue": 465791000, "costOfRevenue": 117027000, "grossProfit": 348764000, "grossProfitRatio": 0.7487564165, "researchAndDevelopmentExpenses": 0, "generalAndAdministrativeExpenses": 78323000, "sellingAndMarketingExpenses": 0, "sellingGeneralAndAdministrativeExpenses": 78323000, "otherExpenses": 751000, "operatingExpenses": 229774000, "costAndExpenses": 346801000, "interestIncome": 927000, "interestExpense": 21617000, "depreciationAndAmortization": 41073000, "ebitda": 161741000, "ebitdaratio": 0.3472394271, "operatingIncome": 119045000, "operatingIncomeRatio": 0.2555759987, "totalOtherIncomeExpensesNet": 806000, "incomeBeforeTax": 99106000, "incomeBeforeTaxRatio": 0.2127692463, "incomeTaxExpense": 38048000, "netIncome": 61058000, "netIncomeRatio": 0.1310845422, "eps": 1.57, "epsdiluted": 1.57, "weightedAverageShsOut": 38658000, "weightedAverageShsOutDil": 38880000, "link": "https://www.sec.gov/Archives/edgar/data/1056903/000105690315000004/0001056903-15-000004-index.htm", "finalLink": "https://www.sec.gov/Archives/edgar/data/92116/000105690315000004/awr-20141231x10k.htm", "calculatedOtherExpenses": 151396000, "calculatedOperatingExpenses": 229719000, "calculatedNetInterest": -20690000, "calculatedOtherIncome": 751000, "calculatedIncomeNonControlling": 0, "calculatedEbitda": 160118000}, {"date": "2013-12-31", "symbol": "AWR", "reportedCurrency": "USD", "cik": "0001056903", "fillingDate": "2014-02-26", "acceptedDate": "2014-02-26 17:15:19", "calendarYear": "2013", "period": "FY", "revenue": 472077000, "costOfRevenue": 115367000, "grossProfit": 356710000, "grossProfitRatio": 0.7556182572, "researchAndDevelopmentExpenses": 0, "generalAndAdministrativeExpenses": 77291000, "sellingAndMarketingExpenses": 0, "sellingGeneralAndAdministrativeExpenses": 77291000, "otherExpenses": 1105000, "operatingExpenses": 237640000, "costAndExpenses": 353007000, "interestIncome": 707000, "interestExpense": 22415000, "depreciationAndAmortization": 40967000, "ebitda": 161849000, "ebitdaratio": 0.3428444936, "operatingIncome": 119072000, "operatingIncomeRatio": 0.2522300387, "totalOtherIncomeExpensesNet": 1107000, "incomeBeforeTax": 98469000, "incomeBeforeTaxRatio": 0.2085867348, "incomeTaxExpense": 35783000, "netIncome": 62686000, "netIncomeRatio": 0.1327876596, "eps": 1.61, "epsdiluted": 1.61, "weightedAverageShsOut": 38639000, "weightedAverageShsOutDil": 38869000, "link": "https://www.sec.gov/Archives/edgar/data/1056903/000105690314000004/0001056903-14-000004-index.htm", "finalLink": "https://www.sec.gov/Archives/edgar/data/92116/000105690314000004/awr-20131231x10k.htm", "calculatedOtherExpenses": 160347000, "calculatedOperatingExpenses": 237638000, "calculatedNetInterest": -21708000, "calculatedOtherIncome": 1105000, "calculatedIncomeNonControlling": 0, "calculatedEbitda": 160039000}, {"date": "2012-12-31", "symbol": "AWR", "reportedCurrency": "USD", "cik": "0001056903", "fillingDate": "2013-03-01", "acceptedDate": "2013-03-01 16:37:59", "calendarYear": "2012", "period": "FY", "revenue": 466908000, "costOfRevenue": 116813000, "grossProfit": 350095000, "grossProfitRatio": 0.7498158095, "researchAndDevelopmentExpenses": 0, "generalAndAdministrativeExpenses": 70556000, "sellingAndMarketingExpenses": 0, "sellingGeneralAndAdministrativeExpenses": 70556000, "otherExpenses": 431000, "operatingExpenses": 239069000, "costAndExpenses": 355882000, "interestIncome": 1333000, "interestExpense": 22765000, "depreciationAndAmortization": 41385000, "ebitda": 154175000, "ebitdaratio": 0.3302042372, "operatingIncome": 111094000, "operatingIncomeRatio": 0.2379355248, "totalOtherIncomeExpensesNet": 499000, "incomeBeforeTax": 90093000, "incomeBeforeTaxRatio": 0.1929566424, "incomeTaxExpense": 35945000, "netIncome": 54148000, "netIncomeRatio": 0.1159714548, "eps": 1.42, "epsdiluted": 1.41, "weightedAverageShsOut": 37998000, "weightedAverageShsOutDil": 38262000, "link": "https://www.sec.gov/Archives/edgar/data/1056903/000110465913016827/0001104659-13-016827-index.htm", "finalLink": "https://www.sec.gov/Archives/edgar/data/92116/000110465913016827/a12-29034_110k.htm", "calculatedOtherExpenses": 168445000, "calculatedOperatingExpenses": 239001000, "calculatedNetInterest": -21432000, "calculatedOtherIncome": 431000, "calculatedIncomeNonControlling": 0, "calculatedEbitda": 152479000}, {"date": "2011-12-31", "symbol": "AWR", "reportedCurrency": "USD", "cik": "0001056903", "fillingDate": "2012-03-12", "acceptedDate": "2012-03-12 13:20:57", "calendarYear": "2011", "period": "FY", "revenue": 419274000, "costOfRevenue": 150397000, "grossProfit": 268877000, "grossProfitRatio": 0.6412918521, "researchAndDevelopmentExpenses": 0, "generalAndAdministrativeExpenses": 75144000, "sellingAndMarketingExpenses": 0, "sellingGeneralAndAdministrativeExpenses": 75144000, "otherExpenses": 98629000, "operatingExpenses": 173773000, "costAndExpenses": 324170000, "interestIncome": 859000, "interestExpense": 23681000, "depreciationAndAmortization": 38349000, "ebitda": 134312000, "ebitdaratio": 0.320344214, "operatingIncome": 95104000, "operatingIncomeRatio": 0.2268301874, "totalOtherIncomeExpensesNet": -196000, "incomeBeforeTax": 72086000, "incomeBeforeTaxRatio": 0.1719305275, "incomeTaxExpense": 30076000, "netIncome": 45859000, "netIncomeRatio": 0.1093771615, "eps": 1.22, "epsdiluted": 1.21, "weightedAverageShsOut": 37386000, "weightedAverageShsOutDil": 37674000, "link": "https://www.sec.gov/Archives/edgar/data/1056903/000110465912017424/0001104659-12-017424-index.htm", "finalLink": "https://www.sec.gov/Archives/edgar/data/92116/000110465912017424/a12-1326_110k.htm", "calculatedOtherExpenses": 98629000, "calculatedOperatingExpenses": 173773000, "calculatedNetInterest": -22822000, "calculatedOtherIncome": -196000, "calculatedIncomeNonControlling": -3849000, "calculatedEbitda": 133453000}, {"date": "2010-12-31", "symbol": "AWR", "reportedCurrency": "USD", "cik": "0001056903", "fillingDate": "2011-03-11", "acceptedDate": "2011-03-11 16:56:54", "calendarYear": "2010", "period": "FY", "revenue": 398942000, "costOfRevenue": 101151000, "grossProfit": 297791000, "grossProfitRatio": 0.7464518652, "researchAndDevelopmentExpenses": 0, "generalAndAdministrativeExpenses": 87135000, "sellingAndMarketingExpenses": 38577000, "sellingGeneralAndAdministrativeExpenses": 125712000, "otherExpenses": 98260000, "operatingExpenses": 223972000, "costAndExpenses": 325123000, "interestIncome": 2406000, "interestExpense": 21636000, "depreciationAndAmortization": 38167000, "ebitda": 114392000, "ebitdaratio": 0.2867384231, "operatingIncome": 73819000, "operatingIncomeRatio": 0.1850369227, "totalOtherIncomeExpensesNet": -463000, "incomeBeforeTax": 54126000, "incomeBeforeTaxRatio": 0.1356738574, "incomeTaxExpense": 23035000, "netIncome": 33197000, "netIncomeRatio": 0.0832125973, "eps": 0.89, "epsdiluted": 0.89, "weightedAverageShsOut": 37170000, "weightedAverageShsOutDil": 37472000, "link": "https://www.sec.gov/Archives/edgar/data/1056903/000110465911013923/0001104659-11-013923-index.htm", "finalLink": "https://www.sec.gov/Archives/edgar/data/92116/000110465911013923/a11-2412_110k.htm", "calculatedOtherExpenses": 98260000, "calculatedOperatingExpenses": 223972000, "calculatedNetInterest": -19230000, "calculatedOtherIncome": -463000, "calculatedIncomeNonControlling": -2106000, "calculatedEbitda": 111986000}, {"date": "2009-12-31", "symbol": "AWR", "reportedCurrency": "USD", "cik": "0001056903", "fillingDate": "2010-03-12", "acceptedDate": "2010-03-12 17:05:58", "calendarYear": "2009", "period": "FY", "revenue": 360973000, "costOfRevenue": 93242000, "grossProfit": 267731000, "grossProfitRatio": 0.741692592, "researchAndDevelopmentExpenses": 0, "generalAndAdministrativeExpenses": 70145000, "sellingAndMarketingExpenses": 0, "sellingGeneralAndAdministrativeExpenses": 70145000, "otherExpenses": 94375000, "operatingExpenses": 164520000, "costAndExpenses": 257762000, "interestIncome": 947000, "interestExpense": 22306000, "depreciationAndAmortization": 33557000, "ebitda": 137715000, "ebitdaratio": 0.3815105285, "operatingIncome": 69494000, "operatingIncomeRatio": 0.192518554, "totalOtherIncomeExpensesNet": -33496000, "incomeBeforeTax": 48356000, "incomeBeforeTaxRatio": 0.1339601577, "incomeTaxExpense": 18825000, "netIncome": 29531000, "netIncomeRatio": 0.0818094428, "eps": 0.82, "epsdiluted": 0.81, "weightedAverageShsOut": 36104000, "weightedAverageShsOutDil": 36376000, "link": "https://www.sec.gov/Archives/edgar/data/1056903/000110465910014038/0001104659-10-014038-index.htm", "finalLink": "https://www.sec.gov/Archives/edgar/data/92116/000110465910014038/a10-1616_110k.htm", "calculatedOtherExpenses": 128092000, "calculatedOperatingExpenses": 198237000, "calculatedNetInterest": -21359000, "calculatedOtherIncome": 221000, "calculatedIncomeNonControlling": 0, "calculatedEbitda": 103051000}, {"date": "2008-12-31", "symbol": "AWR", "reportedCurrency": "USD", "cik": "0001056903", "fillingDate": "2009-03-13", "acceptedDate": "2009-03-13 17:00:06", "calendarYear": "2008", "period": "FY", "revenue": 318718000, "costOfRevenue": 57045000, "grossProfit": 261673000, "grossProfitRatio": 0.8210173257, "researchAndDevelopmentExpenses": 0, "generalAndAdministrativeExpenses": 62716000, "sellingAndMarketingExpenses": 0, "sellingGeneralAndAdministrativeExpenses": 62716000, "otherExpenses": 97981000, "operatingExpenses": 160697000, "costAndExpenses": 217742000, "interestIncome": 1837000, "interestExpense": -21330000, "depreciationAndAmortization": 28997000, "ebitda": 154765000, "ebitdaratio": 0.4855860039, "operatingIncome": 100976000, "operatingIncomeRatio": 0.3168192571, "totalOtherIncomeExpensesNet": -22227000, "incomeBeforeTax": 35384000, "incomeBeforeTaxRatio": 0.111019773, "incomeTaxExpense": 13379000, "netIncome": 22005000, "netIncomeRatio": 0.0690422254, "eps": 0.64, "epsdiluted": 0.63, "weightedAverageShsOut": 34524000, "weightedAverageShsOutDil": 34788000, "link": "https://www.sec.gov/Archives/edgar/data/1056903/000110465909017660/0001104659-09-017660-index.htm", "finalLink": "https://www.sec.gov/Archives/edgar/data/92116/000110465909017660/a09-1491_110k.htm", "calculatedOtherExpenses": 97981000, "calculatedOperatingExpenses": 160697000, "calculatedNetInterest": 23167000, "calculatedOtherIncome": -88759000, "calculatedIncomeNonControlling": 0, "calculatedEbitda": 129973000}, {"date": "2007-12-31", "symbol": "AWR", "reportedCurrency": "USD", "cik": "0001056903", "fillingDate": "2008-03-14", "acceptedDate": "2008-03-14 16:35:31", "calendarYear": "2007", "period": "FY", "revenue": 301370000, "costOfRevenue": 56030000, "grossProfit": 245340000, "grossProfitRatio": 0.8140823572, "researchAndDevelopmentExpenses": 0, "generalAndAdministrativeExpenses": 52637000, "sellingAndMarketingExpenses": 0, "sellingGeneralAndAdministrativeExpenses": 52637000, "otherExpenses": 105530000, "operatingExpenses": 158167000, "costAndExpenses": 214197000, "interestIncome": 2371000, "interestExpense": -21582000, "depreciationAndAmortization": 28941000, "ebitda": 113131000, "ebitdaratio": 0.3753890566, "operatingIncome": 87173000, "operatingIncomeRatio": 0.2892557322, "totalOtherIncomeExpensesNet": 2983000, "incomeBeforeTax": 48820000, "incomeBeforeTaxRatio": 0.1619935627, "incomeTaxExpense": 20790000, "netIncome": 28030000, "netIncomeRatio": 0.0930085941, "eps": 0.81, "epsdiluted": 0.81, "weightedAverageShsOut": 34242000, "weightedAverageShsOutDil": 34354000, "link": "https://www.sec.gov/Archives/edgar/data/1056903/000110465908017696/0001104659-08-017696-index.htm", "finalLink": "https://www.sec.gov/Archives/edgar/data/92116/000110465908017696/a08-2740_110k.htm", "calculatedOtherExpenses": 105530000, "calculatedOperatingExpenses": 158167000, "calculatedNetInterest": 23953000, "calculatedOtherIncome": -62306000, "calculatedIncomeNonControlling": 0, "calculatedEbitda": 116114000}, {"date": "2006-12-31", "symbol": "AWR", "reportedCurrency": "USD", "cik": "0001056903", "fillingDate": "2007-03-16", "acceptedDate": "2007-03-16 16:17:25", "calendarYear": "2006", "period": "FY", "revenue": 268629000, "costOfRevenue": 69031000, "grossProfit": 199598000, "grossProfitRatio": 0.7430247665, "researchAndDevelopmentExpenses": 0, "generalAndAdministrativeExpenses": 47110000, "sellingAndMarketingExpenses": 9033000, "sellingGeneralAndAdministrativeExpenses": 56143000, "otherExpenses": 72847000, "operatingExpenses": 128990000, "costAndExpenses": 198021000, "interestIncome": 2818000, "interestExpense": -21121000, "depreciationAndAmortization": 26272000, "ebitda": 110423000, "ebitdaratio": 0.4110613523, "operatingIncome": 70608000, "operatingIncomeRatio": 0.2628457836, "totalOtherIncomeExpensesNet": -13543000, "incomeBeforeTax": 38762000, "incomeBeforeTaxRatio": 0.1442956643, "incomeTaxExpense": 15681000, "netIncome": 23081000, "netIncomeRatio": 0.0859214753, "eps": 0.67, "epsdiluted": 0.67, "weightedAverageShsOut": 33868000, "weightedAverageShsOutDil": 34202000, "link": "https://www.sec.gov/Archives/edgar/data/1056903/000110465907020021/0001104659-07-020021-index.htm", "finalLink": "https://www.sec.gov/Archives/edgar/data/92116/000110465907020021/a07-5836_110k.htm", "calculatedOtherExpenses": 72847000, "calculatedOperatingExpenses": 128990000, "calculatedNetInterest": 23939000, "calculatedOtherIncome": -55785000, "calculatedIncomeNonControlling": 0, "calculatedEbitda": 96880000}, {"date": "2005-12-31", "symbol": "AWR", "reportedCurrency": "USD", "cik": "0001056903", "fillingDate": "2006-03-15", "acceptedDate": "2006-03-15 06:15:28", "calendarYear": "2005", "period": "FY", "revenue": 236197000, "costOfRevenue": 68052000, "grossProfit": 168145000, "grossProfitRatio": 0.7118845709, "researchAndDevelopmentExpenses": 0, "generalAndAdministrativeExpenses": 44133000, "sellingAndMarketingExpenses": 8318000, "sellingGeneralAndAdministrativeExpenses": 52451000, "otherExpenses": 58955000, "operatingExpenses": 111406000, "costAndExpenses": 179458000, "interestIncome": 0, "interestExpense": -3235000, "depreciationAndAmortization": 21846000, "ebitda": 73014000, "ebitdaratio": 0.3091233166, "operatingIncome": 56739000, "operatingIncomeRatio": 0.2402189698, "totalOtherIncomeExpensesNet": 5571000, "incomeBeforeTax": 48711000, "incomeBeforeTaxRatio": 0.2062303924, "incomeTaxExpense": 21945000, "netIncome": 26766000, "netIncomeRatio": 0.1133206603, "eps": 0.79, "epsdiluted": 0.79, "weightedAverageShsOut": 33556000, "weightedAverageShsOutDil": 33618000, "link": "https://www.sec.gov/Archives/edgar/data/1056903/000110465906016623/0001104659-06-016623-index.htm", "finalLink": "https://www.sec.gov/Archives/edgar/data/92116/000110465906016623/a06-2938_110k.htm", "calculatedOtherExpenses": 58955000, "calculatedOperatingExpenses": 111406000, "calculatedNetInterest": 3235000, "calculatedOtherIncome": -11263000, "calculatedIncomeNonControlling": 0, "calculatedEbitda": 78585000}, {"date": "2004-12-31", "symbol": "AWR", "reportedCurrency": "USD", "cik": "0001056903", "fillingDate": "2005-03-16", "acceptedDate": "2005-03-16 17:05:24", "calendarYear": "2004", "period": "FY", "revenue": 228005000, "costOfRevenue": 69644000, "grossProfit": 158361000, "grossProfitRatio": 0.6945505581, "researchAndDevelopmentExpenses": 0, "generalAndAdministrativeExpenses": 41809000, "sellingAndMarketingExpenses": 0, "sellingGeneralAndAdministrativeExpenses": 41809000, "otherExpenses": 66936000, "operatingExpenses": 108745000, "costAndExpenses": 178389000, "interestIncome": 0, "interestExpense": 1669000, "depreciationAndAmortization": 20824000, "ebitda": 70200000, "ebitdaratio": 0.3078879849, "operatingIncome": 49616000, "operatingIncomeRatio": 0.217609263, "totalOtherIncomeExpensesNet": 240000, "incomeBeforeTax": 32006000, "incomeBeforeTaxRatio": 0.1403741146, "incomeTaxExpense": 13465000, "netIncome": 18541000, "netIncomeRatio": 0.0813183921, "eps": 0.6, "epsdiluted": 0.59, "weightedAverageShsOut": 31266000, "weightedAverageShsOutDil": 31326000, "link": "https://www.sec.gov/Archives/edgar/data/1056903/000095012905002525/0000950129-05-002525-index.htm", "finalLink": "https://www.sec.gov/Archives/edgar/data/92116/000095012905002525/a06878e10vk.htm", "calculatedOtherExpenses": 66936000, "calculatedOperatingExpenses": 108745000, "calculatedNetInterest": -1669000, "calculatedOtherIncome": -15941000, "calculatedIncomeNonControlling": 0, "calculatedEbitda": 70440000}, {"date": "2003-12-31", "symbol": "AWR", "reportedCurrency": "USD", "cik": "0001056903", "fillingDate": "2004-03-23", "acceptedDate": "2004-03-23 17:18:13", "calendarYear": "2003", "period": "FY", "revenue": 212669000, "costOfRevenue": 63999000, "grossProfit": 148670000, "grossProfitRatio": 0.6990675651, "researchAndDevelopmentExpenses": 0, "generalAndAdministrativeExpenses": 35726000, "sellingAndMarketingExpenses": 0, "sellingGeneralAndAdministrativeExpenses": 35726000, "otherExpenses": 70172000, "operatingExpenses": 105898000, "costAndExpenses": 169897000, "interestIncome": 0, "interestExpense": 1258000, "depreciationAndAmortization": 19792000, "ebitda": 66207000, "ebitdaratio": 0.3113147661, "operatingIncome": 42772000, "operatingIncomeRatio": 0.2011200504, "totalOtherIncomeExpensesNet": -3643000, "incomeBeforeTax": 21059000, "incomeBeforeTaxRatio": 0.0990224245, "incomeTaxExpense": 9167000, "netIncome": 11892000, "netIncomeRatio": 0.0559178818, "eps": 0.39, "epsdiluted": 0.39, "weightedAverageShsOut": 30400000, "weightedAverageShsOutDil": 30454000, "link": "https://www.sec.gov/Archives/edgar/data/1056903/000095015004000378/0000950150-04-000378-index.htm", "finalLink": "https://www.sec.gov/Archives/edgar/data/92116/000095015004000378/a97331e10vk.htm", "calculatedOtherExpenses": 70172000, "calculatedOperatingExpenses": 105898000, "calculatedNetInterest": -1258000, "calculatedOtherIncome": -20455000, "calculatedIncomeNonControlling": 0, "calculatedEbitda": 62564000}, {"date": "2002-12-31", "symbol": "AWR", "reportedCurrency": "USD", "cik": "0001056903", "fillingDate": "2003-04-08", "acceptedDate": "2003-04-08 17:23:56", "calendarYear": "2002", "period": "FY", "revenue": 209205000, "costOfRevenue": 71783000, "grossProfit": 137422000, "grossProfitRatio": 0.6568772257, "researchAndDevelopmentExpenses": 0, "generalAndAdministrativeExpenses": 30010000, "sellingAndMarketingExpenses": 0, "sellingGeneralAndAdministrativeExpenses": 30010000, "otherExpenses": 56815000, "operatingExpenses": 86825000, "costAndExpenses": 158608000, "interestIncome": 0, "interestExpense": 38038000, "depreciationAndAmortization": 18302000, "ebitda": 68509000, "ebitdaratio": 0.3274730527, "operatingIncome": 50597000, "operatingIncomeRatio": 0.2418536842, "totalOtherIncomeExpensesNet": 390000, "incomeBeforeTax": 33288000, "incomeBeforeTaxRatio": 0.1591166559, "incomeTaxExpense": 12949000, "netIncome": 20339000, "netIncomeRatio": 0.0972204297, "eps": 0.67, "epsdiluted": 0.67, "weightedAverageShsOut": 30288000, "weightedAverageShsOutDil": 30314000, "link": "https://www.sec.gov/Archives/edgar/data/1056903/000120677403000279/0001206774-03-000279-index.htm", "finalLink": "https://www.sec.gov/Archives/edgar/data/1056903/000120677403000279/d12275-10k.htm", "calculatedOtherExpenses": 56815000, "calculatedOperatingExpenses": 86825000, "calculatedNetInterest": -38038000, "calculatedOtherIncome": 20729000, "calculatedIncomeNonControlling": 0, "calculatedEbitda": 68899000}, {"date": "2001-12-31", "symbol": "AWR", "reportedCurrency": "USD", "cik": "0001056903", "fillingDate": "2002-03-05", "acceptedDate": "2002-03-05 00:00:00", "calendarYear": "2001", "period": "FY", "revenue": 197514000, "costOfRevenue": 66863000, "grossProfit": 130651000, "grossProfitRatio": 0.6614771611, "researchAndDevelopmentExpenses": 0, "generalAndAdministrativeExpenses": 35108000, "sellingAndMarketingExpenses": 0, "sellingGeneralAndAdministrativeExpenses": 35108000, "otherExpenses": 43472000, "operatingExpenses": 78580000, "costAndExpenses": 145443000, "interestIncome": 0, "interestExpense": 0, "depreciationAndAmortization": 17951000, "ebitda": 70532000, "ebitdaratio": 0.3570987373, "operatingIncome": 52071000, "operatingIncomeRatio": 0.2636319451, "totalOtherIncomeExpensesNet": -510000, "incomeBeforeTax": 35826000, "incomeBeforeTaxRatio": 0.1813846107, "incomeTaxExpense": 15379000, "netIncome": 20447000, "netIncomeRatio": 0.1035217757, "eps": 0.67, "epsdiluted": 0.67, "weightedAverageShsOut": 30240000, "weightedAverageShsOutDil": 30513000, "link": "https://www.sec.gov/Archives/edgar/data/1056903/000095015002000189/0000950150-02-000189-index.htm", "finalLink": "https://www.sec.gov/Archives/edgar/data/1056903/000095015002000189/a79673e10-k.txt", "calculatedOtherExpenses": 43472000, "calculatedOperatingExpenses": 78580000, "calculatedNetInterest": 0, "calculatedOtherIncome": -16245000, "calculatedIncomeNonControlling": 0, "calculatedEbitda": 70022000}, {"date": "2000-12-31", "symbol": "AWR", "reportedCurrency": "USD", "cik": "0001056903", "fillingDate": "2001-02-28", "acceptedDate": "2001-02-28 00:00:00", "calendarYear": "2000", "period": "FY", "revenue": 183960000, "costOfRevenue": 59765000, "grossProfit": 124195000, "grossProfitRatio": 0.6751195912, "researchAndDevelopmentExpenses": 0, "generalAndAdministrativeExpenses": 26135000, "sellingAndMarketingExpenses": 0, "sellingGeneralAndAdministrativeExpenses": 26135000, "otherExpenses": 50626000, "operatingExpenses": 76761000, "costAndExpenses": 136526000, "interestIncome": 0, "interestExpense": 0, "depreciationAndAmortization": 15339000, "ebitda": 62872000, "ebitdaratio": 0.34176995, "operatingIncome": 47434000, "operatingIncomeRatio": 0.2578495325, "totalOtherIncomeExpensesNet": -99000, "incomeBeforeTax": 33213000, "incomeBeforeTaxRatio": 0.1805446836, "incomeTaxExpense": 15127000, "netIncome": 18086000, "netIncomeRatio": 0.0983148511, "eps": 0.64, "epsdiluted": 0.64, "weightedAverageShsOut": 28140000, "weightedAverageShsOutDil": 28140000, "link": "https://www.sec.gov/Archives/edgar/data/1056903/000095015001500054/0000950150-01-500054-index.htm", "finalLink": "https://www.sec.gov/Archives/edgar/data/92116/000095015001500054/a69945e10-k.txt", "calculatedOtherExpenses": 50626000, "calculatedOperatingExpenses": 76761000, "calculatedNetInterest": 0, "calculatedOtherIncome": -14221000, "calculatedIncomeNonControlling": 0, "calculatedEbitda": 62773000}, {"date": "1999-12-31", "symbol": "AWR", "reportedCurrency": "USD", "cik": "0001056903", "fillingDate": "2000-03-21", "acceptedDate": "2000-03-21 00:00:00", "calendarYear": "1999", "period": "FY", "revenue": 173400000, "costOfRevenue": 50700000, "grossProfit": 122700000, "grossProfitRatio": 0.7076124567, "researchAndDevelopmentExpenses": 0, "generalAndAdministrativeExpenses": 28600000, "sellingAndMarketingExpenses": 0, "sellingGeneralAndAdministrativeExpenses": 28600000, "otherExpenses": 52400000, "operatingExpenses": 81000000, "costAndExpenses": 131700000, "interestIncome": 0, "interestExpense": 0, "depreciationAndAmortization": 13900000, "ebitda": 55600000, "ebitdaratio": 0.3206459054, "operatingIncome": 41700000, "operatingIncomeRatio": 0.2404844291, "totalOtherIncomeExpensesNet": 500000, "incomeBeforeTax": 29400000, "incomeBeforeTaxRatio": 0.169550173, "incomeTaxExpense": 13300000, "netIncome": 16100000, "netIncomeRatio": 0.0928489043, "eps": 0.4, "epsdiluted": 0.4, "weightedAverageShsOut": 40311000, "weightedAverageShsOutDil": 40311000, "link": "https://www.sec.gov/Archives/edgar/data/1056903/000095015000000202/0000950150-00-000202-index.html", "finalLink": "https://www.sec.gov/Archives/edgar/data/92116/000095015000000202/", "calculatedOtherExpenses": 52400000, "calculatedOperatingExpenses": 81000000, "calculatedNetInterest": 0, "calculatedOtherIncome": -12300000, "calculatedIncomeNonControlling": 0, "calculatedEbitda": 55600000}, {"date": "1998-12-31", "symbol": "AWR", "reportedCurrency": "USD", "cik": "0001056903", "fillingDate": "1999-03-30", "acceptedDate": "1999-03-30 00:00:00", "calendarYear": "1998", "period": "FY", "revenue": 148100000, "costOfRevenue": 42900000, "grossProfit": 105200000, "grossProfitRatio": 0.7103308575, "researchAndDevelopmentExpenses": 0, "generalAndAdministrativeExpenses": 22000000, "sellingAndMarketingExpenses": 0, "sellingGeneralAndAdministrativeExpenses": 22000000, "otherExpenses": 48000000, "operatingExpenses": 70000000, "costAndExpenses": 112900000, "interestIncome": 0, "interestExpense": 0, "depreciationAndAmortization": 12200000, "ebitda": 47400000, "ebitdaratio": 0.3200540176, "operatingIncome": 35200000, "operatingIncomeRatio": 0.2376772451, "totalOtherIncomeExpensesNet": 700000, "incomeBeforeTax": 24700000, "incomeBeforeTaxRatio": 0.1667792032, "incomeTaxExpense": 10100000, "netIncome": 14600000, "netIncomeRatio": 0.0985820392, "eps": 0.54, "epsdiluted": 0.54, "weightedAverageShsOut": 26874000, "weightedAverageShsOutDil": 26874000, "link": "https://www.sec.gov/Archives/edgar/data/1056903/000095015099000381/0000950150-99-000381-index.html", "finalLink": "https://www.sec.gov/Archives/edgar/data/92116/", "calculatedOtherExpenses": 48000000, "calculatedOperatingExpenses": 70000000, "calculatedNetInterest": 0, "calculatedOtherIncome": -10500000, "calculatedIncomeNonControlling": 0, "calculatedEbitda": 47400000}, {"date": "1997-12-31", "symbol": "AWR", "reportedCurrency": "USD", "cik": "0001056903", "fillingDate": "1997-12-31", "acceptedDate": "1997-12-30 19:00:00", "calendarYear": "1997", "period": "FY", "revenue": 153800000, "costOfRevenue": 51100000, "grossProfit": 102700000, "grossProfitRatio": 0.6677503251, "researchAndDevelopmentExpenses": 0, "generalAndAdministrativeExpenses": 22100000, "sellingAndMarketingExpenses": 0, "sellingGeneralAndAdministrativeExpenses": 22100000, "otherExpenses": 44400000, "operatingExpenses": 66500000, "costAndExpenses": 117600000, "interestIncome": 0, "interestExpense": 0, "depreciationAndAmortization": 13500000, "ebitda": 49700000, "ebitdaratio": 0.3231469441, "operatingIncome": 36200000, "operatingIncomeRatio": 0.2353706112, "totalOtherIncomeExpensesNet": -2100000, "incomeBeforeTax": 23900000, "incomeBeforeTaxRatio": 0.155396619, "incomeTaxExpense": 9800000, "netIncome": 14100000, "netIncomeRatio": 0.0916775033, "eps": 0.35, "epsdiluted": 0.35, "weightedAverageShsOut": 26874000, "weightedAverageShsOutDil": 26874000, "link": "", "finalLink": "", "calculatedOtherExpenses": 44400000, "calculatedOperatingExpenses": 66500000, "calculatedNetInterest": 0, "calculatedOtherIncome": -12300000, "calculatedIncomeNonControlling": 0, "calculatedEbitda": 49700000}, {"date": "1996-12-31", "symbol": "AWR", "reportedCurrency": "USD", "cik": "0001056903", "fillingDate": "1996-12-31", "acceptedDate": "1996-12-30 19:00:00", "calendarYear": "1996", "period": "FY", "revenue": 151500000, "costOfRevenue": 51900000, "grossProfit": 99600000, "grossProfitRatio": 0.6574257426, "researchAndDevelopmentExpenses": 0, "generalAndAdministrativeExpenses": 20500000, "sellingAndMarketingExpenses": 0, "sellingGeneralAndAdministrativeExpenses": 20500000, "otherExpenses": 43300000, "operatingExpenses": 63800000, "costAndExpenses": 115700000, "interestIncome": 0, "interestExpense": 0, "depreciationAndAmortization": 11900000, "ebitda": 47700000, "ebitdaratio": 0.3148514851, "operatingIncome": 35800000, "operatingIncomeRatio": 0.2363036304, "totalOtherIncomeExpensesNet": -1500000, "incomeBeforeTax": 23800000, "incomeBeforeTaxRatio": 0.1570957096, "incomeTaxExpense": 10300000, "netIncome": 13500000, "netIncomeRatio": 0.0891089109, "eps": 0.38, "epsdiluted": 0.38, "weightedAverageShsOut": 26658000, "weightedAverageShsOutDil": 26658000, "link": "", "finalLink": "", "calculatedOtherExpenses": 43300000, "calculatedOperatingExpenses": 63800000, "calculatedNetInterest": 0, "calculatedOtherIncome": -12000000, "calculatedIncomeNonControlling": 0, "calculatedEbitda": 47700000}, {"date": "1995-12-31", "symbol": "AWR", "reportedCurrency": "USD", "cik": "0001056903", "fillingDate": "1995-12-31", "acceptedDate": "1995-12-30 19:00:00", "calendarYear": "1995", "period": "FY", "revenue": 129800000, "costOfRevenue": 45800000, "grossProfit": 84000000, "grossProfitRatio": 0.6471494607, "researchAndDevelopmentExpenses": 0, "generalAndAdministrativeExpenses": 16400000, "sellingAndMarketingExpenses": 0, "sellingGeneralAndAdministrativeExpenses": 16400000, "otherExpenses": 38600000, "operatingExpenses": 55000000, "costAndExpenses": 100800000, "interestIncome": 0, "interestExpense": 0, "depreciationAndAmortization": 7500000, "ebitda": 36500000, "ebitdaratio": 0.281201849, "operatingIncome": 29000000, "operatingIncomeRatio": 0.2234206471, "totalOtherIncomeExpensesNet": 1500000, "incomeBeforeTax": 21000000, "incomeBeforeTaxRatio": 0.1617873652, "incomeTaxExpense": 8800000, "netIncome": 12200000, "netIncomeRatio": 0.093990755, "eps": 0.34, "epsdiluted": 0.34, "weightedAverageShsOut": 23535000, "weightedAverageShsOutDil": 23535000, "link": "", "finalLink": "", "calculatedOtherExpenses": 38600000, "calculatedOperatingExpenses": 55000000, "calculatedNetInterest": 0, "calculatedOtherIncome": -8000000, "calculatedIncomeNonControlling": 0, "calculatedEbitda": 36500000}, {"date": "1994-12-31", "symbol": "AWR", "reportedCurrency": "USD", "cik": "0001056903", "fillingDate": "1994-12-31", "acceptedDate": "1994-12-30 19:00:00", "calendarYear": "1994", "period": "FY", "revenue": 122700000, "costOfRevenue": 43100000, "grossProfit": 79600000, "grossProfitRatio": 0.6487367563, "researchAndDevelopmentExpenses": 0, "generalAndAdministrativeExpenses": 14000000, "sellingAndMarketingExpenses": 0, "sellingGeneralAndAdministrativeExpenses": 14000000, "otherExpenses": 37300000, "operatingExpenses": 51300000, "costAndExpenses": 94400000, "interestIncome": 0, "interestExpense": 0, "depreciationAndAmortization": 8800000, "ebitda": 37100000, "ebitdaratio": 0.3023634882, "operatingIncome": 28300000, "operatingIncomeRatio": 0.2306438468, "totalOtherIncomeExpensesNet": -300000, "incomeBeforeTax": 20200000, "incomeBeforeTaxRatio": 0.1646291769, "incomeTaxExpense": 8900000, "netIncome": 11300000, "netIncomeRatio": 0.0920945395, "eps": 0.32, "epsdiluted": 0.32, "weightedAverageShsOut": 23523238, "weightedAverageShsOutDil": 23523238, "link": "", "finalLink": "", "calculatedOtherExpenses": 37300000, "calculatedOperatingExpenses": 51300000, "calculatedNetInterest": 0, "calculatedOtherIncome": -8100000, "calculatedIncomeNonControlling": 0, "calculatedEbitda": 37100000}, {"date": "1993-12-31", "symbol": "AWR", "reportedCurrency": "USD", "cik": "0001056903", "fillingDate": "1993-12-31", "acceptedDate": "1993-12-30 19:00:00", "calendarYear": "1993", "period": "FY", "revenue": 108500000, "costOfRevenue": 0, "grossProfit": 108500000, "grossProfitRatio": 1, "researchAndDevelopmentExpenses": 0, "generalAndAdministrativeExpenses": 0, "sellingAndMarketingExpenses": 0, "sellingGeneralAndAdministrativeExpenses": 0, "otherExpenses": 0, "operatingExpenses": 0, "costAndExpenses": 0, "interestIncome": 0, "interestExpense": 0, "depreciationAndAmortization": 0, "ebitda": 108500000, "ebitdaratio": 1, "operatingIncome": 108500000, "operatingIncomeRatio": 1, "totalOtherIncomeExpensesNet": 0, "incomeBeforeTax": 0, "incomeBeforeTaxRatio": 0, "incomeTaxExpense": -12000000, "netIncome": 12000000, "netIncomeRatio": 0.1105990783, "eps": 0.37, "epsdiluted": 0.37, "weightedAverageShsOut": 23403298, "weightedAverageShsOutDil": 23403298, "link": "", "finalLink": "", "calculatedOtherExpenses": 0, "calculatedOperatingExpenses": 0, "calculatedNetInterest": 0, "calculatedOtherIncome": -108500000, "calculatedIncomeNonControlling": 0, "calculatedEbitda": 108500000}, {"date": "1992-12-31", "symbol": "AWR", "reportedCurrency": "USD", "cik": "0001056903", "fillingDate": "1992-12-31", "acceptedDate": "1992-12-30 19:00:00", "calendarYear": "1992", "period": "FY", "revenue": 100700000, "costOfRevenue": 0, "grossProfit": 100700000, "grossProfitRatio": 1, "researchAndDevelopmentExpenses": 0, "generalAndAdministrativeExpenses": 0, "sellingAndMarketingExpenses": 0, "sellingGeneralAndAdministrativeExpenses": 0, "otherExpenses": 0, "operatingExpenses": 0, "costAndExpenses": 0, "interestIncome": 0, "interestExpense": 0, "depreciationAndAmortization": 0, "ebitda": 100700000, "ebitdaratio": 1, "operatingIncome": 100700000, "operatingIncomeRatio": 1, "totalOtherIncomeExpensesNet": 0, "incomeBeforeTax": 0, "incomeBeforeTaxRatio": 0, "incomeTaxExpense": -12100000, "netIncome": 12100000, "netIncomeRatio": 0.1201588878, "eps": 0.2, "epsdiluted": 0.2, "weightedAverageShsOut": 19919040, "weightedAverageShsOutDil": 19919040, "link": "", "finalLink": "", "calculatedOtherExpenses": 0, "calculatedOperatingExpenses": 0, "calculatedNetInterest": 0, "calculatedOtherIncome": -100700000, "calculatedIncomeNonControlling": 0, "calculatedEbitda": 100700000}, {"date": "1991-12-31", "symbol": "AWR", "reportedCurrency": "USD", "cik": "0001056903", "fillingDate": "1991-12-31", "acceptedDate": "1991-12-30 19:00:00", "calendarYear": "1991", "period": "FY", "revenue": 90700000, "costOfRevenue": 0, "grossProfit": 90700000, "grossProfitRatio": 1, "researchAndDevelopmentExpenses": 0, "generalAndAdministrativeExpenses": 0, "sellingAndMarketingExpenses": 0, "sellingGeneralAndAdministrativeExpenses": 0, "otherExpenses": 0, "operatingExpenses": 0, "costAndExpenses": 0, "interestIncome": 0, "interestExpense": 0, "depreciationAndAmortization": 0, "ebitda": 90700000, "ebitdaratio": 1, "operatingIncome": 90700000, "operatingIncomeRatio": 1, "totalOtherIncomeExpensesNet": 0, "incomeBeforeTax": 0, "incomeBeforeTaxRatio": 0, "incomeTaxExpense": -15400000, "netIncome": 15400000, "netIncomeRatio": 0.1697905182, "eps": 0.26, "epsdiluted": 0.26, "weightedAverageShsOut": 19811094, "weightedAverageShsOutDil": 19811094, "link": "", "finalLink": "", "calculatedOtherExpenses": 0, "calculatedOperatingExpenses": 0, "calculatedNetInterest": 0, "calculatedOtherIncome": -90700000, "calculatedIncomeNonControlling": 0, "calculatedEbitda": 90700000}, {"date": "1990-12-31", "symbol": "AWR", "reportedCurrency": "USD", "cik": "0001056903", "fillingDate": "1990-12-31", "acceptedDate": "1990-12-30 19:00:00", "calendarYear": "1990", "period": "FY", "revenue": 90400000, "costOfRevenue": 0, "grossProfit": 90400000, "grossProfitRatio": 1, "researchAndDevelopmentExpenses": 0, "generalAndAdministrativeExpenses": 0, "sellingAndMarketingExpenses": 0, "sellingGeneralAndAdministrativeExpenses": 0, "otherExpenses": 0, "operatingExpenses": 0, "costAndExpenses": 0, "interestIncome": 0, "interestExpense": 0, "depreciationAndAmortization": 0, "ebitda": 90400000, "ebitdaratio": 1, "operatingIncome": 90400000, "operatingIncomeRatio": 1, "totalOtherIncomeExpensesNet": 0, "incomeBeforeTax": 0, "incomeBeforeTaxRatio": 0, "incomeTaxExpense": -8900000, "netIncome": 8900000, "netIncomeRatio": 0.0984513274, "eps": 0.16, "epsdiluted": 0.16, "weightedAverageShsOut": 18857572, "weightedAverageShsOutDil": 18857572, "link": "", "finalLink": "", "calculatedOtherExpenses": 0, "calculatedOperatingExpenses": 0, "calculatedNetInterest": 0, "calculatedOtherIncome": -90400000, "calculatedIncomeNonControlling": 0, "calculatedEbitda": 90400000}, {"date": "1989-12-31", "symbol": "AWR", "reportedCurrency": "USD", "cik": "0001056903", "fillingDate": "1989-12-31", "acceptedDate": "1989-12-30 19:00:00", "calendarYear": "1989", "period": "FY", "revenue": 85600000, "costOfRevenue": 0, "grossProfit": 85600000, "grossProfitRatio": 1, "researchAndDevelopmentExpenses": 0, "generalAndAdministrativeExpenses": 0, "sellingAndMarketingExpenses": 0, "sellingGeneralAndAdministrativeExpenses": 0, "otherExpenses": 0, "operatingExpenses": 0, "costAndExpenses": 0, "interestIncome": 0, "interestExpense": 0, "depreciationAndAmortization": 0, "ebitda": 85600000, "ebitdaratio": 1, "operatingIncome": 85600000, "operatingIncomeRatio": 1, "totalOtherIncomeExpensesNet": 0, "incomeBeforeTax": 0, "incomeBeforeTaxRatio": 0, "incomeTaxExpense": -8700000, "netIncome": 8700000, "netIncomeRatio": 0.101635514, "eps": 0.15, "epsdiluted": 0.15, "weightedAverageShsOut": 18764618, "weightedAverageShsOutDil": 18764618, "link": "", "finalLink": "", "calculatedOtherExpenses": 0, "calculatedOperatingExpenses": 0, "calculatedNetInterest": 0, "calculatedOtherIncome": -85600000, "calculatedIncomeNonControlling": 0, "calculatedEbitda": 85600000}, {"date": "1988-12-31", "symbol": "AWR", "reportedCurrency": "USD", "cik": "0001056903", "fillingDate": "1988-12-31", "acceptedDate": "1988-12-30 19:00:00", "calendarYear": "1988", "period": "FY", "revenue": 80200000, "costOfRevenue": 0, "grossProfit": 80200000, "grossProfitRatio": 1, "researchAndDevelopmentExpenses": 0, "generalAndAdministrativeExpenses": 0, "sellingAndMarketingExpenses": 0, "sellingGeneralAndAdministrativeExpenses": 0, "otherExpenses": 0, "operatingExpenses": 0, "costAndExpenses": 0, "interestIncome": 0, "interestExpense": 0, "depreciationAndAmortization": 0, "ebitda": 80200000, "ebitdaratio": 1, "operatingIncome": 80200000, "operatingIncomeRatio": 1, "totalOtherIncomeExpensesNet": 0, "incomeBeforeTax": 0, "incomeBeforeTaxRatio": 0, "incomeTaxExpense": -6100000, "netIncome": 6100000, "netIncomeRatio": 0.0760598504, "eps": 0.16, "epsdiluted": 0.16, "weightedAverageShsOut": 18608696, "weightedAverageShsOutDil": 18608696, "link": "", "finalLink": "", "calculatedOtherExpenses": 0, "calculatedOperatingExpenses": 0, "calculatedNetInterest": 0, "calculatedOtherIncome": -80200000, "calculatedIncomeNonControlling": 0, "calculatedEbitda": 80200000}, {"date": "1987-12-31", "symbol": "AWR", "reportedCurrency": "USD", "cik": "0001056903", "fillingDate": "1987-12-31", "acceptedDate": "1987-12-30 19:00:00", "calendarYear": "1987", "period": "FY", "revenue": 77700000, "costOfRevenue": 0, "grossProfit": 77700000, "grossProfitRatio": 1, "researchAndDevelopmentExpenses": 0, "generalAndAdministrativeExpenses": 0, "sellingAndMarketingExpenses": 0, "sellingGeneralAndAdministrativeExpenses": 0, "otherExpenses": 0, "operatingExpenses": 0, "costAndExpenses": 0, "interestIncome": 0, "interestExpense": 0, "depreciationAndAmortization": 0, "ebitda": 77700000, "ebitdaratio": 1, "operatingIncome": 77700000, "operatingIncomeRatio": 1, "totalOtherIncomeExpensesNet": 0, "incomeBeforeTax": 0, "incomeBeforeTaxRatio": 0, "incomeTaxExpense": -8400000, "netIncome": 8400000, "netIncomeRatio": 0.1081081081, "eps": 0.15, "epsdiluted": 0.14, "weightedAverageShsOut": 18608696, "weightedAverageShsOutDil": 18608696, "link": "", "finalLink": "", "calculatedOtherExpenses": 0, "calculatedOperatingExpenses": 0, "calculatedNetInterest": 0, "calculatedOtherIncome": -77700000, "calculatedIncomeNonControlling": 0, "calculatedEbitda": 77700000}, {"date": "1986-12-31", "symbol": "AWR", "reportedCurrency": "USD", "cik": "0001056903", "fillingDate": "1986-12-31", "acceptedDate": "1986-12-30 19:00:00", "calendarYear": "1986", "period": "FY", "revenue": 73700000, "costOfRevenue": 0, "grossProfit": 73700000, "grossProfitRatio": 1, "researchAndDevelopmentExpenses": 0, "generalAndAdministrativeExpenses": 0, "sellingAndMarketingExpenses": 0, "sellingGeneralAndAdministrativeExpenses": 0, "otherExpenses": 0, "operatingExpenses": 0, "costAndExpenses": 0, "interestIncome": 0, "interestExpense": 0, "depreciationAndAmortization": 0, "ebitda": 73700000, "ebitdaratio": 1, "operatingIncome": 73700000, "operatingIncomeRatio": 1, "totalOtherIncomeExpensesNet": 0, "incomeBeforeTax": 0, "incomeBeforeTaxRatio": 0, "incomeTaxExpense": -7100000, "netIncome": 7100000, "netIncomeRatio": 0.0963364993, "eps": 0.14, "epsdiluted": 0.13, "weightedAverageShsOut": 18536732, "weightedAverageShsOutDil": 18536732, "link": "", "finalLink": "", "calculatedOtherExpenses": 0, "calculatedOperatingExpenses": 0, "calculatedNetInterest": 0, "calculatedOtherIncome": -73700000, "calculatedIncomeNonControlling": 0, "calculatedEbitda": 73700000}, {"date": "1985-12-31", "symbol": "AWR", "reportedCurrency": "USD", "cik": "0001056903", "fillingDate": "1985-12-31", "acceptedDate": "1985-12-30 19:00:00", "calendarYear": "1985", "period": "FY", "revenue": 71000000, "costOfRevenue": 0, "grossProfit": 71000000, "grossProfitRatio": 1, "researchAndDevelopmentExpenses": 0, "generalAndAdministrativeExpenses": 0, "sellingAndMarketingExpenses": 0, "sellingGeneralAndAdministrativeExpenses": 0, "otherExpenses": 0, "operatingExpenses": 0, "costAndExpenses": 0, "interestIncome": 0, "interestExpense": 0, "depreciationAndAmortization": 0, "ebitda": 71000000, "ebitdaratio": 1, "operatingIncome": 71000000, "operatingIncomeRatio": 1, "totalOtherIncomeExpensesNet": 0, "incomeBeforeTax": 0, "incomeBeforeTaxRatio": 0, "incomeTaxExpense": -6200000, "netIncome": 6200000, "netIncomeRatio": 0.0873239437, "eps": 0.13, "epsdiluted": 0.13, "weightedAverageShsOut": 13049476, "weightedAverageShsOutDil": 13049476, "link": "", "finalLink": "", "calculatedOtherExpenses": 0, "calculatedOperatingExpenses": 0, "calculatedNetInterest": 0, "calculatedOtherIncome": -71000000, "calculatedIncomeNonControlling": 0, "calculatedEbitda": 71000000}]}