{"originalCurrency": "USD", "convertedCurrency": "USD", "report": [{"date": "2023-06-30", "symbol": "AX", "reportedCurrency": "USD", "cik": "0001299709", "fillingDate": "2023-08-29", "acceptedDate": "2023-08-29 15:44:32", "calendarYear": "2023", "period": "FY", "revenue": 890176000, "costOfRevenue": 0, "grossProfit": 890176000, "grossProfitRatio": 1, "researchAndDevelopmentExpenses": 0, "generalAndAdministrativeExpenses": 267673000, "sellingAndMarketingExpenses": 37150000, "sellingGeneralAndAdministrativeExpenses": 304823000, "otherExpenses": -763255000, "operatingExpenses": -458432000, "costAndExpenses": -458432000, "interestIncome": 1157138000, "interestExpense": 374017000, "depreciationAndAmortization": 23387000, "ebitda": 455131000, "ebitdaratio": 0.5112820386, "operatingIncome": 431744000, "operatingIncomeRatio": 0.4850097059, "totalOtherIncomeExpensesNet": 431744000, "incomeBeforeTax": 431744000, "incomeBeforeTaxRatio": 0.4850097059, "incomeTaxExpense": 124579000, "netIncome": 307165000, "netIncomeRatio": 0.3450609767, "eps": 5.15, "epsdiluted": 5.07, "weightedAverageShsOut": 59691541, "weightedAverageShsOutDil": 60566854, "link": "https://www.sec.gov/Archives/edgar/data/1299709/000129970923000198/0001299709-23-000198-index.htm", "finalLink": "https://www.sec.gov/Archives/edgar/data/1299709/000129970923000198/ax-20230630.htm", "calculatedOtherExpenses": 153609000, "calculatedOperatingExpenses": 458432000, "calculatedNetInterest": 783121000, "calculatedOtherIncome": -783121000, "calculatedIncomeNonControlling": 0, "calculatedEbitda": 455131000}, {"date": "2022-06-30", "symbol": "AX", "reportedCurrency": "USD", "cik": "0001299709", "fillingDate": "2022-09-08", "acceptedDate": "2022-09-07 19:40:57", "calendarYear": "2022", "period": "FY", "revenue": 705337000, "costOfRevenue": 0, "grossProfit": 705337000, "grossProfitRatio": 1, "researchAndDevelopmentExpenses": 0, "generalAndAdministrativeExpenses": 272475000, "sellingAndMarketingExpenses": 13580000, "sellingGeneralAndAdministrativeExpenses": 286055000, "otherExpenses": -167391000, "operatingExpenses": 56683000, "costAndExpenses": 56683000, "interestIncome": 659728000, "interestExpense": 52570000, "depreciationAndAmortization": 35495000, "ebitda": 428024000, "ebitdaratio": 0.6068361648, "operatingIncome": 392529000, "operatingIncomeRatio": 0.5565127024, "totalOtherIncomeExpensesNet": -52570000, "incomeBeforeTax": 339959000, "incomeBeforeTaxRatio": 0.4819809538, "incomeTaxExpense": 99243000, "netIncome": 240716000, "netIncomeRatio": 0.341277999, "eps": 4.04, "epsdiluted": 3.97, "weightedAverageShsOut": 59523626, "weightedAverageShsOutDil": 60610954, "link": "https://www.sec.gov/Archives/edgar/data/1299709/000129970922000232/0001299709-22-000232-index.htm", "finalLink": "https://www.sec.gov/Archives/edgar/data/1299709/000129970922000232/ax-20220630.htm", "calculatedOtherExpenses": 26753000, "calculatedOperatingExpenses": 312808000, "calculatedNetInterest": 607158000, "calculatedOtherIncome": -659728000, "calculatedIncomeNonControlling": 0, "calculatedEbitda": 428024000}, {"date": "2021-06-30", "symbol": "AX", "reportedCurrency": "USD", "cik": "0001299709", "fillingDate": "2021-08-26", "acceptedDate": "2021-08-25 20:16:08", "calendarYear": "2021", "period": "FY", "revenue": 632851000, "costOfRevenue": 0, "grossProfit": 632851000, "grossProfitRatio": 1, "researchAndDevelopmentExpenses": 0, "generalAndAdministrativeExpenses": 229379000, "sellingAndMarketingExpenses": 14212000, "sellingGeneralAndAdministrativeExpenses": 243591000, "otherExpenses": -570699000, "operatingExpenses": -327108000, "costAndExpenses": -327108000, "interestIncome": 617863000, "interestExpense": 79121000, "depreciationAndAmortization": 34722000, "ebitda": 340465000, "ebitdaratio": 0.5379860346, "operatingIncome": 305743000, "operatingIncomeRatio": 0.4831200393, "totalOtherIncomeExpensesNet": 305743000, "incomeBeforeTax": 305743000, "incomeBeforeTaxRatio": 0.4831200393, "incomeTaxExpense": 90036000, "netIncome": 215707000, "netIncomeRatio": 0.3408495839, "eps": 3.64, "epsdiluted": 3.56, "weightedAverageShsOut": 59229495, "weightedAverageShsOutDil": 60519611, "link": "https://www.sec.gov/Archives/edgar/data/1299709/000129970921000155/0001299709-21-000155-index.htm", "finalLink": "https://www.sec.gov/Archives/edgar/data/1299709/000129970921000155/ax-20210630.htm", "calculatedOtherExpenses": 83517000, "calculatedOperatingExpenses": 327108000, "calculatedNetInterest": 538742000, "calculatedOtherIncome": -538742000, "calculatedIncomeNonControlling": 0, "calculatedEbitda": 340465000}, {"date": "2020-06-30", "symbol": "AX", "reportedCurrency": "USD", "cik": "0001299709", "fillingDate": "2020-08-26", "acceptedDate": "2020-08-26 17:24:48", "calendarYear": "2020", "period": "FY", "revenue": 572388000, "costOfRevenue": 0, "grossProfit": 572388000, "grossProfitRatio": 1, "researchAndDevelopmentExpenses": 0, "generalAndAdministrativeExpenses": 205436000, "sellingAndMarketingExpenses": 14523000, "sellingGeneralAndAdministrativeExpenses": 219959000, "otherExpenses": -529715000, "operatingExpenses": -309756000, "costAndExpenses": -309756000, "interestIncome": 622839000, "interestExpense": 145228000, "depreciationAndAmortization": 18144000, "ebitda": 280776000, "ebitdaratio": 0.4905343928, "operatingIncome": 262632000, "operatingIncomeRatio": 0.458835615, "totalOtherIncomeExpensesNet": 262632000, "incomeBeforeTax": 262632000, "incomeBeforeTaxRatio": 0.458835615, "incomeTaxExpense": 79194000, "netIncome": 183438000, "netIncomeRatio": 0.3204784167, "eps": 3.01, "epsdiluted": 2.98, "weightedAverageShsOut": 60794555, "weightedAverageShsOutDil": 61437635, "link": "https://www.sec.gov/Archives/edgar/data/1299709/000129970920000156/0001299709-20-000156-index.htm", "finalLink": "https://www.sec.gov/Archives/edgar/data/1299709/000129970920000156/a10-k20200630doc.htm", "calculatedOtherExpenses": 89797000, "calculatedOperatingExpenses": 309756000, "calculatedNetInterest": 477611000, "calculatedOtherIncome": -477611000, "calculatedIncomeNonControlling": 0, "calculatedEbitda": 280776000}, {"date": "2019-06-30", "symbol": "AX", "reportedCurrency": "USD", "cik": "0001299709", "fillingDate": "2019-08-28", "acceptedDate": "2019-08-27 21:39:25", "calendarYear": "2019", "period": "FY", "revenue": 488540000, "costOfRevenue": 0, "grossProfit": 488540000, "grossProfitRatio": 1, "researchAndDevelopmentExpenses": 0, "generalAndAdministrativeExpenses": 195803000, "sellingAndMarketingExpenses": 14710000, "sellingGeneralAndAdministrativeExpenses": 210513000, "otherExpenses": -329965000, "operatingExpenses": -119452000, "costAndExpenses": -119452000, "interestIncome": 564887000, "interestExpense": 156282000, "depreciationAndAmortization": 16471000, "ebitda": 385559000, "ebitdaratio": 0.7892066156, "operatingIncome": 369088000, "operatingIncomeRatio": 0.7554918737, "totalOtherIncomeExpensesNet": -156282000, "incomeBeforeTax": 212806000, "incomeBeforeTaxRatio": 0.435595857, "incomeTaxExpense": 57675000, "netIncome": 155131000, "netIncomeRatio": 0.3175400172, "eps": 2.5, "epsdiluted": 2.48, "weightedAverageShsOut": 61898447, "weightedAverageShsOutDil": 62382065, "link": "https://www.sec.gov/Archives/edgar/data/1299709/000129970919000139/0001299709-19-000139-index.htm", "finalLink": "https://www.sec.gov/Archives/edgar/data/1299709/000129970919000139/a10-k20190630doc.htm", "calculatedOtherExpenses": -91061000, "calculatedOperatingExpenses": 119452000, "calculatedNetInterest": 408605000, "calculatedOtherIncome": -564887000, "calculatedIncomeNonControlling": 0, "calculatedEbitda": 385559000}, {"date": "2018-06-30", "symbol": "AX", "reportedCurrency": "USD", "cik": "0001299709", "fillingDate": "2018-08-23", "acceptedDate": "2018-08-23 17:09:22", "calendarYear": "2018", "period": "FY", "revenue": 439435000, "costOfRevenue": 0, "grossProfit": 439435000, "grossProfitRatio": 1, "researchAndDevelopmentExpenses": 0, "generalAndAdministrativeExpenses": 138259000, "sellingAndMarketingExpenses": 15500000, "sellingGeneralAndAdministrativeExpenses": 153759000, "otherExpenses": -246915000, "operatingExpenses": -93156000, "costAndExpenses": -93156000, "interestIncome": 475074000, "interestExpense": 106580000, "depreciationAndAmortization": 8574000, "ebitda": 354853000, "ebitdaratio": 0.8075210213, "operatingIncome": 346279000, "operatingIncomeRatio": 0.7880096032, "totalOtherIncomeExpensesNet": -106580000, "incomeBeforeTax": 239699000, "incomeBeforeTaxRatio": 0.5454708888, "incomeTaxExpense": 87288000, "netIncome": 152411000, "netIncomeRatio": 0.3468340028, "eps": 2.42, "epsdiluted": 2.38, "weightedAverageShsOut": 63058854, "weightedAverageShsOutDil": 64147220, "link": "https://www.sec.gov/Archives/edgar/data/1299709/000129970918000085/0001299709-18-000085-index.htm", "finalLink": "https://www.sec.gov/Archives/edgar/data/1299709/000129970918000085/a10-k20180630doc.htm", "calculatedOtherExpenses": -60603000, "calculatedOperatingExpenses": 93156000, "calculatedNetInterest": 368494000, "calculatedOtherIncome": -475074000, "calculatedIncomeNonControlling": 0, "calculatedEbitda": 354853000}, {"date": "2017-06-30", "symbol": "AX", "reportedCurrency": "USD", "cik": "0001299709", "fillingDate": "2017-08-24", "acceptedDate": "2017-08-23 17:34:43", "calendarYear": "2017", "period": "FY", "revenue": 381359000, "costOfRevenue": 0, "grossProfit": 381359000, "grossProfitRatio": 1, "researchAndDevelopmentExpenses": 0, "generalAndAdministrativeExpenses": 111054000, "sellingAndMarketingExpenses": 9367000, "sellingGeneralAndAdministrativeExpenses": 120421000, "otherExpenses": -44078000, "operatingExpenses": 20947000, "costAndExpenses": 20947000, "interestIncome": 387286000, "interestExpense": 74059000, "depreciationAndAmortization": 6094000, "ebitda": 312846000, "ebitdaratio": 0.8203451341, "operatingIncome": 306752000, "operatingIncomeRatio": 0.8043654404, "totalOtherIncomeExpensesNet": -74059000, "incomeBeforeTax": 232693000, "incomeBeforeTaxRatio": 0.6101678471, "incomeTaxExpense": 97953000, "netIncome": 134740000, "netIncomeRatio": 0.35331538, "eps": 2.07, "epsdiluted": 2.07, "weightedAverageShsOut": 64850114, "weightedAverageShsOutDil": 64942512, "link": "https://www.sec.gov/Archives/edgar/data/1299709/000129970917000073/0001299709-17-000073-index.htm", "finalLink": "https://www.sec.gov/Archives/edgar/data/1299709/000129970917000073/a10-k20170630doc.htm", "calculatedOtherExpenses": -45814000, "calculatedOperatingExpenses": 74607000, "calculatedNetInterest": 313227000, "calculatedOtherIncome": -387286000, "calculatedIncomeNonControlling": 0, "calculatedEbitda": 312846000}, {"date": "2016-06-30", "symbol": "AX", "reportedCurrency": "USD", "cik": "0001299709", "fillingDate": "2016-08-25", "acceptedDate": "2016-08-24 17:33:36", "calendarYear": "2016", "period": "FY", "revenue": 327351000, "costOfRevenue": 0, "grossProfit": 327351000, "grossProfitRatio": 1, "researchAndDevelopmentExpenses": 0, "generalAndAdministrativeExpenses": 92114000, "sellingAndMarketingExpenses": 6867000, "sellingGeneralAndAdministrativeExpenses": 98981000, "otherExpenses": -36968000, "operatingExpenses": 17334000, "costAndExpenses": 17334000, "interestIncome": 317707000, "interestExpense": 56696000, "depreciationAndAmortization": 4795000, "ebitda": 266386000, "ebitdaratio": 0.8137625973, "operatingIncome": 261591000, "operatingIncomeRatio": 0.7991147117, "totalOtherIncomeExpensesNet": -56696000, "incomeBeforeTax": 204895000, "incomeBeforeTaxRatio": 0.6259183567, "incomeTaxExpense": 85604000, "netIncome": 119291000, "netIncomeRatio": 0.3644131223, "eps": 1.85, "epsdiluted": 1.85, "weightedAverageShsOut": 64265207, "weightedAverageShsOutDil": 64314595, "link": "https://www.sec.gov/Archives/edgar/data/1299709/000129970916000267/0001299709-16-000267-index.htm", "finalLink": "https://www.sec.gov/Archives/edgar/data/1299709/000129970916000267/a10-k20160630doc.htm", "calculatedOtherExpenses": -33221000, "calculatedOperatingExpenses": 65760000, "calculatedNetInterest": 261011000, "calculatedOtherIncome": -317707000, "calculatedIncomeNonControlling": 0, "calculatedEbitda": 266386000}, {"date": "2015-06-30", "symbol": "AX", "reportedCurrency": "USD", "cik": "0001299709", "fillingDate": "2015-08-26", "acceptedDate": "2015-08-26 17:29:23", "calendarYear": "2015", "period": "FY", "revenue": 229535000, "costOfRevenue": 0, "grossProfit": 229535000, "grossProfitRatio": 1, "researchAndDevelopmentExpenses": 0, "generalAndAdministrativeExpenses": 61052000, "sellingAndMarketingExpenses": 6060000, "sellingGeneralAndAdministrativeExpenses": 67112000, "otherExpenses": 0, "operatingExpenses": 13227000, "costAndExpenses": 13227000, "interestIncome": 244364000, "interestExpense": 45419000, "depreciationAndAmortization": 3273000, "ebitda": 189549000, "ebitdaratio": 0.8257956303, "operatingIncome": 186276000, "operatingIncomeRatio": 0.811536367, "totalOtherIncomeExpensesNet": -45419000, "incomeBeforeTax": 140857000, "incomeBeforeTaxRatio": 0.6136624044, "incomeTaxExpense": 58175000, "netIncome": 82682000, "netIncomeRatio": 0.3602152177, "eps": 1.35, "epsdiluted": 1.34, "weightedAverageShsOut": 61130241, "weightedAverageShsOutDil": 61357914, "link": "https://www.sec.gov/Archives/edgar/data/1299709/000129970915000103/0001299709-15-000103-index.htm", "finalLink": "https://www.sec.gov/Archives/edgar/data/1299709/000129970915000103/a10-k20150630doc.htm", "calculatedOtherExpenses": -23853000, "calculatedOperatingExpenses": 43259000, "calculatedNetInterest": 198945000, "calculatedOtherIncome": -244364000, "calculatedIncomeNonControlling": 0, "calculatedEbitda": 189549000}, {"date": "2014-06-30", "symbol": "AX", "reportedCurrency": "USD", "cik": "0001299709", "fillingDate": "2014-08-28", "acceptedDate": "2014-08-28 17:27:29", "calendarYear": "2014", "period": "FY", "revenue": 159552000, "costOfRevenue": 0, "grossProfit": 159552000, "grossProfitRatio": 1, "researchAndDevelopmentExpenses": 0, "generalAndAdministrativeExpenses": 45739000, "sellingAndMarketingExpenses": 3724000, "sellingGeneralAndAdministrativeExpenses": 49463000, "otherExpenses": 0, "operatingExpenses": 9507000, "costAndExpenses": 9507000, "interestIncome": 172878000, "interestExpense": 35781000, "depreciationAndAmortization": 2874000, "ebitda": 132924000, "ebitdaratio": 0.8331077016, "operatingIncome": 130050000, "operatingIncomeRatio": 0.8150947653, "totalOtherIncomeExpensesNet": -35781000, "incomeBeforeTax": 94269000, "incomeBeforeTaxRatio": 0.5908355897, "incomeTaxExpense": 38313000, "netIncome": 55956000, "netIncomeRatio": 0.3507069795, "eps": 0.97, "epsdiluted": 0.96, "weightedAverageShsOut": 57516279, "weightedAverageShsOutDil": 57815065, "link": "https://www.sec.gov/Archives/edgar/data/1299709/000129970914000121/0001299709-14-000121-index.htm", "finalLink": "https://www.sec.gov/Archives/edgar/data/1299709/000129970914000121/a10-k20140630doc.htm", "calculatedOtherExpenses": -19961000, "calculatedOperatingExpenses": 29502000, "calculatedNetInterest": 137097000, "calculatedOtherIncome": -172878000, "calculatedIncomeNonControlling": 0, "calculatedEbitda": 132924000}, {"date": "2013-06-30", "symbol": "AX", "reportedCurrency": "USD", "cik": "0001299709", "fillingDate": "2013-09-04", "acceptedDate": "2013-09-04 17:29:56", "calendarYear": "2013", "period": "FY", "revenue": 129338000, "costOfRevenue": 0, "grossProfit": 129338000, "grossProfitRatio": 1, "researchAndDevelopmentExpenses": 0, "generalAndAdministrativeExpenses": 41477000, "sellingAndMarketingExpenses": 4084000, "sellingGeneralAndAdministrativeExpenses": 45561000, "otherExpenses": 0, "operatingExpenses": 11789000, "costAndExpenses": 11789000, "interestIncome": 135654000, "interestExpense": 34026000, "depreciationAndAmortization": 1904000, "ebitda": 104131000, "ebitdaratio": 0.8051075477, "operatingIncome": 102227000, "operatingIncomeRatio": 0.7903864294, "totalOtherIncomeExpensesNet": -34026000, "incomeBeforeTax": 68201000, "incomeBeforeTaxRatio": 0.527308293, "incomeTaxExpense": 27910000, "netIncome": 40291000, "netIncomeRatio": 0.3115171102, "eps": 0.75, "epsdiluted": 0.72, "weightedAverageShsOut": 52608000, "weightedAverageShsOutDil": 54610381, "link": "https://www.sec.gov/Archives/edgar/data/1299709/000129970913000135/0001299709-13-000135-index.htm", "finalLink": "https://www.sec.gov/Archives/edgar/data/1299709/000129970913000135/bofi-2013630x10k.htm", "calculatedOtherExpenses": -18450000, "calculatedOperatingExpenses": 27111000, "calculatedNetInterest": 101628000, "calculatedOtherIncome": -135654000, "calculatedIncomeNonControlling": 0, "calculatedEbitda": 104131000}, {"date": "2012-06-30", "symbol": "AX", "reportedCurrency": "USD", "cik": "0001299709", "fillingDate": "2012-09-12", "acceptedDate": "2012-09-12 09:10:14", "calendarYear": "2012", "period": "FY", "revenue": 98361000, "costOfRevenue": 0, "grossProfit": 98361000, "grossProfitRatio": 1, "researchAndDevelopmentExpenses": 0, "generalAndAdministrativeExpenses": 28211000, "sellingAndMarketingExpenses": 2703000, "sellingGeneralAndAdministrativeExpenses": 30914000, "otherExpenses": 2803000, "operatingExpenses": 6797000, "costAndExpenses": 6797000, "interestIncome": 115733000, "interestExpense": 36545000, "depreciationAndAmortization": 1316000, "ebitda": 87398000, "ebitdaratio": 0.8885432234, "operatingIncome": 86082000, "operatingIncomeRatio": 0.8751639369, "totalOtherIncomeExpensesNet": -36545000, "incomeBeforeTax": 49537000, "incomeBeforeTaxRatio": 0.503624404, "incomeTaxExpense": 20061000, "netIncome": 29476000, "netIncomeRatio": 0.2996716178, "eps": 0.61, "epsdiluted": 0.58, "weightedAverageShsOut": 46048980, "weightedAverageShsOutDil": 48420601, "link": "https://www.sec.gov/Archives/edgar/data/1299709/000129970912000126/0001299709-12-000126-index.htm", "finalLink": "https://www.sec.gov/Archives/edgar/data/1299709/000129970912000126/bofi-2012630x10k.htm", "calculatedOtherExpenses": -18635000, "calculatedOperatingExpenses": 12279000, "calculatedNetInterest": 79188000, "calculatedOtherIncome": -115733000, "calculatedIncomeNonControlling": 0, "calculatedEbitda": 87398000}, {"date": "2011-06-30", "symbol": "AX", "reportedCurrency": "USD", "cik": "0001299709", "fillingDate": "2011-09-13", "acceptedDate": "2011-09-13 17:24:35", "calendarYear": "2011", "period": "FY", "revenue": 68047000, "costOfRevenue": 0, "grossProfit": 68047000, "grossProfitRatio": 1, "researchAndDevelopmentExpenses": 0, "generalAndAdministrativeExpenses": 20395000, "sellingAndMarketingExpenses": 1025000, "sellingGeneralAndAdministrativeExpenses": 21420000, "otherExpenses": 1541000, "operatingExpenses": 3896000, "costAndExpenses": 3896000, "interestIncome": 92935000, "interestExpense": 34422000, "depreciationAndAmortization": 618000, "ebitda": 69212000, "ebitdaratio": 1.0171205196, "operatingIncome": 68594000, "operatingIncomeRatio": 1.0080385616, "totalOtherIncomeExpensesNet": -34422000, "incomeBeforeTax": 34172000, "incomeBeforeTaxRatio": 0.5021823152, "incomeTaxExpense": 13593000, "netIncome": 20579000, "netIncomeRatio": 0.3024233251, "eps": 0.47, "epsdiluted": 0.47, "weightedAverageShsOut": 43054284, "weightedAverageShsOutDil": 43429880, "link": "https://www.sec.gov/Archives/edgar/data/1299709/000119312511247052/0001193125-11-247052-index.htm", "finalLink": "https://www.sec.gov/Archives/edgar/data/1299709/000119312511247052/d226842d10k.htm", "calculatedOtherExpenses": -21967000, "calculatedOperatingExpenses": -547000, "calculatedNetInterest": 58513000, "calculatedOtherIncome": -92935000, "calculatedIncomeNonControlling": 0, "calculatedEbitda": 69212000}, {"date": "2010-06-30", "symbol": "AX", "reportedCurrency": "USD", "cik": "0001299709", "fillingDate": "2010-09-21", "acceptedDate": "2010-09-21 16:04:12", "calendarYear": "2010", "period": "FY", "revenue": 64973000, "costOfRevenue": 0, "grossProfit": 64973000, "grossProfitRatio": 1, "researchAndDevelopmentExpenses": 0, "generalAndAdministrativeExpenses": 12005000, "sellingAndMarketingExpenses": 444000, "sellingGeneralAndAdministrativeExpenses": 12449000, "otherExpenses": 6038000, "operatingExpenses": 2625000, "costAndExpenses": 2625000, "interestIncome": 85572000, "interestExpense": 34953000, "depreciationAndAmortization": 235000, "ebitda": 71065000, "ebitdaratio": 1.0937620242, "operatingIncome": 70830000, "operatingIncomeRatio": 1.0901451372, "totalOtherIncomeExpensesNet": -34953000, "incomeBeforeTax": 35877000, "incomeBeforeTaxRatio": 0.5521832146, "incomeTaxExpense": 14749000, "netIncome": 21128000, "netIncomeRatio": 0.3251812291, "eps": 0.58, "epsdiluted": 0.56, "weightedAverageShsOut": 35477812, "weightedAverageShsOutDil": 37586608, "link": "https://www.sec.gov/Archives/edgar/data/1299709/000119312510213854/0001193125-10-213854-index.htm", "finalLink": "https://www.sec.gov/Archives/edgar/data/1299709/000119312510213854/d10k.htm", "calculatedOtherExpenses": -18306000, "calculatedOperatingExpenses": -5857000, "calculatedNetInterest": 50619000, "calculatedOtherIncome": -85572000, "calculatedIncomeNonControlling": 0, "calculatedEbitda": 71065000}, {"date": "2009-06-30", "symbol": "AX", "reportedCurrency": "USD", "cik": "0001299709", "fillingDate": "2009-09-25", "acceptedDate": "2009-09-25 17:22:56", "calendarYear": "2009", "period": "FY", "revenue": 31126000, "costOfRevenue": 0, "grossProfit": 31126000, "grossProfitRatio": 1, "researchAndDevelopmentExpenses": 0, "generalAndAdministrativeExpenses": 10302000, "sellingAndMarketingExpenses": 560000, "sellingGeneralAndAdministrativeExpenses": 10862000, "otherExpenses": 1454000, "operatingExpenses": 2829000, "costAndExpenses": 2829000, "interestIncome": 77778000, "interestExpense": 41419000, "depreciationAndAmortization": 171000, "ebitda": 53638000, "ebitdaratio": 1.7232538714, "operatingIncome": 53467000, "operatingIncomeRatio": 1.717760072, "totalOtherIncomeExpensesNet": -41419000, "incomeBeforeTax": 12048000, "incomeBeforeTaxRatio": 0.3870719013, "incomeTaxExpense": 4906000, "netIncome": 7142000, "netIncomeRatio": 0.2294544754, "eps": 0.2, "epsdiluted": 0.19, "weightedAverageShsOut": 33139752, "weightedAverageShsOutDil": 35507964, "link": "https://www.sec.gov/Archives/edgar/data/1299709/000119312509198317/0001193125-09-198317-index.htm", "finalLink": "https://www.sec.gov/Archives/edgar/data/1299709/000119312509198317/d10k.htm", "calculatedOtherExpenses": -33203000, "calculatedOperatingExpenses": -22341000, "calculatedNetInterest": 36359000, "calculatedOtherIncome": -77778000, "calculatedIncomeNonControlling": 0, "calculatedEbitda": 53638000}, {"date": "2008-06-30", "symbol": "AX", "reportedCurrency": "USD", "cik": "0001299709", "fillingDate": "2008-09-23", "acceptedDate": "2008-09-23 17:31:08", "calendarYear": "2008", "period": "FY", "revenue": 19399000, "costOfRevenue": 0, "grossProfit": 19399000, "grossProfitRatio": 1, "researchAndDevelopmentExpenses": 0, "generalAndAdministrativeExpenses": 5426000, "sellingAndMarketingExpenses": 750000, "sellingGeneralAndAdministrativeExpenses": 6176000, "otherExpenses": 0, "operatingExpenses": 2177000, "costAndExpenses": 2177000, "interestIncome": 63301000, "interestExpense": 45281000, "depreciationAndAmortization": 132000, "ebitda": 52292000, "ebitdaratio": 2.6956028661, "operatingIncome": 52160000, "operatingIncomeRatio": 2.6887983917, "totalOtherIncomeExpensesNet": -45149000, "incomeBeforeTax": 7011000, "incomeBeforeTaxRatio": 0.361410382, "incomeTaxExpense": 2815000, "netIncome": 4196000, "netIncomeRatio": 0.2162998093, "eps": 0.12, "epsdiluted": 0.12, "weightedAverageShsOut": 33044400, "weightedAverageShsOutDil": 33502200, "link": "https://www.sec.gov/Archives/edgar/data/1299709/000119312508200013/0001193125-08-200013-index.htm", "finalLink": "https://www.sec.gov/Archives/edgar/data/1299709/000119312508200013/d10k.htm", "calculatedOtherExpenses": -38937000, "calculatedOperatingExpenses": -32761000, "calculatedNetInterest": 18020000, "calculatedOtherIncome": -63169000, "calculatedIncomeNonControlling": 0, "calculatedEbitda": 52292000}, {"date": "2007-06-30", "symbol": "AX", "reportedCurrency": "USD", "cik": "0001299709", "fillingDate": "2007-09-27", "acceptedDate": "2007-09-27 17:27:43", "calendarYear": "2007", "period": "FY", "revenue": 12028000, "costOfRevenue": 0, "grossProfit": 12028000, "grossProfitRatio": 1, "researchAndDevelopmentExpenses": 0, "generalAndAdministrativeExpenses": 2993000, "sellingAndMarketingExpenses": 584000, "sellingGeneralAndAdministrativeExpenses": 3577000, "otherExpenses": 0, "operatingExpenses": 1883000, "costAndExpenses": 1883000, "interestIncome": 44586000, "interestExpense": 33738000, "depreciationAndAmortization": 2217000, "ebitda": 41558000, "ebitdaratio": 3.4551047556, "operatingIncome": 39341000, "operatingIncomeRatio": 3.2707848354, "totalOtherIncomeExpensesNet": -33738000, "incomeBeforeTax": 5603000, "incomeBeforeTaxRatio": 0.4658297306, "incomeTaxExpense": 2284000, "netIncome": 3319000, "netIncomeRatio": 0.2759394746, "eps": 0.09, "epsdiluted": 0.09, "weightedAverageShsOut": 33411111, "weightedAverageShsOutDil": 33411111, "link": "https://www.sec.gov/Archives/edgar/data/1299709/000119312507209046/0001193125-07-209046-index.htm", "finalLink": "https://www.sec.gov/Archives/edgar/data/1299709/000119312507209046/d10k.htm", "calculatedOtherExpenses": -30890000, "calculatedOperatingExpenses": -27313000, "calculatedNetInterest": 10848000, "calculatedOtherIncome": -44586000, "calculatedIncomeNonControlling": 0, "calculatedEbitda": 41558000}, {"date": "2006-06-30", "symbol": "AX", "reportedCurrency": "USD", "cik": "0001299709", "fillingDate": "2006-09-25", "acceptedDate": "2006-09-25 17:18:03", "calendarYear": "2006", "period": "FY", "revenue": 11297000, "costOfRevenue": 0, "grossProfit": 11297000, "grossProfitRatio": 1, "researchAndDevelopmentExpenses": 0, "generalAndAdministrativeExpenses": 2386000, "sellingAndMarketingExpenses": 338000, "sellingGeneralAndAdministrativeExpenses": 2724000, "otherExpenses": 0, "operatingExpenses": 1624000, "costAndExpenses": 1624000, "interestIncome": 32713000, "interestExpense": 22758000, "depreciationAndAmortization": 2316000, "ebitda": 30522000, "ebitdaratio": 2.7017792334, "operatingIncome": 28206000, "operatingIncomeRatio": 2.4967690537, "totalOtherIncomeExpensesNet": -22758000, "incomeBeforeTax": 5448000, "incomeBeforeTaxRatio": 0.4822519253, "incomeTaxExpense": 2182000, "netIncome": 3266000, "netIncomeRatio": 0.2891033018, "eps": 0.0875, "epsdiluted": 0.085, "weightedAverageShsOut": 33211429, "weightedAverageShsOutDil": 34188235, "link": "https://www.sec.gov/Archives/edgar/data/1299709/000119312506196574/0001193125-06-196574-index.htm", "finalLink": "https://www.sec.gov/Archives/edgar/data/1299709/000119312506196574/d10k.htm", "calculatedOtherExpenses": -19633000, "calculatedOperatingExpenses": -16909000, "calculatedNetInterest": 9955000, "calculatedOtherIncome": -32713000, "calculatedIncomeNonControlling": 0, "calculatedEbitda": 30522000}, {"date": "2005-06-30", "symbol": "AX", "reportedCurrency": "USD", "cik": "0001299709", "fillingDate": "2005-09-16", "acceptedDate": "2005-09-16 17:25:24", "calendarYear": "2005", "period": "FY", "revenue": 9876000, "costOfRevenue": 0, "grossProfit": 9876000, "grossProfitRatio": 1, "researchAndDevelopmentExpenses": 0, "generalAndAdministrativeExpenses": 2450000, "sellingAndMarketingExpenses": 255000, "sellingGeneralAndAdministrativeExpenses": 2705000, "otherExpenses": 0, "operatingExpenses": 1230000, "costAndExpenses": 1230000, "interestIncome": 22481000, "interestExpense": 13512000, "depreciationAndAmortization": 1127000, "ebitda": 19400000, "ebitdaratio": 1.9643580397, "operatingIncome": 18273000, "operatingIncomeRatio": 1.8502430134, "totalOtherIncomeExpensesNet": -13512000, "incomeBeforeTax": 4761000, "incomeBeforeTaxRatio": 0.4820777643, "incomeTaxExpense": 1892000, "netIncome": 2869000, "netIncomeRatio": 0.2905022276, "eps": 0.11, "epsdiluted": 0.1, "weightedAverageShsOut": 18110076, "weightedAverageShsOutDil": 24640000, "link": "https://www.sec.gov/Archives/edgar/data/1299709/000110465905044550/0001104659-05-044550-index.htm", "finalLink": "https://www.sec.gov/Archives/edgar/data/1299709/000110465905044550/a05-15792_110k.htm", "calculatedOtherExpenses": -11102000, "calculatedOperatingExpenses": -8397000, "calculatedNetInterest": 8969000, "calculatedOtherIncome": -22481000, "calculatedIncomeNonControlling": 0, "calculatedEbitda": 19400000}, {"date": "2004-06-30", "symbol": "AX", "reportedCurrency": "USD", "cik": "0001299709", "fillingDate": "2004-06-30", "acceptedDate": "2004-06-29 20:00:00", "calendarYear": "2004", "period": "FY", "revenue": 7720000, "costOfRevenue": 0, "grossProfit": 7720000, "grossProfitRatio": 1, "researchAndDevelopmentExpenses": 0, "generalAndAdministrativeExpenses": 1880000, "sellingAndMarketingExpenses": 220000, "sellingGeneralAndAdministrativeExpenses": 2100000, "otherExpenses": 3068000, "operatingExpenses": 5168000, "costAndExpenses": 5168000, "interestIncome": 15772000, "interestExpense": 9242000, "depreciationAndAmortization": 692000, "ebitda": 13580000, "ebitdaratio": 1.7590673575, "operatingIncome": 12888000, "operatingIncomeRatio": 1.6694300518, "totalOtherIncomeExpensesNet": -9242000, "incomeBeforeTax": 3646000, "incomeBeforeTaxRatio": 0.4722797927, "incomeTaxExpense": 1471000, "netIncome": 2175000, "netIncomeRatio": 0.2817357513, "eps": 0.11, "epsdiluted": 0.0975, "weightedAverageShsOut": 18088889, "weightedAverageShsOutDil": 20871795, "link": "", "finalLink": "", "calculatedOtherExpenses": -7268000, "calculatedOperatingExpenses": -5168000, "calculatedNetInterest": 6530000, "calculatedOtherIncome": -15772000, "calculatedIncomeNonControlling": 0, "calculatedEbitda": 13580000}, {"date": "2003-06-30", "symbol": "AX", "reportedCurrency": "USD", "cik": "0001299709", "fillingDate": "2003-06-30", "acceptedDate": "2003-06-29 20:00:00", "calendarYear": "2003", "period": "FY", "revenue": 6437000, "costOfRevenue": 0, "grossProfit": 6437000, "grossProfitRatio": 1, "researchAndDevelopmentExpenses": 0, "generalAndAdministrativeExpenses": 1538000, "sellingAndMarketingExpenses": 189000, "sellingGeneralAndAdministrativeExpenses": 1727000, "otherExpenses": 3256000, "operatingExpenses": 4983000, "costAndExpenses": 4983000, "interestIncome": 13514000, "interestExpense": 8426000, "depreciationAndAmortization": 628000, "ebitda": 12048000, "ebitdaratio": 1.8716793537, "operatingIncome": 11420000, "operatingIncomeRatio": 1.7741183781, "totalOtherIncomeExpensesNet": -8426000, "incomeBeforeTax": 2994000, "incomeBeforeTaxRatio": 0.4651235047, "incomeTaxExpense": 1264000, "netIncome": 1730000, "netIncomeRatio": 0.2687587385, "eps": 0.0975, "epsdiluted": 0.085, "weightedAverageShsOut": 17873184, "weightedAverageShsOutDil": 20539760, "link": "", "finalLink": "", "calculatedOtherExpenses": -6710000, "calculatedOperatingExpenses": -4983000, "calculatedNetInterest": 5088000, "calculatedOtherIncome": -13514000, "calculatedIncomeNonControlling": 0, "calculatedEbitda": 12048000}, {"date": "2002-06-30", "symbol": "AX", "reportedCurrency": "USD", "cik": "0001299709", "fillingDate": "2002-06-30", "acceptedDate": "2002-06-29 20:00:00", "calendarYear": "2002", "period": "FY", "revenue": 492000, "costOfRevenue": 0, "grossProfit": 492000, "grossProfitRatio": 1, "researchAndDevelopmentExpenses": 0, "generalAndAdministrativeExpenses": 0, "sellingAndMarketingExpenses": 0, "sellingGeneralAndAdministrativeExpenses": 0, "otherExpenses": 9101000, "operatingExpenses": 9101000, "costAndExpenses": 9101000, "interestIncome": 11641000, "interestExpense": 8144000, "depreciationAndAmortization": 0, "ebitda": 9593000, "ebitdaratio": 19.4979674797, "operatingIncome": 9593000, "operatingIncomeRatio": 19.4979674797, "totalOtherIncomeExpensesNet": -9002000, "incomeBeforeTax": 591000, "incomeBeforeTaxRatio": 1.2012195122, "incomeTaxExpense": 429000, "netIncome": 1020000, "netIncomeRatio": 2.0731707317, "eps": 0.0625, "epsdiluted": 0.0525, "weightedAverageShsOut": 16320000, "weightedAverageShsOutDil": 19428571, "link": "", "finalLink": "", "calculatedOtherExpenses": -9101000, "calculatedOperatingExpenses": -9101000, "calculatedNetInterest": 3497000, "calculatedOtherIncome": -12499000, "calculatedIncomeNonControlling": -858000, "calculatedEbitda": 9593000}, {"date": "2001-06-30", "symbol": "AX", "reportedCurrency": "USD", "cik": "0001299709", "fillingDate": "2001-06-30", "acceptedDate": "2001-06-29 20:00:00", "calendarYear": "2001", "period": "FY", "revenue": 362000, "costOfRevenue": 0, "grossProfit": 362000, "grossProfitRatio": 1, "researchAndDevelopmentExpenses": 0, "generalAndAdministrativeExpenses": 0, "sellingAndMarketingExpenses": 0, "sellingGeneralAndAdministrativeExpenses": 0, "otherExpenses": 2090000, "operatingExpenses": 2090000, "costAndExpenses": 2090000, "interestIncome": 4697000, "interestExpense": 3535000, "depreciationAndAmortization": 0, "ebitda": 2452000, "ebitdaratio": 6.773480663, "operatingIncome": 2452000, "operatingIncomeRatio": 6.773480663, "totalOtherIncomeExpensesNet": -3533000, "incomeBeforeTax": -1081000, "incomeBeforeTaxRatio": -2.9861878453, "incomeTaxExpense": -1000, "netIncome": -1082000, "netIncomeRatio": -2.9889502762, "eps": -0.0725, "epsdiluted": -0.0725, "weightedAverageShsOut": 14924138, "weightedAverageShsOutDil": 14924138, "link": "", "finalLink": "", "calculatedOtherExpenses": -2090000, "calculatedOperatingExpenses": -2090000, "calculatedNetInterest": 1162000, "calculatedOtherIncome": -4695000, "calculatedIncomeNonControlling": 2000, "calculatedEbitda": 2452000}]}