{"originalCurrency": "USD", "convertedCurrency": "USD", "report": [{"date": "2023-12-31", "symbol": "AXP", "reportedCurrency": "USD", "cik": "0000004962", "fillingDate": "2024-02-09", "acceptedDate": "2024-02-09 14:08:08", "calendarYear": "2023", "period": "FY", "revenue": 60363000000, "costOfRevenue": 25851000000, "grossProfit": 34512000000, "grossProfitRatio": 0.5717409671, "researchAndDevelopmentExpenses": 0, "generalAndAdministrativeExpenses": 8067000000, "sellingAndMarketingExpenses": 5213000000, "sellingGeneralAndAdministrativeExpenses": 13280000000, "otherExpenses": -63130000000, "operatingExpenses": -49850000000, "costAndExpenses": -49850000000, "interestIncome": 19983000000, "interestExpense": 6849000000, "depreciationAndAmortization": 1651000000, "ebitda": 12164000000, "ebitdaratio": 0.2015141726, "operatingIncome": 10513000000, "operatingIncomeRatio": 0.1741629806, "totalOtherIncomeExpensesNet": -7087000000, "incomeBeforeTax": 10513000000, "incomeBeforeTaxRatio": 0.1741629806, "incomeTaxExpense": 2139000000, "netIncome": 8374000000, "netIncomeRatio": 0.1387273661, "eps": 11.23, "epsdiluted": 11.21, "weightedAverageShsOut": 735000000, "weightedAverageShsOutDil": 736000000, "link": "https://www.sec.gov/Archives/edgar/data/4962/000000496224000013/0000004962-24-000013-index.htm", "finalLink": "https://www.sec.gov/Archives/edgar/data/4962/000000496224000013/axp-20231231.htm", "calculatedOtherExpenses": 10719000000, "calculatedOperatingExpenses": 23999000000, "calculatedNetInterest": 13134000000, "calculatedOtherIncome": -13134000000, "calculatedIncomeNonControlling": 0, "calculatedEbitda": 12164000000}, {"date": "2022-12-31", "symbol": "AXP", "reportedCurrency": "USD", "cik": "0000004962", "fillingDate": "2023-02-10", "acceptedDate": "2023-02-10 15:21:14", "calendarYear": "2022", "period": "FY", "revenue": 52862000000, "costOfRevenue": 20114000000, "grossProfit": 32748000000, "grossProfitRatio": 0.6194998297, "researchAndDevelopmentExpenses": 0, "generalAndAdministrativeExpenses": 7252000000, "sellingAndMarketingExpenses": 5458000000, "sellingGeneralAndAdministrativeExpenses": 12710000000, "otherExpenses": -22365000000, "operatingExpenses": 12710000000, "costAndExpenses": 12710000000, "interestIncome": 12658000000, "interestExpense": 2763000000, "depreciationAndAmortization": 1626000000, "ebitda": 13974000000, "ebitdaratio": 0.2643486815, "operatingIncome": 12348000000, "operatingIncomeRatio": 0.2335893458, "totalOtherIncomeExpensesNet": -2763000000, "incomeBeforeTax": 9585000000, "incomeBeforeTaxRatio": 0.1813211759, "incomeTaxExpense": 2071000000, "netIncome": 7514000000, "netIncomeRatio": 0.1421436949, "eps": 9.85, "epsdiluted": 9.84, "weightedAverageShsOut": 751000000, "weightedAverageShsOutDil": 752000000, "link": "https://www.sec.gov/Archives/edgar/data/4962/000000496223000006/0000004962-23-000006-index.htm", "finalLink": "https://www.sec.gov/Archives/edgar/data/4962/000000496223000006/axp-20221231.htm", "calculatedOtherExpenses": 7690000000, "calculatedOperatingExpenses": 20400000000, "calculatedNetInterest": 9895000000, "calculatedOtherIncome": -12658000000, "calculatedIncomeNonControlling": 0, "calculatedEbitda": 13974000000}, {"date": "2021-12-31", "symbol": "AXP", "reportedCurrency": "USD", "cik": "0000004962", "fillingDate": "2022-02-11", "acceptedDate": "2022-02-11 15:42:21", "calendarYear": "2021", "period": "FY", "revenue": 42380000000, "costOfRevenue": 15153000000, "grossProfit": 27227000000, "grossProfitRatio": 0.6424492685, "researchAndDevelopmentExpenses": 0, "generalAndAdministrativeExpenses": 6240000000, "sellingAndMarketingExpenses": 9053000000, "sellingGeneralAndAdministrativeExpenses": 15293000000, "otherExpenses": -46984000000, "operatingExpenses": -31691000000, "costAndExpenses": -31691000000, "interestIncome": 9033000000, "interestExpense": 1283000000, "depreciationAndAmortization": 1695000000, "ebitda": 12384000000, "ebitdaratio": 0.2922133082, "operatingIncome": 10689000000, "operatingIncomeRatio": 0.2522180274, "totalOtherIncomeExpensesNet": 604000000, "incomeBeforeTax": 10689000000, "incomeBeforeTaxRatio": 0.2522180274, "incomeTaxExpense": 2629000000, "netIncome": 8060000000, "netIncomeRatio": 0.1901840491, "eps": 10.03, "epsdiluted": 10.02, "weightedAverageShsOut": 789000000, "weightedAverageShsOutDil": 790000000, "link": "https://www.sec.gov/Archives/edgar/data/4962/000000496222000008/0000004962-22-000008-index.htm", "finalLink": "https://www.sec.gov/Archives/edgar/data/4962/000000496222000008/axp-20211231.htm", "calculatedOtherExpenses": 1245000000, "calculatedOperatingExpenses": 16538000000, "calculatedNetInterest": 7750000000, "calculatedOtherIncome": -7750000000, "calculatedIncomeNonControlling": 0, "calculatedEbitda": 12384000000}, {"date": "2020-12-31", "symbol": "AXP", "reportedCurrency": "USD", "cik": "0000004962", "fillingDate": "2021-02-12", "acceptedDate": "2021-02-12 14:26:54", "calendarYear": "2020", "period": "FY", "revenue": 36087000000, "costOfRevenue": 11757000000, "grossProfit": 24330000000, "grossProfitRatio": 0.674204007, "researchAndDevelopmentExpenses": 0, "generalAndAdministrativeExpenses": 5718000000, "sellingAndMarketingExpenses": 6747000000, "sellingGeneralAndAdministrativeExpenses": 12465000000, "otherExpenses": -44256000000, "operatingExpenses": -31791000000, "costAndExpenses": -31791000000, "interestIncome": 10083000000, "interestExpense": 2098000000, "depreciationAndAmortization": 1543000000, "ebitda": 5839000000, "ebitdaratio": 0.1618034195, "operatingIncome": 4296000000, "operatingIncomeRatio": 0.1190456397, "totalOtherIncomeExpensesNet": -6142000000, "incomeBeforeTax": 4296000000, "incomeBeforeTaxRatio": 0.1190456397, "incomeTaxExpense": 1161000000, "netIncome": 3135000000, "netIncomeRatio": 0.0868733893, "eps": 3.77, "epsdiluted": 3.77, "weightedAverageShsOut": 805000000, "weightedAverageShsOutDil": 806000000, "link": "https://www.sec.gov/Archives/edgar/data/4962/000000496221000013/0000004962-21-000013-index.htm", "finalLink": "https://www.sec.gov/Archives/edgar/data/4962/000000496221000013/axp-20201231.htm", "calculatedOtherExpenses": 7569000000, "calculatedOperatingExpenses": 20034000000, "calculatedNetInterest": 7985000000, "calculatedOtherIncome": -7985000000, "calculatedIncomeNonControlling": 0, "calculatedEbitda": 5839000000}, {"date": "2019-12-31", "symbol": "AXP", "reportedCurrency": "USD", "cik": "0000004962", "fillingDate": "2020-02-13", "acceptedDate": "2020-02-13 16:04:42", "calendarYear": "2019", "period": "FY", "revenue": 43556000000, "costOfRevenue": 15408000000, "grossProfit": 28148000000, "grossProfitRatio": 0.6462485077, "researchAndDevelopmentExpenses": 0, "generalAndAdministrativeExpenses": 5911000000, "sellingAndMarketingExpenses": 7114000000, "sellingGeneralAndAdministrativeExpenses": 13025000000, "otherExpenses": -48152000000, "operatingExpenses": -35127000000, "costAndExpenses": -35127000000, "interestIncome": 12084000000, "interestExpense": 3464000000, "depreciationAndAmortization": 1188000000, "ebitda": 9617000000, "ebitdaratio": 0.2207962164, "operatingIncome": 8429000000, "operatingIncomeRatio": 0.1935209845, "totalOtherIncomeExpensesNet": -5708000000, "incomeBeforeTax": 8429000000, "incomeBeforeTaxRatio": 0.1935209845, "incomeTaxExpense": 1670000000, "netIncome": 6759000000, "netIncomeRatio": 0.155179539, "eps": 8.01, "epsdiluted": 7.99, "weightedAverageShsOut": 828000000, "weightedAverageShsOutDil": 830000000, "link": "https://www.sec.gov/Archives/edgar/data/4962/000000496220000030/0000004962-20-000030-index.htm", "finalLink": "https://www.sec.gov/Archives/edgar/data/4962/000000496220000030/axp-20191231.htm", "calculatedOtherExpenses": 6694000000, "calculatedOperatingExpenses": 19719000000, "calculatedNetInterest": 8620000000, "calculatedOtherIncome": -8620000000, "calculatedIncomeNonControlling": 0, "calculatedEbitda": 9617000000}, {"date": "2018-12-31", "symbol": "AXP", "reportedCurrency": "USD", "cik": "0000004962", "fillingDate": "2019-02-13", "acceptedDate": "2019-02-13 17:21:47", "calendarYear": "2018", "period": "FY", "revenue": 40338000000, "costOfRevenue": 14042000000, "grossProfit": 26296000000, "grossProfitRatio": 0.6518915167, "researchAndDevelopmentExpenses": 0, "generalAndAdministrativeExpenses": 5250000000, "sellingAndMarketingExpenses": 6470000000, "sellingGeneralAndAdministrativeExpenses": 11720000000, "otherExpenses": -15412000000, "operatingExpenses": 11720000000, "costAndExpenses": 11720000000, "interestIncome": 10606000000, "interestExpense": 2943000000, "depreciationAndAmortization": 1293000000, "ebitda": 12358000000, "ebitdaratio": 0.3063612475, "operatingIncome": 11065000000, "operatingIncomeRatio": 0.274307105, "totalOtherIncomeExpensesNet": 8122000000, "incomeBeforeTax": 8122000000, "incomeBeforeTaxRatio": 0.2013486043, "incomeTaxExpense": 1201000000, "netIncome": 6921000000, "netIncomeRatio": 0.1715751896, "eps": 8.09, "epsdiluted": 8.06, "weightedAverageShsOut": 856000000, "weightedAverageShsOutDil": 859000000, "link": "https://www.sec.gov/Archives/edgar/data/4962/000000496219000018/0000004962-19-000018-index.htm", "finalLink": "https://www.sec.gov/Archives/edgar/data/4962/000000496219000018/axp201810k.htm", "calculatedOtherExpenses": 3511000000, "calculatedOperatingExpenses": 15231000000, "calculatedNetInterest": 7663000000, "calculatedOtherIncome": -10606000000, "calculatedIncomeNonControlling": 0, "calculatedEbitda": 12358000000}, {"date": "2017-12-31", "symbol": "AXP", "reportedCurrency": "USD", "cik": "0000004962", "fillingDate": "2018-02-16", "acceptedDate": "2018-02-16 16:54:58", "calendarYear": "2017", "period": "FY", "revenue": 33471000000, "costOfRevenue": 12179000000, "grossProfit": 21292000000, "grossProfitRatio": 0.6361327717, "researchAndDevelopmentExpenses": 0, "generalAndAdministrativeExpenses": 5258000000, "sellingAndMarketingExpenses": 3217000000, "sellingGeneralAndAdministrativeExpenses": 8475000000, "otherExpenses": -15170000000, "operatingExpenses": 8475000000, "costAndExpenses": 8475000000, "interestIncome": 8553000000, "interestExpense": 2112000000, "depreciationAndAmortization": 1321000000, "ebitda": 10847000000, "ebitdaratio": 0.3240715844, "operatingIncome": 9526000000, "operatingIncomeRatio": 0.2846045831, "totalOtherIncomeExpensesNet": 7414000000, "incomeBeforeTax": 7414000000, "incomeBeforeTaxRatio": 0.2215051836, "incomeTaxExpense": 4678000000, "netIncome": 2736000000, "netIncomeRatio": 0.0817424039, "eps": 2.98, "epsdiluted": 2.97, "weightedAverageShsOut": 883000000, "weightedAverageShsOutDil": 886000000, "link": "https://www.sec.gov/Archives/edgar/data/4962/000000496218000032/0000004962-18-000032-index.htm", "finalLink": "https://www.sec.gov/Archives/edgar/data/4962/000000496218000032/axp201710k.htm", "calculatedOtherExpenses": 3291000000, "calculatedOperatingExpenses": 11766000000, "calculatedNetInterest": 6441000000, "calculatedOtherIncome": -8553000000, "calculatedIncomeNonControlling": 0, "calculatedEbitda": 10847000000}, {"date": "2016-12-31", "symbol": "AXP", "reportedCurrency": "USD", "cik": "0000004962", "fillingDate": "2017-02-17", "acceptedDate": "2017-02-17 11:45:00", "calendarYear": "2016", "period": "FY", "revenue": 32119000000, "costOfRevenue": 9619000000, "grossProfit": 22500000000, "grossProfitRatio": 0.7005199415, "researchAndDevelopmentExpenses": 0, "generalAndAdministrativeExpenses": 5259000000, "sellingAndMarketingExpenses": 3650000000, "sellingGeneralAndAdministrativeExpenses": 8909000000, "otherExpenses": -13604000000, "operatingExpenses": 8909000000, "costAndExpenses": 8909000000, "interestIncome": 7475000000, "interestExpense": 1704000000, "depreciationAndAmortization": 1095000000, "ebitda": 10895000000, "ebitdaratio": 0.3392073228, "operatingIncome": 9800000000, "operatingIncomeRatio": 0.3051153523, "totalOtherIncomeExpensesNet": 8096000000, "incomeBeforeTax": 8096000000, "incomeBeforeTaxRatio": 0.252062642, "incomeTaxExpense": 2688000000, "netIncome": 5408000000, "netIncomeRatio": 0.1683738597, "eps": 5.67, "epsdiluted": 5.65, "weightedAverageShsOut": 933000000, "weightedAverageShsOutDil": 935000000, "link": "https://www.sec.gov/Archives/edgar/data/4962/000119312517047588/0001193125-17-047588-index.htm", "finalLink": "https://www.sec.gov/Archives/edgar/data/4962/000119312517047588/d321397d10k.htm", "calculatedOtherExpenses": 3791000000, "calculatedOperatingExpenses": 12700000000, "calculatedNetInterest": 5771000000, "calculatedOtherIncome": -7475000000, "calculatedIncomeNonControlling": 0, "calculatedEbitda": 10895000000}, {"date": "2015-12-31", "symbol": "AXP", "reportedCurrency": "USD", "cik": "0000004962", "fillingDate": "2016-02-19", "acceptedDate": "2016-02-19 14:36:25", "calendarYear": "2015", "period": "FY", "revenue": 32818000000, "costOfRevenue": 0, "grossProfit": 32818000000, "grossProfitRatio": 1, "researchAndDevelopmentExpenses": 0, "generalAndAdministrativeExpenses": 4976000000, "sellingAndMarketingExpenses": 3109000000, "sellingGeneralAndAdministrativeExpenses": 8085000000, "otherExpenses": 0, "operatingExpenses": 8085000000, "costAndExpenses": 8085000000, "interestIncome": 7545000000, "interestExpense": 1623000000, "depreciationAndAmortization": 1043000000, "ebitda": 10604000000, "ebitdaratio": 0.3231153635, "operatingIncome": 9561000000, "operatingIncomeRatio": 0.291334024, "totalOtherIncomeExpensesNet": 7938000000, "incomeBeforeTax": 7938000000, "incomeBeforeTaxRatio": 0.2418794564, "incomeTaxExpense": 2775000000, "netIncome": 5163000000, "netIncomeRatio": 0.1573222012, "eps": 5.07, "epsdiluted": 5.05, "weightedAverageShsOut": 999000000, "weightedAverageShsOutDil": 1003000000, "link": "https://www.sec.gov/Archives/edgar/data/4962/000119312516469798/0001193125-16-469798-index.htm", "finalLink": "https://www.sec.gov/Archives/edgar/data/4962/000119312516469798/d131774d10k.htm", "calculatedOtherExpenses": 15172000000, "calculatedOperatingExpenses": 23257000000, "calculatedNetInterest": 5922000000, "calculatedOtherIncome": -7545000000, "calculatedIncomeNonControlling": 0, "calculatedEbitda": 10604000000}, {"date": "2014-12-31", "symbol": "AXP", "reportedCurrency": "USD", "cik": "0000004962", "fillingDate": "2015-02-24", "acceptedDate": "2015-02-24 15:38:15", "calendarYear": "2014", "period": "FY", "revenue": 34292000000, "costOfRevenue": 0, "grossProfit": 34292000000, "grossProfitRatio": 1, "researchAndDevelopmentExpenses": 0, "generalAndAdministrativeExpenses": 6095000000, "sellingAndMarketingExpenses": 11073000000, "sellingGeneralAndAdministrativeExpenses": 17168000000, "otherExpenses": 0, "operatingExpenses": 17168000000, "costAndExpenses": 17168000000, "interestIncome": 7179000000, "interestExpense": 1707000000, "depreciationAndAmortization": 1012000000, "ebitda": 11710000000, "ebitdaratio": 0.3414790622, "operatingIncome": 10698000000, "operatingIncomeRatio": 0.3119678059, "totalOtherIncomeExpensesNet": 8991000000, "incomeBeforeTax": 8991000000, "incomeBeforeTaxRatio": 0.2621894319, "incomeTaxExpense": 3106000000, "netIncome": 5885000000, "netIncomeRatio": 0.1716143707, "eps": 5.58, "epsdiluted": 5.56, "weightedAverageShsOut": 1045000000, "weightedAverageShsOutDil": 1051000000, "link": "https://www.sec.gov/Archives/edgar/data/4962/000119312515059931/0001193125-15-059931-index.htm", "finalLink": "https://www.sec.gov/Archives/edgar/data/4962/000119312515059931/d862737d10k.htm", "calculatedOtherExpenses": 6426000000, "calculatedOperatingExpenses": 23594000000, "calculatedNetInterest": 5472000000, "calculatedOtherIncome": -7179000000, "calculatedIncomeNonControlling": 0, "calculatedEbitda": 11710000000}, {"date": "2013-12-31", "symbol": "AXP", "reportedCurrency": "USD", "cik": "0000004962", "fillingDate": "2014-02-25", "acceptedDate": "2014-02-25 12:48:41", "calendarYear": "2013", "period": "FY", "revenue": 32974000000, "costOfRevenue": 0, "grossProfit": 32974000000, "grossProfitRatio": 1, "researchAndDevelopmentExpenses": 0, "generalAndAdministrativeExpenses": 6191000000, "sellingAndMarketingExpenses": 10267000000, "sellingGeneralAndAdministrativeExpenses": 16458000000, "otherExpenses": 0, "operatingExpenses": 16458000000, "costAndExpenses": 16458000000, "interestIncome": 7005000000, "interestExpense": 1958000000, "depreciationAndAmortization": 1020000000, "ebitda": 10866000000, "ebitdaratio": 0.3295323588, "operatingIncome": 9846000000, "operatingIncomeRatio": 0.2985988961, "totalOtherIncomeExpensesNet": 7888000000, "incomeBeforeTax": 7888000000, "incomeBeforeTaxRatio": 0.2392187784, "incomeTaxExpense": 2529000000, "netIncome": 5359000000, "netIncomeRatio": 0.162521987, "eps": 4.91, "epsdiluted": 4.88, "weightedAverageShsOut": 1082000000, "weightedAverageShsOutDil": 1089000000, "link": "https://www.sec.gov/Archives/edgar/data/4962/000119312514066777/0001193125-14-066777-index.htm", "finalLink": "https://www.sec.gov/Archives/edgar/data/4962/000119312514066777/d656045d10k.htm", "calculatedOtherExpenses": 6670000000, "calculatedOperatingExpenses": 23128000000, "calculatedNetInterest": 5047000000, "calculatedOtherIncome": -7005000000, "calculatedIncomeNonControlling": 0, "calculatedEbitda": 10866000000}, {"date": "2012-12-31", "symbol": "AXP", "reportedCurrency": "USD", "cik": "0000004962", "fillingDate": "2013-02-22", "acceptedDate": "2013-02-22 09:45:18", "calendarYear": "2012", "period": "FY", "revenue": 31582000000, "costOfRevenue": 0, "grossProfit": 31582000000, "grossProfitRatio": 1, "researchAndDevelopmentExpenses": 0, "generalAndAdministrativeExpenses": 6597000000, "sellingAndMarketingExpenses": 9971000000, "sellingGeneralAndAdministrativeExpenses": 16568000000, "otherExpenses": 0, "operatingExpenses": 16568000000, "costAndExpenses": 16568000000, "interestIncome": 6854000000, "interestExpense": 2226000000, "depreciationAndAmortization": 991000000, "ebitda": 9668000000, "ebitdaratio": 0.3061237414, "operatingIncome": 8677000000, "operatingIncomeRatio": 0.274745108, "totalOtherIncomeExpensesNet": 6451000000, "incomeBeforeTax": 6451000000, "incomeBeforeTaxRatio": 0.2042619213, "incomeTaxExpense": 1969000000, "netIncome": 4482000000, "netIncomeRatio": 0.1419162814, "eps": 3.91, "epsdiluted": 3.89, "weightedAverageShsOut": 1135000000, "weightedAverageShsOutDil": 1141000000, "link": "https://www.sec.gov/Archives/edgar/data/4962/000119312513070554/0001193125-13-070554-index.htm", "finalLink": "https://www.sec.gov/Archives/edgar/data/4962/000119312513070554/d486442d10k.htm", "calculatedOtherExpenses": 6337000000, "calculatedOperatingExpenses": 22905000000, "calculatedNetInterest": 4628000000, "calculatedOtherIncome": -6854000000, "calculatedIncomeNonControlling": 0, "calculatedEbitda": 9668000000}, {"date": "2011-12-31", "symbol": "AXP", "reportedCurrency": "USD", "cik": "0000004962", "fillingDate": "2012-02-24", "acceptedDate": "2012-02-24 12:34:57", "calendarYear": "2011", "period": "FY", "revenue": 29962000000, "costOfRevenue": 0, "grossProfit": 29962000000, "grossProfitRatio": 1, "researchAndDevelopmentExpenses": 0, "generalAndAdministrativeExpenses": 6252000000, "sellingAndMarketingExpenses": 9930000000, "sellingGeneralAndAdministrativeExpenses": 16182000000, "otherExpenses": 0, "operatingExpenses": 16182000000, "costAndExpenses": 16182000000, "interestIncome": 6961000000, "interestExpense": 2320000000, "depreciationAndAmortization": 918000000, "ebitda": 10230000000, "ebitdaratio": 0.3414324811, "operatingIncome": 9312000000, "operatingIncomeRatio": 0.310793672, "totalOtherIncomeExpensesNet": 6956000000, "incomeBeforeTax": 6956000000, "incomeBeforeTaxRatio": 0.2321607369, "incomeTaxExpense": 2057000000, "netIncome": 4935000000, "netIncomeRatio": 0.1647086309, "eps": 4.14, "epsdiluted": 4.12, "weightedAverageShsOut": 1178000000, "weightedAverageShsOutDil": 1184000000, "link": "https://www.sec.gov/Archives/edgar/data/4962/000119312512077400/0001193125-12-077400-index.htm", "finalLink": "https://www.sec.gov/Archives/edgar/data/4962/000119312512077400/d281394d10k.htm", "calculatedOtherExpenses": 4468000000, "calculatedOperatingExpenses": 20650000000, "calculatedNetInterest": 4641000000, "calculatedOtherIncome": -6997000000, "calculatedIncomeNonControlling": -36000000, "calculatedEbitda": 10230000000}, {"date": "2010-12-31", "symbol": "AXP", "reportedCurrency": "USD", "cik": "0000004962", "fillingDate": "2011-02-28", "acceptedDate": "2011-02-25 21:38:38", "calendarYear": "2010", "period": "FY", "revenue": 27819000000, "costOfRevenue": 0, "grossProfit": 27819000000, "grossProfitRatio": 1, "researchAndDevelopmentExpenses": 0, "generalAndAdministrativeExpenses": 5566000000, "sellingAndMarketingExpenses": 8644000000, "sellingGeneralAndAdministrativeExpenses": 14210000000, "otherExpenses": 0, "operatingExpenses": 14210000000, "costAndExpenses": 14210000000, "interestIncome": 7292000000, "interestExpense": 2423000000, "depreciationAndAmortization": 917000000, "ebitda": 9304000000, "ebitdaratio": 0.3344476796, "operatingIncome": 8387000000, "operatingIncomeRatio": 0.3014845969, "totalOtherIncomeExpensesNet": 5964000000, "incomeBeforeTax": 5964000000, "incomeBeforeTaxRatio": 0.2143858514, "incomeTaxExpense": 1907000000, "netIncome": 4057000000, "netIncomeRatio": 0.14583558, "eps": 3.37, "epsdiluted": 3.35, "weightedAverageShsOut": 1188000000, "weightedAverageShsOutDil": 1195000000, "link": "https://www.sec.gov/Archives/edgar/data/4962/000095012311019072/0000950123-11-019072-index.htm", "finalLink": "https://www.sec.gov/Archives/edgar/data/4962/000095012311019072/y87970e10vk.htm", "calculatedOtherExpenses": 5222000000, "calculatedOperatingExpenses": 19432000000, "calculatedNetInterest": 4869000000, "calculatedOtherIncome": -7292000000, "calculatedIncomeNonControlling": 0, "calculatedEbitda": 9304000000}, {"date": "2009-12-31", "symbol": "AXP", "reportedCurrency": "USD", "cik": "0000004962", "fillingDate": "2010-02-26", "acceptedDate": "2010-02-25 20:48:03", "calendarYear": "2009", "period": "FY", "revenue": 24523000000, "costOfRevenue": 0, "grossProfit": 24523000000, "grossProfitRatio": 1, "researchAndDevelopmentExpenses": 0, "generalAndAdministrativeExpenses": 5080000000, "sellingAndMarketingExpenses": 6467000000, "sellingGeneralAndAdministrativeExpenses": 11547000000, "otherExpenses": 0, "operatingExpenses": 11547000000, "costAndExpenses": 11547000000, "interestIncome": 5331000000, "interestExpense": 2207000000, "depreciationAndAmortization": 1070000000, "ebitda": 6111000000, "ebitdaratio": 0.2491946336, "operatingIncome": 5041000000, "operatingIncomeRatio": 0.2055621254, "totalOtherIncomeExpensesNet": 2841000000, "incomeBeforeTax": 2841000000, "incomeBeforeTaxRatio": 0.1158504261, "incomeTaxExpense": 704000000, "netIncome": 2130000000, "netIncomeRatio": 0.0868572361, "eps": 1.54, "epsdiluted": 1.54, "weightedAverageShsOut": 1168000000, "weightedAverageShsOutDil": 1171000000, "link": "https://www.sec.gov/Archives/edgar/data/4962/000119312510041232/0001193125-10-041232-index.htm", "finalLink": "https://www.sec.gov/Archives/edgar/data/4962/000119312510041232/d10k.htm", "calculatedOtherExpenses": 7935000000, "calculatedOperatingExpenses": 19482000000, "calculatedNetInterest": 3124000000, "calculatedOtherIncome": -5324000000, "calculatedIncomeNonControlling": 7000000, "calculatedEbitda": 6111000000}, {"date": "2008-12-31", "symbol": "AXP", "reportedCurrency": "USD", "cik": "0000004962", "fillingDate": "2009-02-27", "acceptedDate": "2009-02-27 16:25:14", "calendarYear": "2008", "period": "FY", "revenue": 28365000000, "costOfRevenue": 0, "grossProfit": 28365000000, "grossProfitRatio": 1, "researchAndDevelopmentExpenses": 0, "generalAndAdministrativeExpenses": 6090000000, "sellingAndMarketingExpenses": 7361000000, "sellingGeneralAndAdministrativeExpenses": 13451000000, "otherExpenses": 0, "operatingExpenses": 13451000000, "costAndExpenses": 13451000000, "interestIncome": 7745000000, "interestExpense": 3555000000, "depreciationAndAmortization": 712000000, "ebitda": 7676000000, "ebitdaratio": 0.2706151948, "operatingIncome": 6964000000, "operatingIncomeRatio": 0.2455138375, "totalOtherIncomeExpensesNet": 3581000000, "incomeBeforeTax": 3581000000, "incomeBeforeTaxRatio": 0.1262471356, "incomeTaxExpense": 710000000, "netIncome": 2699000000, "netIncomeRatio": 0.0951524766, "eps": 2.34, "epsdiluted": 2.33, "weightedAverageShsOut": 1154000000, "weightedAverageShsOutDil": 1157000000, "link": "https://www.sec.gov/Archives/edgar/data/4962/000119312509041008/0001193125-09-041008-index.htm", "finalLink": "https://www.sec.gov/Archives/edgar/data/4962/000119312509041008/d10k.htm", "calculatedOtherExpenses": 7950000000, "calculatedOperatingExpenses": 21401000000, "calculatedNetInterest": 4190000000, "calculatedOtherIncome": -7573000000, "calculatedIncomeNonControlling": 172000000, "calculatedEbitda": 7676000000}, {"date": "2007-12-31", "symbol": "AXP", "reportedCurrency": "USD", "cik": "0000004962", "fillingDate": "2008-02-28", "acceptedDate": "2008-02-28 17:21:14", "calendarYear": "2007", "period": "FY", "revenue": 27731000000, "costOfRevenue": 0, "grossProfit": 27731000000, "grossProfitRatio": 1, "researchAndDevelopmentExpenses": 0, "generalAndAdministrativeExpenses": 5389000000, "sellingAndMarketingExpenses": 7817000000, "sellingGeneralAndAdministrativeExpenses": 13206000000, "otherExpenses": 0, "operatingExpenses": 13206000000, "costAndExpenses": 13206000000, "interestIncome": 8441000000, "interestExpense": 3826000000, "depreciationAndAmortization": 648000000, "ebitda": 10004000000, "ebitdaratio": 0.3607515055, "operatingIncome": 4048, "operatingIncomeRatio": 1.46e-07, "totalOtherIncomeExpensesNet": 5566000000, "incomeBeforeTax": 5566000000, "incomeBeforeTaxRatio": 0.2007140024, "incomeTaxExpense": 1518000000, "netIncome": 4012000000, "netIncomeRatio": 0.1446756338, "eps": 3.42, "epsdiluted": 3.35, "weightedAverageShsOut": 1173000000, "weightedAverageShsOutDil": 1196000000, "link": "https://www.sec.gov/Archives/edgar/data/4962/000119312508042043/0001193125-08-042043-index.htm", "finalLink": "https://www.sec.gov/Archives/edgar/data/4962/000119312508042043/d10k.htm", "calculatedOtherExpenses": 14524995952, "calculatedOperatingExpenses": 27730995952, "calculatedNetInterest": 4615000000, "calculatedOtherIncome": 950995952, "calculatedIncomeNonControlling": 36000000, "calculatedEbitda": 648004048}, {"date": "2006-12-31", "symbol": "AXP", "reportedCurrency": "USD", "cik": "0000004962", "fillingDate": "2007-03-01", "acceptedDate": "2007-03-01 15:46:48", "calendarYear": "2006", "period": "FY", "revenue": 25900000000, "costOfRevenue": 0, "grossProfit": 25900000000, "grossProfitRatio": 1, "researchAndDevelopmentExpenses": 0, "generalAndAdministrativeExpenses": 4954000000, "sellingAndMarketingExpenses": 6516000000, "sellingGeneralAndAdministrativeExpenses": 11470000000, "otherExpenses": 0, "operatingExpenses": 11470000000, "costAndExpenses": 11470000000, "interestIncome": 4679000000, "interestExpense": 2878000000, "depreciationAndAmortization": 645000000, "ebitda": 8829000000, "ebitdaratio": 0.3408880309, "operatingIncome": 3729, "operatingIncomeRatio": 1.44e-07, "totalOtherIncomeExpensesNet": 5328000000, "incomeBeforeTax": 5328000000, "incomeBeforeTaxRatio": 0.2057142857, "incomeTaxExpense": 1599000000, "netIncome": 3707000000, "netIncomeRatio": 0.1431274131, "eps": 3.06, "epsdiluted": 2.99, "weightedAverageShsOut": 1212000000, "weightedAverageShsOutDil": 1238000000, "link": "https://www.sec.gov/Archives/edgar/data/4962/000095012307003020/0000950123-07-003020-index.htm", "finalLink": "https://www.sec.gov/Archives/edgar/data/4962/000095012307003020/y30921e10vk.htm", "calculatedOtherExpenses": 14429996271, "calculatedOperatingExpenses": 25899996271, "calculatedNetInterest": 1801000000, "calculatedOtherIncome": 3526996271, "calculatedIncomeNonControlling": 22000000, "calculatedEbitda": 645003729}, {"date": "2005-12-31", "symbol": "AXP", "reportedCurrency": "USD", "cik": "0000004962", "fillingDate": "2006-03-06", "acceptedDate": "2006-03-06 16:03:02", "calendarYear": "2005", "period": "FY", "revenue": 23347000000, "costOfRevenue": 0, "grossProfit": 23347000000, "grossProfitRatio": 1, "researchAndDevelopmentExpenses": 0, "generalAndAdministrativeExpenses": 7602000000, "sellingAndMarketingExpenses": 5841000000, "sellingGeneralAndAdministrativeExpenses": 13443000000, "otherExpenses": 0, "operatingExpenses": 13443000000, "costAndExpenses": 13443000000, "interestIncome": 1055000000, "interestExpense": 920000000, "depreciationAndAmortization": 602000000, "ebitda": 6283000000, "ebitdaratio": 0.2691138048, "operatingIncome": 3221, "operatingIncomeRatio": 1.38e-07, "totalOtherIncomeExpensesNet": 4248000000, "incomeBeforeTax": 4248000000, "incomeBeforeTaxRatio": 0.1819505718, "incomeTaxExpense": 1027000000, "netIncome": 3734000000, "netIncomeRatio": 0.1599348953, "eps": 3.03, "epsdiluted": 2.97, "weightedAverageShsOut": 1233000000, "weightedAverageShsOutDil": 1258000000, "link": "https://www.sec.gov/Archives/edgar/data/4962/000119312506046095/0001193125-06-046095-index.htm", "finalLink": "https://www.sec.gov/Archives/edgar/data/4962/000119312506046095/d10k.htm", "calculatedOtherExpenses": 9903996779, "calculatedOperatingExpenses": 23346996779, "calculatedNetInterest": 135000000, "calculatedOtherIncome": 4112996779, "calculatedIncomeNonControlling": -513000000, "calculatedEbitda": 602003221}, {"date": "2004-12-31", "symbol": "AXP", "reportedCurrency": "USD", "cik": "0000004962", "fillingDate": "2005-03-10", "acceptedDate": "2005-03-10 17:27:43", "calendarYear": "2004", "period": "FY", "revenue": 28248000000, "costOfRevenue": 0, "grossProfit": 28248000000, "grossProfitRatio": 1, "researchAndDevelopmentExpenses": 0, "generalAndAdministrativeExpenses": 8453000000, "sellingAndMarketingExpenses": 5083000000, "sellingGeneralAndAdministrativeExpenses": 13536000000, "otherExpenses": 0, "operatingExpenses": 13536000000, "costAndExpenses": 13536000000, "interestIncome": 3118000000, "interestExpense": 867000000, "depreciationAndAmortization": 758000000, "ebitda": 6505000000, "ebitdaratio": 0.2302817899, "operatingIncome": 5747000000, "operatingIncomeRatio": 0.2034480317, "totalOtherIncomeExpensesNet": 4951000000, "incomeBeforeTax": 4951000000, "incomeBeforeTaxRatio": 0.1752690456, "incomeTaxExpense": 1435000000, "netIncome": 3445000000, "netIncomeRatio": 0.1219555367, "eps": 2.74, "epsdiluted": 2.68, "weightedAverageShsOut": 1259000000, "weightedAverageShsOutDil": 1285000000, "link": "https://www.sec.gov/Archives/edgar/data/4962/000095012305002932/0000950123-05-002932-index.htm", "finalLink": "https://www.sec.gov/Archives/edgar/data/4962/000095012305002932/y06418e10vk.txt", "calculatedOtherExpenses": 8965000000, "calculatedOperatingExpenses": 22501000000, "calculatedNetInterest": 2251000000, "calculatedOtherIncome": -3047000000, "calculatedIncomeNonControlling": 71000000, "calculatedEbitda": 6505000000}, {"date": "2003-12-31", "symbol": "AXP", "reportedCurrency": "USD", "cik": "0000004962", "fillingDate": "2004-03-12", "acceptedDate": "2004-03-12 15:08:18", "calendarYear": "2003", "period": "FY", "revenue": 24961000000, "costOfRevenue": 0, "grossProfit": 24961000000, "grossProfitRatio": 1, "researchAndDevelopmentExpenses": 0, "generalAndAdministrativeExpenses": 10762000000, "sellingAndMarketingExpenses": 3901000000, "sellingGeneralAndAdministrativeExpenses": 14663000000, "otherExpenses": 0, "operatingExpenses": 14663000000, "costAndExpenses": 14663000000, "interestIncome": 3063000000, "interestExpense": 905000000, "depreciationAndAmortization": 676000000, "ebitda": 5815000000, "ebitdaratio": 0.2329634229, "operatingIncome": 5139000000, "operatingIncomeRatio": 0.2058811746, "totalOtherIncomeExpensesNet": 4247000000, "incomeBeforeTax": 4247000000, "incomeBeforeTaxRatio": 0.1701454269, "incomeTaxExpense": 1247000000, "netIncome": 2987000000, "netIncomeRatio": 0.11966668, "eps": 2.33, "epsdiluted": 2.3, "weightedAverageShsOut": 1284000000, "weightedAverageShsOutDil": 1298000000, "link": "https://www.sec.gov/Archives/edgar/data/4962/000095011704000966/0000950117-04-000966-index.htm", "finalLink": "https://www.sec.gov/Archives/edgar/data/4962/000095011704000966/a37241.txt", "calculatedOtherExpenses": 5159000000, "calculatedOperatingExpenses": 19822000000, "calculatedNetInterest": 2158000000, "calculatedOtherIncome": -3050000000, "calculatedIncomeNonControlling": 13000000, "calculatedEbitda": 5815000000}, {"date": "2002-12-31", "symbol": "AXP", "reportedCurrency": "USD", "cik": "0000004962", "fillingDate": "2003-03-27", "acceptedDate": "2003-03-26 17:52:53", "calendarYear": "2002", "period": "FY", "revenue": 22725000000, "costOfRevenue": 0, "grossProfit": 22725000000, "grossProfitRatio": 1, "researchAndDevelopmentExpenses": 0, "generalAndAdministrativeExpenses": 10311000000, "sellingAndMarketingExpenses": 1548000000, "sellingGeneralAndAdministrativeExpenses": 11859000000, "otherExpenses": 0, "operatingExpenses": 11859000000, "costAndExpenses": 11859000000, "interestIncome": 2991000000, "interestExpense": 1082000000, "depreciationAndAmortization": 951000000, "ebitda": 5760000000, "ebitdaratio": 0.2534653465, "operatingIncome": 4809000000, "operatingIncomeRatio": 0.2116171617, "totalOtherIncomeExpensesNet": 3727000000, "incomeBeforeTax": 3727000000, "incomeBeforeTaxRatio": 0.1640044004, "incomeTaxExpense": 1056000000, "netIncome": 2671000000, "netIncomeRatio": 0.1175357536, "eps": 2.02, "epsdiluted": 2.01, "weightedAverageShsOut": 1320000000, "weightedAverageShsOutDil": 1330000000, "link": "https://www.sec.gov/Archives/edgar/data/4962/000000496203000042/0000004962-03-000042-index.htm", "finalLink": "https://www.sec.gov/Archives/edgar/data/4962/000000496203000042/main2.txt", "calculatedOtherExpenses": 6057000000, "calculatedOperatingExpenses": 17916000000, "calculatedNetInterest": 1909000000, "calculatedOtherIncome": -2991000000, "calculatedIncomeNonControlling": 0, "calculatedEbitda": 5760000000}, {"date": "2001-12-31", "symbol": "AXP", "reportedCurrency": "USD", "cik": "0000004962", "fillingDate": "2002-04-01", "acceptedDate": "2002-04-01 00:00:00", "calendarYear": "2001", "period": "FY", "revenue": 21081000000, "costOfRevenue": 0, "grossProfit": 21081000000, "grossProfitRatio": 1, "researchAndDevelopmentExpenses": 0, "generalAndAdministrativeExpenses": 11011000000, "sellingAndMarketingExpenses": 1301000000, "sellingGeneralAndAdministrativeExpenses": 12312000000, "otherExpenses": 0, "operatingExpenses": 12312000000, "costAndExpenses": 12312000000, "interestIncome": 2137000000, "interestExpense": 1501000000, "depreciationAndAmortization": 1196000000, "ebitda": 4293000000, "ebitdaratio": 0.2036430909, "operatingIncome": 3097000000, "operatingIncomeRatio": 0.1469095394, "totalOtherIncomeExpensesNet": 1596000000, "incomeBeforeTax": 1596000000, "incomeBeforeTaxRatio": 0.0757079835, "incomeTaxExpense": 285000000, "netIncome": 1311000000, "netIncomeRatio": 0.0621887007, "eps": 0.99, "epsdiluted": 0.98, "weightedAverageShsOut": 1324000000, "weightedAverageShsOutDil": 1336000000, "link": "https://www.sec.gov/Archives/edgar/data/4962/000095011702000727/0000950117-02-000727-index.htm", "finalLink": "https://www.sec.gov/Archives/edgar/data/4962/000095011702000727/a32343.txt", "calculatedOtherExpenses": 5672000000, "calculatedOperatingExpenses": 17984000000, "calculatedNetInterest": 636000000, "calculatedOtherIncome": -2137000000, "calculatedIncomeNonControlling": 0, "calculatedEbitda": 4293000000}, {"date": "2000-12-31", "symbol": "AXP", "reportedCurrency": "USD", "cik": "0000004962", "fillingDate": "2001-03-30", "acceptedDate": "2001-03-30 00:00:00", "calendarYear": "2000", "period": "FY", "revenue": 22321000000, "costOfRevenue": 0, "grossProfit": 22321000000, "grossProfitRatio": 1, "researchAndDevelopmentExpenses": 0, "generalAndAdministrativeExpenses": 10579000000, "sellingAndMarketingExpenses": 1515000000, "sellingGeneralAndAdministrativeExpenses": 12094000000, "otherExpenses": 0, "operatingExpenses": 12094000000, "costAndExpenses": 12094000000, "interestIncome": 3290000000, "interestExpense": 1354000000, "depreciationAndAmortization": 393000000, "ebitda": 5655000000, "ebitdaratio": 0.2533488643, "operatingIncome": 5262000000, "operatingIncomeRatio": 0.2357421262, "totalOtherIncomeExpensesNet": 3908000000, "incomeBeforeTax": 3908000000, "incomeBeforeTaxRatio": 0.1750817616, "incomeTaxExpense": 1098000000, "netIncome": 2810000000, "netIncomeRatio": 0.1258904171, "eps": 2.12, "epsdiluted": 2.07, "weightedAverageShsOut": 1327000000, "weightedAverageShsOutDil": 1360000000, "link": "https://www.sec.gov/Archives/edgar/data/4962/000000496201500025/0000004962-01-500025-index.htm", "finalLink": "https://www.sec.gov/Archives/edgar/data/4962/000000496201500025/axp10k.txt", "calculatedOtherExpenses": 4965000000, "calculatedOperatingExpenses": 17059000000, "calculatedNetInterest": 1936000000, "calculatedOtherIncome": -3290000000, "calculatedIncomeNonControlling": 0, "calculatedEbitda": 5655000000}, {"date": "1999-12-31", "symbol": "AXP", "reportedCurrency": "USD", "cik": "0000004962", "fillingDate": "2000-03-29", "acceptedDate": "2000-03-29 00:00:00", "calendarYear": "1999", "period": "FY", "revenue": 20227000000, "costOfRevenue": 0, "grossProfit": 20227000000, "grossProfitRatio": 1, "researchAndDevelopmentExpenses": 0, "generalAndAdministrativeExpenses": 9718000000, "sellingAndMarketingExpenses": 1424000000, "sellingGeneralAndAdministrativeExpenses": 11142000000, "otherExpenses": 0, "operatingExpenses": 11142000000, "costAndExpenses": 11142000000, "interestIncome": 3346000000, "interestExpense": 1051000000, "depreciationAndAmortization": 13000000, "ebitda": 4502000000, "ebitdaratio": 0.2225737875, "operatingIncome": 4489000000, "operatingIncomeRatio": 0.2219310822, "totalOtherIncomeExpensesNet": 3438000000, "incomeBeforeTax": 3438000000, "incomeBeforeTaxRatio": 0.1699708311, "incomeTaxExpense": 963000000, "netIncome": 2475000000, "netIncomeRatio": 0.1223612004, "eps": 1.85, "epsdiluted": 1.81, "weightedAverageShsOut": 1341000000, "weightedAverageShsOutDil": 1368000000, "link": "https://www.sec.gov/Archives/edgar/data/4962/000000496200000024/0000004962-00-000024-index.htm", "finalLink": "https://www.sec.gov/Archives/edgar/data/4962/000000496200000024/0000004962-00-000024.txt", "calculatedOtherExpenses": 4596000000, "calculatedOperatingExpenses": 15738000000, "calculatedNetInterest": 2295000000, "calculatedOtherIncome": -3346000000, "calculatedIncomeNonControlling": 0, "calculatedEbitda": 4502000000}, {"date": "1998-12-31", "symbol": "AXP", "reportedCurrency": "USD", "cik": "0000004962", "fillingDate": "1999-03-30", "acceptedDate": "1999-03-30 00:00:00", "calendarYear": "1998", "period": "FY", "revenue": 18133000000, "costOfRevenue": 0, "grossProfit": 18133000000, "grossProfitRatio": 1, "researchAndDevelopmentExpenses": 0, "generalAndAdministrativeExpenses": 9250000000, "sellingAndMarketingExpenses": 1228000000, "sellingGeneralAndAdministrativeExpenses": 10478000000, "otherExpenses": 0, "operatingExpenses": 10478000000, "costAndExpenses": 10478000000, "interestIncome": 3277000000, "interestExpense": 999000000, "depreciationAndAmortization": -212000000, "ebitda": 3712000000, "ebitdaratio": 0.2047096454, "operatingIncome": 3924000000, "operatingIncomeRatio": 0.2164010368, "totalOtherIncomeExpensesNet": 2925000000, "incomeBeforeTax": 2925000000, "incomeBeforeTaxRatio": 0.1613081123, "incomeTaxExpense": 784000000, "netIncome": 2141000000, "netIncomeRatio": 0.1180720234, "eps": 1.57, "epsdiluted": 1.54, "weightedAverageShsOut": 1362000000, "weightedAverageShsOutDil": 1389000000, "link": "https://www.sec.gov/Archives/edgar/data/4962/000000496299000012/0000004962-99-000012-index.htm", "finalLink": "https://www.sec.gov/Archives/edgar/data/4962/0000004962-99-000012.txt", "calculatedOtherExpenses": 3731000000, "calculatedOperatingExpenses": 14209000000, "calculatedNetInterest": 2278000000, "calculatedOtherIncome": -3277000000, "calculatedIncomeNonControlling": 0, "calculatedEbitda": 3712000000}, {"date": "1997-12-31", "symbol": "AXP", "reportedCurrency": "USD", "cik": "0000004962", "fillingDate": "1998-03-31", "acceptedDate": "1998-03-31 00:00:00", "calendarYear": "1997", "period": "FY", "revenue": 16836000000, "costOfRevenue": 0, "grossProfit": 16836000000, "grossProfitRatio": 1, "researchAndDevelopmentExpenses": 0, "generalAndAdministrativeExpenses": 8356000000, "sellingAndMarketingExpenses": 1118000000, "sellingGeneralAndAdministrativeExpenses": 9474000000, "otherExpenses": 0, "operatingExpenses": 9474000000, "costAndExpenses": 9474000000, "interestIncome": 3175000000, "interestExpense": 924000000, "depreciationAndAmortization": 187000000, "ebitda": 3861000000, "ebitdaratio": 0.2293300071, "operatingIncome": 3674000000, "operatingIncomeRatio": 0.2182228558, "totalOtherIncomeExpensesNet": 2750000000, "incomeBeforeTax": 2750000000, "incomeBeforeTaxRatio": 0.1633404609, "incomeTaxExpense": 759000000, "netIncome": 1991000000, "netIncomeRatio": 0.1182584937, "eps": 1.43, "epsdiluted": 1.38, "weightedAverageShsOut": 1392000000, "weightedAverageShsOutDil": 1437000000, "link": "https://www.sec.gov/Archives/edgar/data/4962/000000496298000018/0000004962-98-000018-index.htm", "finalLink": "https://www.sec.gov/Archives/edgar/data/4962/000000496298000018/", "calculatedOtherExpenses": 3688000000, "calculatedOperatingExpenses": 13162000000, "calculatedNetInterest": 2251000000, "calculatedOtherIncome": -3175000000, "calculatedIncomeNonControlling": 0, "calculatedEbitda": 3861000000}, {"date": "1996-12-31", "symbol": "AXP", "reportedCurrency": "USD", "cik": "0000004962", "fillingDate": "1997-03-28", "acceptedDate": "1997-03-28 00:00:00", "calendarYear": "1996", "period": "FY", "revenue": 15121000000, "costOfRevenue": 0, "grossProfit": 15121000000, "grossProfitRatio": 1, "researchAndDevelopmentExpenses": 0, "generalAndAdministrativeExpenses": 7652000000, "sellingAndMarketingExpenses": 1071000000, "sellingGeneralAndAdministrativeExpenses": 8723000000, "otherExpenses": 0, "operatingExpenses": 8723000000, "costAndExpenses": 8723000000, "interestIncome": 3289000000, "interestExpense": 1116000000, "depreciationAndAmortization": 266000000, "ebitda": 4046000000, "ebitdaratio": 0.2675748958, "operatingIncome": 3780000000, "operatingIncomeRatio": 0.2499834667, "totalOtherIncomeExpensesNet": 2664000000, "incomeBeforeTax": 2664000000, "incomeBeforeTaxRatio": 0.1761788242, "incomeTaxExpense": 763000000, "netIncome": 1901000000, "netIncomeRatio": 0.1257191985, "eps": 1.3, "epsdiluted": 1.3, "weightedAverageShsOut": 1456800000, "weightedAverageShsOutDil": 1461261000, "link": "https://www.sec.gov/Archives/edgar/data/4962/000000496297000012/0000004962-97-000012-index.htm", "finalLink": "https://www.sec.gov/Archives/edgar/data/4962/000000496297000012/", "calculatedOtherExpenses": 2618000000, "calculatedOperatingExpenses": 11341000000, "calculatedNetInterest": 2173000000, "calculatedOtherIncome": -3289000000, "calculatedIncomeNonControlling": 0, "calculatedEbitda": 4046000000}, {"date": "1995-12-31", "symbol": "AXP", "reportedCurrency": "USD", "cik": "0000004962", "fillingDate": "1996-03-29", "acceptedDate": "1996-03-29 00:00:00", "calendarYear": "1995", "period": "FY", "revenue": 14599000000, "costOfRevenue": 0, "grossProfit": 14599000000, "grossProfitRatio": 1, "researchAndDevelopmentExpenses": 0, "generalAndAdministrativeExpenses": 7581000000, "sellingAndMarketingExpenses": 977000000, "sellingGeneralAndAdministrativeExpenses": 8558000000, "otherExpenses": 0, "operatingExpenses": 8558000000, "costAndExpenses": 8558000000, "interestIncome": 4531000000, "interestExpense": 1242000000, "depreciationAndAmortization": 367000000, "ebitda": 3792000000, "ebitdaratio": 0.2597438181, "operatingIncome": 3425000000, "operatingIncomeRatio": 0.2346051099, "totalOtherIncomeExpensesNet": 2183000000, "incomeBeforeTax": 2183000000, "incomeBeforeTaxRatio": 0.1495307898, "incomeTaxExpense": 619000000, "netIncome": 1564000000, "netIncomeRatio": 0.1071306254, "eps": 1.04, "epsdiluted": 1.04, "weightedAverageShsOut": 1494000000, "weightedAverageShsOutDil": 1499790000, "link": "https://www.sec.gov/Archives/edgar/data/4962/000000496296000013/0000004962-96-000013-index.htm", "finalLink": "https://www.sec.gov/Archives/edgar/data/4962/0000004962-96-000013.txt", "calculatedOtherExpenses": 2616000000, "calculatedOperatingExpenses": 11174000000, "calculatedNetInterest": 3289000000, "calculatedOtherIncome": -4531000000, "calculatedIncomeNonControlling": 0, "calculatedEbitda": 3792000000}, {"date": "1994-12-31", "symbol": "AXP", "reportedCurrency": "USD", "cik": "0000004962", "fillingDate": "1995-03-31", "acceptedDate": "1995-03-31 00:00:00", "calendarYear": "1994", "period": "FY", "revenue": 13271000000, "costOfRevenue": 0, "grossProfit": 13271000000, "grossProfitRatio": 1, "researchAndDevelopmentExpenses": 0, "generalAndAdministrativeExpenses": 6765000000, "sellingAndMarketingExpenses": 1063000000, "sellingGeneralAndAdministrativeExpenses": 7828000000, "otherExpenses": 0, "operatingExpenses": 7828000000, "costAndExpenses": 7828000000, "interestIncome": 4120000000, "interestExpense": 1011000000, "depreciationAndAmortization": 378000000, "ebitda": 3313000000, "ebitdaratio": 0.2496420767, "operatingIncome": 2935000000, "operatingIncomeRatio": 0.2211589179, "totalOtherIncomeExpensesNet": 1891000000, "incomeBeforeTax": 1891000000, "incomeBeforeTaxRatio": 0.1424911461, "incomeTaxExpense": 511000000, "netIncome": 1413000000, "netIncomeRatio": 0.1064727602, "eps": 0.92, "epsdiluted": 0.92, "weightedAverageShsOut": 1506545455, "weightedAverageShsOutDil": 1533550000, "link": "https://www.sec.gov/Archives/edgar/data/4962/000000496295000005/0000004962-95-000005-index.htm", "finalLink": "https://www.sec.gov/Archives/edgar/data/4962/0000004962-95-000005.txt", "calculatedOtherExpenses": 2508000000, "calculatedOperatingExpenses": 10336000000, "calculatedNetInterest": 3109000000, "calculatedOtherIncome": -4153000000, "calculatedIncomeNonControlling": -33000000, "calculatedEbitda": 3313000000}, {"date": "1993-12-31", "symbol": "AXP", "reportedCurrency": "USD", "cik": "0000004962", "fillingDate": "1994-03-31", "acceptedDate": "1994-03-31 00:00:00", "calendarYear": "1993", "period": "FY", "revenue": 12390000000, "costOfRevenue": 0, "grossProfit": 12390000000, "grossProfitRatio": 1, "researchAndDevelopmentExpenses": 0, "generalAndAdministrativeExpenses": 6487000000, "sellingAndMarketingExpenses": 1091000000, "sellingGeneralAndAdministrativeExpenses": 7578000000, "otherExpenses": 0, "operatingExpenses": 7578000000, "costAndExpenses": 7578000000, "interestIncome": 4914000000, "interestExpense": 1783000000, "depreciationAndAmortization": 411000000, "ebitda": 4393000000, "ebitdaratio": 0.3545601291, "operatingIncome": 3982000000, "operatingIncomeRatio": 0.3213882163, "totalOtherIncomeExpensesNet": 2326000000, "incomeBeforeTax": 2326000000, "incomeBeforeTaxRatio": 0.187732042, "incomeTaxExpense": 721000000, "netIncome": 1478000000, "netIncomeRatio": 0.1192897498, "eps": 0.78, "epsdiluted": 0.77, "weightedAverageShsOut": 1841025641, "weightedAverageShsOutDil": 1864935065, "link": "https://www.sec.gov/Archives/edgar/data/4962/000000496294000006/0000004962-94-000006-index.htm", "finalLink": "https://www.sec.gov/Archives/edgar/data/4962/0000004962-94-000006.txt", "calculatedOtherExpenses": 830000000, "calculatedOperatingExpenses": 8408000000, "calculatedNetInterest": 3131000000, "calculatedOtherIncome": -4787000000, "calculatedIncomeNonControlling": 127000000, "calculatedEbitda": 4393000000}, {"date": "1992-12-31", "symbol": "AXP", "reportedCurrency": "USD", "cik": "0000004962", "fillingDate": "1992-12-31", "acceptedDate": "1992-12-30 19:00:00", "calendarYear": "1992", "period": "FY", "revenue": 19312000000, "costOfRevenue": 0, "grossProfit": 19312000000, "grossProfitRatio": 1, "researchAndDevelopmentExpenses": 0, "generalAndAdministrativeExpenses": 11559000000, "sellingAndMarketingExpenses": 1179000000, "sellingGeneralAndAdministrativeExpenses": 12738000000, "otherExpenses": 0, "operatingExpenses": 12738000000, "costAndExpenses": 12738000000, "interestIncome": 11380000000, "interestExpense": 7649000000, "depreciationAndAmortization": 660000000, "ebitda": 9109500000, "ebitdaratio": 0.4717015327, "operatingIncome": 8449500000, "operatingIncomeRatio": 0.4375258906, "totalOtherIncomeExpensesNet": 775000000, "incomeBeforeTax": 775000000, "incomeBeforeTaxRatio": 0.0401304888, "incomeTaxExpense": 339000000, "netIncome": 461500000, "netIncomeRatio": 0.0238970588, "eps": 0.3, "epsdiluted": 0.3, "weightedAverageShsOut": 1395000000, "weightedAverageShsOutDil": 1395000000, "link": "", "finalLink": "", "calculatedOtherExpenses": -1875500000, "calculatedOperatingExpenses": 10862500000, "calculatedNetInterest": 3731000000, "calculatedOtherIncome": -11405500000, "calculatedIncomeNonControlling": -25500000, "calculatedEbitda": 9109500000}, {"date": "1991-12-31", "symbol": "AXP", "reportedCurrency": "USD", "cik": "0000004962", "fillingDate": "1991-12-31", "acceptedDate": "1991-12-30 19:00:00", "calendarYear": "1991", "period": "FY", "revenue": 17511000000, "costOfRevenue": 0, "grossProfit": 17511000000, "grossProfitRatio": 1, "researchAndDevelopmentExpenses": 0, "generalAndAdministrativeExpenses": 7582000000, "sellingAndMarketingExpenses": 1074000000, "sellingGeneralAndAdministrativeExpenses": 8656000000, "otherExpenses": 0, "operatingExpenses": 8656000000, "costAndExpenses": 8656000000, "interestIncome": 11490000000, "interestExpense": 8252000000, "depreciationAndAmortization": 753000000, "ebitda": 9764000000, "ebitdaratio": 0.5575923705, "operatingIncome": 9011000000, "operatingIncomeRatio": 0.5145908286, "totalOtherIncomeExpensesNet": 759000000, "incomeBeforeTax": 759000000, "incomeBeforeTaxRatio": 0.0433441837, "incomeTaxExpense": -30000000, "netIncome": 789000000, "netIncomeRatio": 0.0450573925, "eps": 0.53, "epsdiluted": 0.53, "weightedAverageShsOut": 1413207547, "weightedAverageShsOutDil": 1413207547, "link": "", "finalLink": "", "calculatedOtherExpenses": -156000000, "calculatedOperatingExpenses": 8500000000, "calculatedNetInterest": 3238000000, "calculatedOtherIncome": -11490000000, "calculatedIncomeNonControlling": 0, "calculatedEbitda": 9764000000}, {"date": "1990-12-31", "symbol": "AXP", "reportedCurrency": "USD", "cik": "0000004962", "fillingDate": "1990-12-31", "acceptedDate": "1990-12-30 19:00:00", "calendarYear": "1990", "period": "FY", "revenue": 15840000000, "costOfRevenue": 0, "grossProfit": 15840000000, "grossProfitRatio": 1, "researchAndDevelopmentExpenses": 0, "generalAndAdministrativeExpenses": 8904000000, "sellingAndMarketingExpenses": 1032000000, "sellingGeneralAndAdministrativeExpenses": 9936000000, "otherExpenses": 0, "operatingExpenses": 9936000000, "costAndExpenses": 9936000000, "interestIncome": 10936000000, "interestExpense": 8492000000, "depreciationAndAmortization": 603000000, "ebitda": 9663000000, "ebitdaratio": 0.6100378788, "operatingIncome": 9060000000, "operatingIncomeRatio": 0.571969697, "totalOtherIncomeExpensesNet": 725000000, "incomeBeforeTax": 725000000, "incomeBeforeTaxRatio": 0.045770202, "incomeTaxExpense": 387000000, "netIncome": 181000000, "netIncomeRatio": 0.0114267677, "eps": 0.11, "epsdiluted": 0.11, "weightedAverageShsOut": 1327272727, "weightedAverageShsOutDil": 1327272727, "link": "", "finalLink": "", "calculatedOtherExpenses": -3156000000, "calculatedOperatingExpenses": 6780000000, "calculatedNetInterest": 2444000000, "calculatedOtherIncome": -10779000000, "calculatedIncomeNonControlling": 157000000, "calculatedEbitda": 9663000000}, {"date": "1989-12-31", "symbol": "AXP", "reportedCurrency": "USD", "cik": "0000004962", "fillingDate": "1989-12-31", "acceptedDate": "1989-12-30 19:00:00", "calendarYear": "1989", "period": "FY", "revenue": 15168000000, "costOfRevenue": 0, "grossProfit": 15168000000, "grossProfitRatio": 1, "researchAndDevelopmentExpenses": 0, "generalAndAdministrativeExpenses": 8142000000, "sellingAndMarketingExpenses": 1079000000, "sellingGeneralAndAdministrativeExpenses": 9221000000, "otherExpenses": 0, "operatingExpenses": 9221000000, "costAndExpenses": 9221000000, "interestIncome": 11701000000, "interestExpense": 9879000000, "depreciationAndAmortization": 333000000, "ebitda": 11739000000, "ebitdaratio": 0.773931962, "operatingIncome": 11406000000, "operatingIncomeRatio": 0.7519778481, "totalOtherIncomeExpensesNet": 1527000000, "incomeBeforeTax": 1527000000, "incomeBeforeTaxRatio": 0.1006724684, "incomeTaxExpense": 370000000, "netIncome": 1157000000, "netIncomeRatio": 0.0762790084, "eps": 0.9, "epsdiluted": 0.9, "weightedAverageShsOut": 1262222222, "weightedAverageShsOutDil": 1262222222, "link": "", "finalLink": "", "calculatedOtherExpenses": -5459000000, "calculatedOperatingExpenses": 3762000000, "calculatedNetInterest": 1822000000, "calculatedOtherIncome": -11701000000, "calculatedIncomeNonControlling": 0, "calculatedEbitda": 11739000000}, {"date": "1988-12-31", "symbol": "AXP", "reportedCurrency": "USD", "cik": "0000004962", "fillingDate": "1988-12-31", "acceptedDate": "1988-12-30 19:00:00", "calendarYear": "1988", "period": "FY", "revenue": 0, "costOfRevenue": 0, "grossProfit": 0, "grossProfitRatio": 0, "researchAndDevelopmentExpenses": 0, "generalAndAdministrativeExpenses": 0, "sellingAndMarketingExpenses": 0, "sellingGeneralAndAdministrativeExpenses": 0, "otherExpenses": 1038000000, "operatingExpenses": 1038000000, "costAndExpenses": 1038000000, "interestIncome": 0, "interestExpense": 0, "depreciationAndAmortization": 0, "ebitda": 1038000000, "ebitdaratio": 0, "operatingIncome": 1038000000, "operatingIncomeRatio": 0, "totalOtherIncomeExpensesNet": 0, "incomeBeforeTax": 0, "incomeBeforeTaxRatio": 0, "incomeTaxExpense": -1038000000, "netIncome": 1038000000, "netIncomeRatio": 0, "eps": 0.82, "epsdiluted": 0.82, "weightedAverageShsOut": 1259259259, "weightedAverageShsOutDil": 1259259259, "link": "", "finalLink": "", "calculatedOtherExpenses": -1038000000, "calculatedOperatingExpenses": -1038000000, "calculatedNetInterest": 0, "calculatedOtherIncome": -1038000000, "calculatedIncomeNonControlling": 0, "calculatedEbitda": 1038000000}, {"date": "1987-12-31", "symbol": "AXP", "reportedCurrency": "USD", "cik": "0000004962", "fillingDate": "1987-12-31", "acceptedDate": "1987-12-30 19:00:00", "calendarYear": "1987", "period": "FY", "revenue": 0, "costOfRevenue": 0, "grossProfit": 0, "grossProfitRatio": 0, "researchAndDevelopmentExpenses": 0, "generalAndAdministrativeExpenses": 0, "sellingAndMarketingExpenses": 0, "sellingGeneralAndAdministrativeExpenses": 0, "otherExpenses": 533000000, "operatingExpenses": 533000000, "costAndExpenses": 533000000, "interestIncome": 0, "interestExpense": 0, "depreciationAndAmortization": 0, "ebitda": 533000000, "ebitdaratio": 0, "operatingIncome": 533000000, "operatingIncomeRatio": 0, "totalOtherIncomeExpensesNet": 0, "incomeBeforeTax": 0, "incomeBeforeTaxRatio": 0, "incomeTaxExpense": -533000000, "netIncome": 533000000, "netIncomeRatio": 0, "eps": 0.41, "epsdiluted": 0.41, "weightedAverageShsOut": 1297500000, "weightedAverageShsOutDil": 1297500000, "link": "", "finalLink": "", "calculatedOtherExpenses": -533000000, "calculatedOperatingExpenses": -533000000, "calculatedNetInterest": 0, "calculatedOtherIncome": -533000000, "calculatedIncomeNonControlling": 0, "calculatedEbitda": 533000000}, {"date": "1986-12-31", "symbol": "AXP", "reportedCurrency": "USD", "cik": "0000004962", "fillingDate": "1986-12-31", "acceptedDate": "1986-12-30 19:00:00", "calendarYear": "1986", "period": "FY", "revenue": 0, "costOfRevenue": 0, "grossProfit": 0, "grossProfitRatio": 0, "researchAndDevelopmentExpenses": 0, "generalAndAdministrativeExpenses": 0, "sellingAndMarketingExpenses": 0, "sellingGeneralAndAdministrativeExpenses": 0, "otherExpenses": 1110000000, "operatingExpenses": 1110000000, "costAndExpenses": 1110000000, "interestIncome": 0, "interestExpense": 0, "depreciationAndAmortization": 0, "ebitda": 1110000000, "ebitdaratio": 0, "operatingIncome": 1110000000, "operatingIncomeRatio": 0, "totalOtherIncomeExpensesNet": 0, "incomeBeforeTax": 0, "incomeBeforeTaxRatio": 0, "incomeTaxExpense": -1110000000, "netIncome": 1110000000, "netIncomeRatio": 0, "eps": 0.82, "epsdiluted": 0.82, "weightedAverageShsOut": 1353658537, "weightedAverageShsOutDil": 1353658537, "link": "", "finalLink": "", "calculatedOtherExpenses": -1110000000, "calculatedOperatingExpenses": -1110000000, "calculatedNetInterest": 0, "calculatedOtherIncome": -1110000000, "calculatedIncomeNonControlling": 0, "calculatedEbitda": 1110000000}, {"date": "1985-12-31", "symbol": "AXP", "reportedCurrency": "USD", "cik": "0000004962", "fillingDate": "1985-12-31", "acceptedDate": "1985-12-30 19:00:00", "calendarYear": "1985", "period": "FY", "revenue": 0, "costOfRevenue": 0, "grossProfit": 0, "grossProfitRatio": 0, "researchAndDevelopmentExpenses": 0, "generalAndAdministrativeExpenses": 0, "sellingAndMarketingExpenses": 0, "sellingGeneralAndAdministrativeExpenses": 0, "otherExpenses": 810000000, "operatingExpenses": 810000000, "costAndExpenses": 810000000, "interestIncome": 0, "interestExpense": 0, "depreciationAndAmortization": 0, "ebitda": 810000000, "ebitdaratio": 0, "operatingIncome": 810000000, "operatingIncomeRatio": 0, "totalOtherIncomeExpensesNet": 0, "incomeBeforeTax": 0, "incomeBeforeTaxRatio": 0, "incomeTaxExpense": -810000000, "netIncome": 810000000, "netIncomeRatio": 0, "eps": 0.59, "epsdiluted": 0.59, "weightedAverageShsOut": 1372881356, "weightedAverageShsOutDil": 1372881356, "link": "", "finalLink": "", "calculatedOtherExpenses": -810000000, "calculatedOperatingExpenses": -810000000, "calculatedNetInterest": 0, "calculatedOtherIncome": -810000000, "calculatedIncomeNonControlling": 0, "calculatedEbitda": 810000000}]}