{"originalCurrency": "USD", "convertedCurrency": "USD", "report": [{"date": "2023-12-31", "symbol": "AXTA", "reportedCurrency": "USD", "cik": "0001616862", "fillingDate": "2024-02-15", "acceptedDate": "2024-02-15 10:49:21", "calendarYear": "2023", "period": "FY", "revenue": 5184100000, "costOfRevenue": 3565600000, "grossProfit": 1618500000, "grossProfitRatio": 0.3122046257, "researchAndDevelopmentExpenses": 74000000, "generalAndAdministrativeExpenses": 0, "sellingAndMarketingExpenses": 0, "sellingGeneralAndAdministrativeExpenses": 840100000, "otherExpenses": 13100000, "operatingExpenses": 1031000000, "costAndExpenses": 4596600000, "interestIncome": 0, "interestExpense": 213300000, "depreciationAndAmortization": 275600000, "ebitda": 876200000, "ebitdaratio": 0.1690168014, "operatingIncome": 587500000, "operatingIncomeRatio": 0.1133272892, "totalOtherIncomeExpensesNet": -19500000, "incomeBeforeTax": 354700000, "incomeBeforeTaxRatio": 0.0684207481, "incomeTaxExpense": 86200000, "netIncome": 267400000, "netIncomeRatio": 0.0515807951, "eps": 1.21, "epsdiluted": 1.21, "weightedAverageShsOut": 221000000, "weightedAverageShsOutDil": 221900000, "link": "https://www.sec.gov/Archives/edgar/data/1616862/000161686224000015/0001616862-24-000015-index.htm", "finalLink": "https://www.sec.gov/Archives/edgar/data/1616862/000161686224000015/axta-20231231.htm", "calculatedOtherExpenses": 116900000, "calculatedOperatingExpenses": 1031000000, "calculatedNetInterest": -213300000, "calculatedOtherIncome": -19500000, "calculatedIncomeNonControlling": 1100000, "calculatedEbitda": 863100000}, {"date": "2022-12-31", "symbol": "AXTA", "reportedCurrency": "USD", "cik": "0001616862", "fillingDate": "2023-02-16", "acceptedDate": "2023-02-16 10:26:28", "calendarYear": "2022", "period": "FY", "revenue": 4884400000, "costOfRevenue": 3465600000, "grossProfit": 1418800000, "grossProfitRatio": 0.2904758005, "researchAndDevelopmentExpenses": 66400000, "generalAndAdministrativeExpenses": 0, "sellingAndMarketingExpenses": 0, "sellingGeneralAndAdministrativeExpenses": 772400000, "otherExpenses": 156800000, "operatingExpenses": 995600000, "costAndExpenses": 4461200000, "interestIncome": 160100000, "interestExpense": 139800000, "depreciationAndAmortization": 277000000, "ebitda": 700200000, "ebitdaratio": 0.1433543526, "operatingIncome": 423200000, "operatingIncomeRatio": 0.0866431906, "totalOtherIncomeExpensesNet": -165900000, "incomeBeforeTax": 257300000, "incomeBeforeTaxRatio": 0.0526779134, "incomeTaxExpense": 65100000, "netIncome": 191600000, "netIncomeRatio": 0.0392269265, "eps": 0.86, "epsdiluted": 0.86, "weightedAverageShsOut": 221700000, "weightedAverageShsOutDil": 222300000, "link": "https://www.sec.gov/Archives/edgar/data/1616862/000161686223000007/0001616862-23-000007-index.htm", "finalLink": "https://www.sec.gov/Archives/edgar/data/1616862/000161686223000007/axta-20221231.htm", "calculatedOtherExpenses": 156800000, "calculatedOperatingExpenses": 995600000, "calculatedNetInterest": 20300000, "calculatedOtherIncome": -186200000, "calculatedIncomeNonControlling": 600000, "calculatedEbitda": 700200000}, {"date": "2021-12-31", "symbol": "AXTA", "reportedCurrency": "USD", "cik": "0001616862", "fillingDate": "2022-02-18", "acceptedDate": "2022-02-18 07:01:20", "calendarYear": "2021", "period": "FY", "revenue": 4416200000, "costOfRevenue": 2987300000, "grossProfit": 1428900000, "grossProfitRatio": 0.3235587156, "researchAndDevelopmentExpenses": 62400000, "generalAndAdministrativeExpenses": 0, "sellingAndMarketingExpenses": 0, "sellingGeneralAndAdministrativeExpenses": 738700000, "otherExpenses": 165400000, "operatingExpenses": 966500000, "costAndExpenses": 3953800000, "interestIncome": 151100000, "interestExpense": 134200000, "depreciationAndAmortization": 328800000, "ebitda": 791200000, "ebitdaratio": 0.1791585526, "operatingIncome": 462400000, "operatingIncomeRatio": 0.1047054028, "totalOtherIncomeExpensesNet": -121900000, "incomeBeforeTax": 340500000, "incomeBeforeTaxRatio": 0.0771024863, "incomeTaxExpense": 76100000, "netIncome": 263900000, "netIncomeRatio": 0.0597572574, "eps": 1.14, "epsdiluted": 1.14, "weightedAverageShsOut": 231000000, "weightedAverageShsOutDil": 231900000, "link": "https://www.sec.gov/Archives/edgar/data/1616862/000161686222000010/0001616862-22-000010-index.htm", "finalLink": "https://www.sec.gov/Archives/edgar/data/1616862/000161686222000010/axta-20211231.htm", "calculatedOtherExpenses": 165400000, "calculatedOperatingExpenses": 966500000, "calculatedNetInterest": 16900000, "calculatedOtherIncome": -138800000, "calculatedIncomeNonControlling": 500000, "calculatedEbitda": 791200000}, {"date": "2020-12-31", "symbol": "AXTA", "reportedCurrency": "USD", "cik": "0001616862", "fillingDate": "2021-02-18", "acceptedDate": "2021-02-18 07:32:24", "calendarYear": "2020", "period": "FY", "revenue": 3737600000, "costOfRevenue": 2457900000, "grossProfit": 1279700000, "grossProfitRatio": 0.342385488, "researchAndDevelopmentExpenses": 55200000, "generalAndAdministrativeExpenses": 0, "sellingAndMarketingExpenses": 0, "sellingGeneralAndAdministrativeExpenses": 695000000, "otherExpenses": 224000000, "operatingExpenses": 974200000, "costAndExpenses": 3432100000, "interestIncome": 162800000, "interestExpense": 149900000, "depreciationAndAmortization": 286900000, "ebitda": 592400000, "ebitdaratio": 0.1584974315, "operatingIncome": 305500000, "operatingIncomeRatio": 0.0817369435, "totalOtherIncomeExpensesNet": -183300000, "incomeBeforeTax": 122200000, "incomeBeforeTaxRatio": 0.0326947774, "incomeTaxExpense": 200000, "netIncome": 121600000, "netIncomeRatio": 0.0325342466, "eps": 0.52, "epsdiluted": 0.52, "weightedAverageShsOut": 235200000, "weightedAverageShsOutDil": 236000000, "link": "https://www.sec.gov/Archives/edgar/data/1616862/000161686221000013/0001616862-21-000013-index.htm", "finalLink": "https://www.sec.gov/Archives/edgar/data/1616862/000161686221000013/axta-20201231.htm", "calculatedOtherExpenses": 224000000, "calculatedOperatingExpenses": 974200000, "calculatedNetInterest": 12900000, "calculatedOtherIncome": -196200000, "calculatedIncomeNonControlling": 400000, "calculatedEbitda": 592400000}, {"date": "2019-12-31", "symbol": "AXTA", "reportedCurrency": "USD", "cik": "0001616862", "fillingDate": "2020-02-19", "acceptedDate": "2020-02-19 16:45:25", "calendarYear": "2019", "period": "FY", "revenue": 4482200000, "costOfRevenue": 2917900000, "grossProfit": 1564300000, "grossProfitRatio": 0.3490027219, "researchAndDevelopmentExpenses": 70200000, "generalAndAdministrativeExpenses": 0, "sellingAndMarketingExpenses": 0, "sellingGeneralAndAdministrativeExpenses": 822100000, "otherExpenses": 183800000, "operatingExpenses": 1076100000, "costAndExpenses": 3994000000, "interestIncome": 178000000, "interestExpense": 162600000, "depreciationAndAmortization": 357400000, "ebitda": 845600000, "ebitdaratio": 0.1886573558, "operatingIncome": 488200000, "operatingIncomeRatio": 0.1089197269, "totalOtherIncomeExpensesNet": -158200000, "incomeBeforeTax": 330000000, "incomeBeforeTaxRatio": 0.0736245594, "incomeTaxExpense": 77400000, "netIncome": 249000000, "netIncomeRatio": 0.0555530766, "eps": 1.06, "epsdiluted": 1.06, "weightedAverageShsOut": 233900000, "weightedAverageShsOutDil": 235800000, "link": "https://www.sec.gov/Archives/edgar/data/1616862/000161686220000012/0001616862-20-000012-index.htm", "finalLink": "https://www.sec.gov/Archives/edgar/data/1616862/000161686220000012/a12201910-kdocument.htm", "calculatedOtherExpenses": 183800000, "calculatedOperatingExpenses": 1076100000, "calculatedNetInterest": 15400000, "calculatedOtherIncome": -173600000, "calculatedIncomeNonControlling": 3600000, "calculatedEbitda": 845600000}, {"date": "2018-12-31", "symbol": "AXTA", "reportedCurrency": "USD", "cik": "0001616862", "fillingDate": "2019-02-26", "acceptedDate": "2019-02-26 17:29:46", "calendarYear": "2018", "period": "FY", "revenue": 4696000000, "costOfRevenue": 3106300000, "grossProfit": 1589700000, "grossProfitRatio": 0.3385221465, "researchAndDevelopmentExpenses": 73100000, "generalAndAdministrativeExpenses": 959100000, "sellingAndMarketingExpenses": 0, "sellingGeneralAndAdministrativeExpenses": 959100000, "otherExpenses": -15000000, "operatingExpenses": 1147600000, "costAndExpenses": 4253900000, "interestIncome": 0, "interestExpense": 159600000, "depreciationAndAmortization": 369100000, "ebitda": 796200000, "ebitdaratio": 0.169548552, "operatingIncome": 442100000, "operatingIncomeRatio": 0.0941439523, "totalOtherIncomeExpensesNet": -15000000, "incomeBeforeTax": 267500000, "incomeBeforeTaxRatio": 0.0569633731, "incomeTaxExpense": 54200000, "netIncome": 207100000, "netIncomeRatio": 0.0441013629, "eps": 0.87, "epsdiluted": 0.85, "weightedAverageShsOut": 239000000, "weightedAverageShsOutDil": 242900000, "link": "https://www.sec.gov/Archives/edgar/data/1616862/000161686219000012/0001616862-19-000012-index.htm", "finalLink": "https://www.sec.gov/Archives/edgar/data/1616862/000161686219000012/a2018123110-kdocument.htm", "calculatedOtherExpenses": 115400000, "calculatedOperatingExpenses": 1147600000, "calculatedNetInterest": -159600000, "calculatedOtherIncome": -15000000, "calculatedIncomeNonControlling": 6200000, "calculatedEbitda": 811200000}, {"date": "2017-12-31", "symbol": "AXTA", "reportedCurrency": "USD", "cik": "0001616862", "fillingDate": "2018-02-22", "acceptedDate": "2018-02-22 16:05:53", "calendarYear": "2017", "period": "FY", "revenue": 4377000000, "costOfRevenue": 2779600000, "grossProfit": 1597400000, "grossProfitRatio": 0.3649531643, "researchAndDevelopmentExpenses": 65300000, "generalAndAdministrativeExpenses": 997700000, "sellingAndMarketingExpenses": 0, "sellingGeneralAndAdministrativeExpenses": 997700000, "otherExpenses": -25700000, "operatingExpenses": 1164200000, "costAndExpenses": 3943800000, "interestIncome": 0, "interestExpense": 147000000, "depreciationAndAmortization": 347500000, "ebitda": 755000000, "ebitdaratio": 0.1724925748, "operatingIncome": 362300000, "operatingIncomeRatio": 0.0827735892, "totalOtherIncomeExpensesNet": -96600000, "incomeBeforeTax": 189600000, "incomeBeforeTaxRatio": 0.0433173406, "incomeTaxExpense": 141900000, "netIncome": 36700000, "netIncomeRatio": 0.0083847384, "eps": 0.15, "epsdiluted": 0.15, "weightedAverageShsOut": 240400000, "weightedAverageShsOutDil": 246100000, "link": "https://www.sec.gov/Archives/edgar/data/1616862/000161686218000010/0001616862-18-000010-index.htm", "finalLink": "https://www.sec.gov/Archives/edgar/data/1616862/000161686218000010/a2017123110-k.htm", "calculatedOtherExpenses": 172100000, "calculatedOperatingExpenses": 1235100000, "calculatedNetInterest": -147000000, "calculatedOtherIncome": -25700000, "calculatedIncomeNonControlling": 11000000, "calculatedEbitda": 709800000}, {"date": "2016-12-31", "symbol": "AXTA", "reportedCurrency": "USD", "cik": "0001616862", "fillingDate": "2017-02-28", "acceptedDate": "2017-02-28 16:33:05", "calendarYear": "2016", "period": "FY", "revenue": 4097400000, "costOfRevenue": 2527600000, "grossProfit": 1569800000, "grossProfitRatio": 0.3831210036, "researchAndDevelopmentExpenses": 57700000, "generalAndAdministrativeExpenses": 962500000, "sellingAndMarketingExpenses": 0, "sellingGeneralAndAdministrativeExpenses": 962500000, "otherExpenses": -142700000, "operatingExpenses": 1103600000, "costAndExpenses": 3631200000, "interestIncome": 0, "interestExpense": 178200000, "depreciationAndAmortization": 322100000, "ebitda": 645600000, "ebitdaratio": 0.1575633328, "operatingIncome": 408300000, "operatingIncomeRatio": 0.0996485576, "totalOtherIncomeExpensesNet": -200600000, "incomeBeforeTax": 87400000, "incomeBeforeTaxRatio": 0.0213305999, "incomeTaxExpense": 39800000, "netIncome": 41800000, "netIncomeRatio": 0.0102015913, "eps": 0.18, "epsdiluted": 0.17, "weightedAverageShsOut": 238100000, "weightedAverageShsOutDil": 244400000, "link": "https://www.sec.gov/Archives/edgar/data/1616862/000161686217000013/0001616862-17-000013-index.htm", "finalLink": "https://www.sec.gov/Archives/edgar/data/1616862/000161686217000013/a2016123110-k.htm", "calculatedOtherExpenses": 141300000, "calculatedOperatingExpenses": 1161500000, "calculatedNetInterest": -178200000, "calculatedOtherIncome": -142700000, "calculatedIncomeNonControlling": 5800000, "calculatedEbitda": 730400000}, {"date": "2015-12-31", "symbol": "AXTA", "reportedCurrency": "USD", "cik": "0001616862", "fillingDate": "2016-02-29", "acceptedDate": "2016-02-29 07:00:23", "calendarYear": "2015", "period": "FY", "revenue": 4113300000, "costOfRevenue": 2597300000, "grossProfit": 1516000000, "grossProfitRatio": 0.3685605232, "researchAndDevelopmentExpenses": 51600000, "generalAndAdministrativeExpenses": 914800000, "sellingAndMarketingExpenses": 0, "sellingGeneralAndAdministrativeExpenses": 914800000, "otherExpenses": -111200000, "operatingExpenses": 1047100000, "costAndExpenses": 3644400000, "interestIncome": 0, "interestExpense": 196500000, "depreciationAndAmortization": 307700000, "ebitda": 665400000, "ebitdaratio": 0.1617679236, "operatingIncome": 468900000, "operatingIncomeRatio": 0.1139960616, "totalOtherIncomeExpensesNet": -111200000, "incomeBeforeTax": 161200000, "incomeBeforeTaxRatio": 0.0391899448, "incomeTaxExpense": 63300000, "netIncome": 93700000, "netIncomeRatio": 0.0227797632, "eps": 0.4, "epsdiluted": 0.39, "weightedAverageShsOut": 233800000, "weightedAverageShsOutDil": 239700000, "link": "https://www.sec.gov/Archives/edgar/data/1616862/000161686216000044/0001616862-16-000044-index.htm", "finalLink": "https://www.sec.gov/Archives/edgar/data/1616862/000161686216000044/a2015123110-k.htm", "calculatedOtherExpenses": 80700000, "calculatedOperatingExpenses": 1047100000, "calculatedNetInterest": -196500000, "calculatedOtherIncome": -111200000, "calculatedIncomeNonControlling": 4200000, "calculatedEbitda": 776600000}, {"date": "2014-12-31", "symbol": "AXTA", "reportedCurrency": "USD", "cik": "0001616862", "fillingDate": "2015-03-13", "acceptedDate": "2015-03-13 08:17:41", "calendarYear": "2014", "period": "FY", "revenue": 4391500000, "costOfRevenue": 2897200000, "grossProfit": 1494300000, "grossProfitRatio": 0.340270978, "researchAndDevelopmentExpenses": 49500000, "generalAndAdministrativeExpenses": 991500000, "sellingAndMarketingExpenses": 0, "sellingGeneralAndAdministrativeExpenses": 991500000, "otherExpenses": -115000000, "operatingExpenses": 1124800000, "costAndExpenses": 4022000000, "interestIncome": 0, "interestExpense": 217700000, "depreciationAndAmortization": 308700000, "ebitda": 563200000, "ebitdaratio": 0.1282477513, "operatingIncome": 369500000, "operatingIncomeRatio": 0.0841398156, "totalOtherIncomeExpensesNet": -115000000, "incomeBeforeTax": 36800000, "incomeBeforeTaxRatio": 0.0083798247, "incomeTaxExpense": 2100000, "netIncome": 27400000, "netIncomeRatio": 0.006239326, "eps": 0.12, "epsdiluted": 0.12, "weightedAverageShsOut": 229300000, "weightedAverageShsOutDil": 230300000, "link": "https://www.sec.gov/Archives/edgar/data/1616862/000161686215000003/0001616862-15-000003-index.htm", "finalLink": "https://www.sec.gov/Archives/edgar/data/1616862/000161686215000003/a2014123110-k.htm", "calculatedOtherExpenses": 83800000, "calculatedOperatingExpenses": 1124800000, "calculatedNetInterest": -217700000, "calculatedOtherIncome": -115000000, "calculatedIncomeNonControlling": 7300000, "calculatedEbitda": 678200000}, {"date": "2013-12-31", "symbol": "AXTA", "reportedCurrency": "USD", "cik": "0001616862", "fillingDate": "2013-12-31", "acceptedDate": "2013-12-30 19:00:00", "calendarYear": "2013", "period": "FY", "revenue": 3986800000, "costOfRevenue": 2772800000, "grossProfit": 1214000000, "grossProfitRatio": 0.3045048661, "researchAndDevelopmentExpenses": 40500000, "generalAndAdministrativeExpenses": 1040600000, "sellingAndMarketingExpenses": 0, "sellingGeneralAndAdministrativeExpenses": 1040600000, "otherExpenses": 400000, "operatingExpenses": 1161000000, "costAndExpenses": 3933800000, "interestIncome": 0, "interestExpense": 215100000, "depreciationAndAmortization": 300700000, "ebitda": 329100000, "ebitdaratio": 0.0825474064, "operatingIncome": 24900000, "operatingIncomeRatio": 0.0062456105, "totalOtherIncomeExpensesNet": -76600000, "incomeBeforeTax": -263700000, "incomeBeforeTaxRatio": -0.0661432728, "incomeTaxExpense": -44800000, "netIncome": -224900000, "netIncomeRatio": -0.0564111568, "eps": -0.98, "epsdiluted": -0.98, "weightedAverageShsOut": 227835051, "weightedAverageShsOutDil": 229069356, "link": "", "finalLink": "", "calculatedOtherExpenses": 108000000, "calculatedOperatingExpenses": 1189100000, "calculatedNetInterest": -215100000, "calculatedOtherIncome": -73500000, "calculatedIncomeNonControlling": 6000000, "calculatedEbitda": 325600000}, {"date": "2012-12-31", "symbol": "AXTA", "reportedCurrency": "USD", "cik": "0001616862", "fillingDate": "2012-12-31", "acceptedDate": "2012-12-30 19:00:00", "calendarYear": "2012", "period": "FY", "revenue": 4256800000, "costOfRevenue": 2932600000, "grossProfit": 1324200000, "grossProfitRatio": 0.3110787446, "researchAndDevelopmentExpenses": 41500000, "generalAndAdministrativeExpenses": 873400000, "sellingAndMarketingExpenses": 0, "sellingGeneralAndAdministrativeExpenses": 873400000, "otherExpenses": 1400000, "operatingExpenses": 914900000, "costAndExpenses": 3847500000, "interestIncome": 0, "interestExpense": 0, "depreciationAndAmortization": 110700000, "ebitda": 537700000, "ebitdaratio": 0.1263155422, "operatingIncome": 409300000, "operatingIncomeRatio": 0.0961520391, "totalOtherIncomeExpensesNet": -16300000, "incomeBeforeTax": 393000000, "incomeBeforeTaxRatio": 0.0923228716, "incomeTaxExpense": 145200000, "netIncome": 243300000, "netIncomeRatio": 0.0571556098, "eps": 1.06, "epsdiluted": 1.06, "weightedAverageShsOut": 229069356, "weightedAverageShsOutDil": 229069356, "link": "", "finalLink": "", "calculatedOtherExpenses": 0, "calculatedOperatingExpenses": 914900000, "calculatedNetInterest": 0, "calculatedOtherIncome": -16300000, "calculatedIncomeNonControlling": 4500000, "calculatedEbitda": 520000000}, {"date": "2011-12-31", "symbol": "AXTA", "reportedCurrency": "USD", "cik": "0001616862", "fillingDate": "2011-12-31", "acceptedDate": "2011-12-30 19:00:00", "calendarYear": "2011", "period": "FY", "revenue": 4315800000, "costOfRevenue": 3074500000, "grossProfit": 1241300000, "grossProfitRatio": 0.2876175912, "researchAndDevelopmentExpenses": 49600000, "generalAndAdministrativeExpenses": 869100000, "sellingAndMarketingExpenses": 0, "sellingGeneralAndAdministrativeExpenses": 869100000, "otherExpenses": 3200000, "operatingExpenses": 918700000, "costAndExpenses": 3993200000, "interestIncome": 0, "interestExpense": 200000, "depreciationAndAmortization": 108700000, "ebitda": 434500000, "ebitdaratio": 0.1006765837, "operatingIncome": 322600000, "operatingIncomeRatio": 0.0747485982, "totalOtherIncomeExpensesNet": -20200000, "incomeBeforeTax": 302200000, "incomeBeforeTaxRatio": 0.0700217804, "incomeTaxExpense": 120700000, "netIncome": 179400000, "netIncomeRatio": 0.0415681913, "eps": 0.78, "epsdiluted": 0.78, "weightedAverageShsOut": 229069356, "weightedAverageShsOutDil": 229069356, "link": "", "finalLink": "", "calculatedOtherExpenses": 0, "calculatedOperatingExpenses": 918700000, "calculatedNetInterest": -200000, "calculatedOtherIncome": -20200000, "calculatedIncomeNonControlling": 2100000, "calculatedEbitda": 431300000}]}