{"originalCurrency": "USD", "convertedCurrency": "USD", "report": [{"date": "2023-09-30", "symbol": "AZTA", "reportedCurrency": "USD", "cik": "0000933974", "fillingDate": "2023-11-21", "acceptedDate": "2023-11-20 18:39:14", "calendarYear": "2023", "period": "FY", "revenue": 665072000, "costOfRevenue": 401932000, "grossProfit": 263140000, "grossProfitRatio": 0.3956564101, "researchAndDevelopmentExpenses": 33956000, "generalAndAdministrativeExpenses": 0, "sellingAndMarketingExpenses": 0, "sellingGeneralAndAdministrativeExpenses": 316282000, "otherExpenses": -1042000, "operatingExpenses": 350238000, "costAndExpenses": 752170000, "interestIncome": 43735000, "interestExpense": 0, "depreciationAndAmortization": 85584000, "ebitda": 41179000, "ebitdaratio": 0.0619166045, "operatingIncome": -73126000, "operatingIncomeRatio": -0.1099520052, "totalOtherIncomeExpensesNet": 12930000, "incomeBeforeTax": -30433000, "incomeBeforeTaxRatio": -0.0457589554, "incomeTaxExpense": -17550000, "netIncome": -14257000, "netIncomeRatio": -0.0214367768, "eps": -0.22, "epsdiluted": -0.22, "weightedAverageShsOut": 66253000, "weightedAverageShsOutDil": 66253000, "link": "https://www.sec.gov/Archives/edgar/data/933974/000155837023019262/0001558370-23-019262-index.htm", "finalLink": "https://www.sec.gov/Archives/edgar/data/933974/000155837023019262/azta-20230930x10k.htm", "calculatedOtherExpenses": -13972000, "calculatedOperatingExpenses": 336266000, "calculatedNetInterest": 43735000, "calculatedOtherIncome": -1042000, "calculatedIncomeNonControlling": 1374000, "calculatedEbitda": 12458000}, {"date": "2022-09-30", "symbol": "AZTA", "reportedCurrency": "USD", "cik": "0000933974", "fillingDate": "2022-11-25", "acceptedDate": "2022-11-25 09:12:29", "calendarYear": "2022", "period": "FY", "revenue": 555498000, "costOfRevenue": 299914000, "grossProfit": 255584000, "grossProfitRatio": 0.4600988662, "researchAndDevelopmentExpenses": 27542000, "generalAndAdministrativeExpenses": 0, "sellingAndMarketingExpenses": 0, "sellingGeneralAndAdministrativeExpenses": 252065000, "otherExpenses": -266000, "operatingExpenses": 279607000, "costAndExpenses": 579521000, "interestIncome": 20286000, "interestExpense": 4589000, "depreciationAndAmortization": 53702000, "ebitda": 49699000, "ebitdaratio": 0.0894674688, "operatingIncome": -4003000, "operatingIncomeRatio": -0.0072061466, "totalOtherIncomeExpensesNet": -5933000, "incomeBeforeTax": -9936000, "incomeBeforeTaxRatio": -0.0178866531, "incomeTaxExpense": 1350000, "netIncome": -11286000, "netIncomeRatio": -0.0203169048, "eps": -0.15, "epsdiluted": -0.15, "weightedAverageShsOut": 74897000, "weightedAverageShsOutDil": 74897000, "link": "https://www.sec.gov/Archives/edgar/data/933974/000155837022018195/0001558370-22-018195-index.htm", "finalLink": "https://www.sec.gov/Archives/edgar/data/933974/000155837022018195/azta-20220930x10k.htm", "calculatedOtherExpenses": -20020000, "calculatedOperatingExpenses": 259587000, "calculatedNetInterest": 15697000, "calculatedOtherIncome": -21630000, "calculatedIncomeNonControlling": 0, "calculatedEbitda": 49699000}, {"date": "2021-09-30", "symbol": "AZTA", "reportedCurrency": "USD", "cik": "0000933974", "fillingDate": "2021-11-24", "acceptedDate": "2021-11-24 09:17:52", "calendarYear": "2021", "period": "FY", "revenue": 513703000, "costOfRevenue": 269894000, "grossProfit": 243809000, "grossProfitRatio": 0.474610816, "researchAndDevelopmentExpenses": 22412000, "generalAndAdministrativeExpenses": 0, "sellingAndMarketingExpenses": 0, "sellingGeneralAndAdministrativeExpenses": 252101000, "otherExpenses": -16475000, "operatingExpenses": 274513000, "costAndExpenses": 544407000, "interestIncome": 632000, "interestExpense": 2037000, "depreciationAndAmortization": 65333000, "ebitda": 18786000, "ebitdaratio": 0.0365697689, "operatingIncome": -46547000, "operatingIncomeRatio": -0.0906107225, "totalOtherIncomeExpensesNet": -2422000, "incomeBeforeTax": -48969000, "incomeBeforeTaxRatio": -0.0953255091, "incomeTaxExpense": -20100000, "netIncome": -28869000, "netIncomeRatio": -0.0561978419, "eps": -0.39, "epsdiluted": -0.39, "weightedAverageShsOut": 74229000, "weightedAverageShsOutDil": 74455000, "link": "https://www.sec.gov/Archives/edgar/data/933974/000155837021016314/0001558370-21-016314-index.htm", "finalLink": "https://www.sec.gov/Archives/edgar/data/933974/000155837021016314/brks-20210930x10k.htm", "calculatedOtherExpenses": 15843000, "calculatedOperatingExpenses": 290356000, "calculatedNetInterest": -1405000, "calculatedOtherIncome": -1017000, "calculatedIncomeNonControlling": 0, "calculatedEbitda": 18786000}, {"date": "2020-09-30", "symbol": "AZTA", "reportedCurrency": "USD", "cik": "0000933974", "fillingDate": "2020-11-18", "acceptedDate": "2020-11-18 16:10:22", "calendarYear": "2020", "period": "FY", "revenue": 897273000, "costOfRevenue": 517249000, "grossProfit": 380024000, "grossProfitRatio": 0.4235321914, "researchAndDevelopmentExpenses": 59063000, "generalAndAdministrativeExpenses": 0, "sellingAndMarketingExpenses": 0, "sellingGeneralAndAdministrativeExpenses": 241137000, "otherExpenses": -1391000, "operatingExpenses": 300200000, "costAndExpenses": 817449000, "interestIncome": 849000, "interestExpense": 2944000, "depreciationAndAmortization": 66320000, "ebitda": 144778000, "ebitdaratio": 0.1613533451, "operatingIncome": 78458000, "operatingIncomeRatio": 0.0874405003, "totalOtherIncomeExpensesNet": -3486000, "incomeBeforeTax": 74972000, "incomeBeforeTaxRatio": 0.0835553951, "incomeTaxExpense": 9937000, "netIncome": 64853000, "netIncomeRatio": 0.0722778909, "eps": 0.88, "epsdiluted": 0.88, "weightedAverageShsOut": 73557000, "weightedAverageShsOutDil": 73850000, "link": "https://www.sec.gov/Archives/edgar/data/933974/000155837020013971/0001558370-20-013971-index.htm", "finalLink": "https://www.sec.gov/Archives/edgar/data/933974/000155837020013971/brks-20200930x10k.htm", "calculatedOtherExpenses": 1366000, "calculatedOperatingExpenses": 301566000, "calculatedNetInterest": -2095000, "calculatedOtherIncome": -1391000, "calculatedIncomeNonControlling": 182000, "calculatedEbitda": 144778000}, {"date": "2019-09-30", "symbol": "AZTA", "reportedCurrency": "USD", "cik": "0000933974", "fillingDate": "2019-12-17", "acceptedDate": "2019-12-17 07:57:25", "calendarYear": "2019", "period": "FY", "revenue": 781865000, "costOfRevenue": 465108000, "grossProfit": 316757000, "grossProfitRatio": 0.4051300416, "researchAndDevelopmentExpenses": 56368000, "generalAndAdministrativeExpenses": 0, "sellingAndMarketingExpenses": 0, "sellingGeneralAndAdministrativeExpenses": 211960000, "otherExpenses": -1455000, "operatingExpenses": 268328000, "costAndExpenses": 733436000, "interestIncome": 1449000, "interestExpense": 22250000, "depreciationAndAmortization": 56342000, "ebitda": 102877000, "ebitdaratio": 0.131578981, "operatingIncome": 46535000, "operatingIncomeRatio": 0.0595179475, "totalOtherIncomeExpensesNet": -36595000, "incomeBeforeTax": 9940000, "incomeBeforeTaxRatio": 0.0127131922, "incomeTaxExpense": 50000, "netIncome": 9890000, "netIncomeRatio": 0.0126492425, "eps": 0.14, "epsdiluted": 0.14, "weightedAverageShsOut": 71992000, "weightedAverageShsOutDil": 72386000, "link": "https://www.sec.gov/Archives/edgar/data/933974/000155837019011541/0001558370-19-011541-index.htm", "finalLink": "https://www.sec.gov/Archives/edgar/data/933974/000155837019011541/brks-20190930x10k42a7dd.htm", "calculatedOtherExpenses": 1894000, "calculatedOperatingExpenses": 270222000, "calculatedNetInterest": -20801000, "calculatedOtherIncome": -15794000, "calculatedIncomeNonControlling": 0, "calculatedEbitda": 102877000}, {"date": "2018-09-30", "symbol": "AZTA", "reportedCurrency": "USD", "cik": "0000933974", "fillingDate": "2018-11-29", "acceptedDate": "2018-11-29 12:46:09", "calendarYear": "2018", "period": "FY", "revenue": 631560000, "costOfRevenue": 385479000, "grossProfit": 246081000, "grossProfitRatio": 0.3896399392, "researchAndDevelopmentExpenses": 46936000, "generalAndAdministrativeExpenses": 0, "sellingAndMarketingExpenses": 0, "sellingGeneralAndAdministrativeExpenses": 167022000, "otherExpenses": -3304000, "operatingExpenses": 213958000, "costAndExpenses": 599437000, "interestIncome": 1881000, "interestExpense": 9520000, "depreciationAndAmortization": 37429000, "ebitda": 68129000, "ebitdaratio": 0.1078741529, "operatingIncome": 31409000, "operatingIncomeRatio": 0.0497324086, "totalOtherIncomeExpensesNet": -4018000, "incomeBeforeTax": 20466000, "incomeBeforeTaxRatio": 0.0324054722, "incomeTaxExpense": -47251000, "netIncome": 116575000, "netIncomeRatio": 0.1845826208, "eps": 1.65, "epsdiluted": 1.64, "weightedAverageShsOut": 70489000, "weightedAverageShsOutDil": 70937000, "link": "https://www.sec.gov/Archives/edgar/data/933974/000155837018009497/0001558370-18-009497-index.htm", "finalLink": "https://www.sec.gov/Archives/edgar/data/933974/000155837018009497/brks-20180930x10k.htm", "calculatedOtherExpenses": 714000, "calculatedOperatingExpenses": 214672000, "calculatedNetInterest": -7639000, "calculatedOtherIncome": -3304000, "calculatedIncomeNonControlling": -48858000, "calculatedEbitda": 68838000}, {"date": "2017-09-30", "symbol": "AZTA", "reportedCurrency": "USD", "cik": "0000933974", "fillingDate": "2017-11-17", "acceptedDate": "2017-11-17 07:56:11", "calendarYear": "2017", "period": "FY", "revenue": 692885000, "costOfRevenue": 425481000, "grossProfit": 267404000, "grossProfitRatio": 0.3859284008, "researchAndDevelopmentExpenses": 47004000, "generalAndAdministrativeExpenses": 0, "sellingAndMarketingExpenses": 0, "sellingGeneralAndAdministrativeExpenses": 153061000, "otherExpenses": -645000, "operatingExpenses": 200065000, "costAndExpenses": 625546000, "interestIncome": 464000, "interestExpense": 408000, "depreciationAndAmortization": 28149000, "ebitda": 97154000, "ebitdaratio": 0.1402166305, "operatingIncome": 64113000, "operatingIncomeRatio": 0.0925305065, "totalOtherIncomeExpensesNet": -2024000, "incomeBeforeTax": 65371000, "incomeBeforeTaxRatio": 0.0943461036, "incomeTaxExpense": 12140000, "netIncome": 62612000, "netIncomeRatio": 0.0903642019, "eps": 0.9, "epsdiluted": 0.89, "weightedAverageShsOut": 69575000, "weightedAverageShsOutDil": 70485000, "link": "https://www.sec.gov/Archives/edgar/data/933974/000155837017009004/0001558370-17-009004-index.htm", "finalLink": "https://www.sec.gov/Archives/edgar/data/933974/000155837017009004/brks-20170930x10k.htm", "calculatedOtherExpenses": 3226000, "calculatedOperatingExpenses": 203291000, "calculatedNetInterest": 56000, "calculatedOtherIncome": 1202000, "calculatedIncomeNonControlling": -9381000, "calculatedEbitda": 92262000}, {"date": "2016-09-30", "symbol": "AZTA", "reportedCurrency": "USD", "cik": "0000933974", "fillingDate": "2016-11-29", "acceptedDate": "2016-11-29 07:47:00", "calendarYear": "2016", "period": "FY", "revenue": 560323000, "costOfRevenue": 362242000, "grossProfit": 198081000, "grossProfitRatio": 0.3535121707, "researchAndDevelopmentExpenses": 51543000, "generalAndAdministrativeExpenses": 0, "sellingAndMarketingExpenses": 0, "sellingGeneralAndAdministrativeExpenses": 130261000, "otherExpenses": -579000, "operatingExpenses": 181804000, "costAndExpenses": 544046000, "interestIncome": 452000, "interestExpense": 157000, "depreciationAndAmortization": 28046000, "ebitda": 44196000, "ebitdaratio": 0.0788759341, "operatingIncome": 4238000, "operatingIncomeRatio": 0.0075634946, "totalOtherIncomeExpensesNet": -12618000, "incomeBeforeTax": 3954000, "incomeBeforeTaxRatio": 0.0070566441, "incomeTaxExpense": 75810000, "netIncome": -69476000, "netIncomeRatio": -0.1239927685, "eps": -1.01, "epsdiluted": -1.01, "weightedAverageShsOut": 68365600, "weightedAverageShsOutDil": 68507000, "link": "https://www.sec.gov/Archives/edgar/data/933974/000093397416000096/0000933974-16-000096-index.htm", "finalLink": "https://www.sec.gov/Archives/edgar/data/933974/000093397416000096/brks10-k2016.htm", "calculatedOtherExpenses": 12039000, "calculatedOperatingExpenses": 193843000, "calculatedNetInterest": 295000, "calculatedOtherIncome": -579000, "calculatedIncomeNonControlling": -2380000, "calculatedEbitda": 32284000}, {"date": "2015-09-30", "symbol": "AZTA", "reportedCurrency": "USD", "cik": "0000933974", "fillingDate": "2015-11-05", "acceptedDate": "2015-11-05 17:04:40", "calendarYear": "2015", "period": "FY", "revenue": 552708000, "costOfRevenue": 363603000, "grossProfit": 189105000, "grossProfitRatio": 0.3421426866, "researchAndDevelopmentExpenses": 52232000, "generalAndAdministrativeExpenses": 0, "sellingAndMarketingExpenses": 0, "sellingGeneralAndAdministrativeExpenses": 115270000, "otherExpenses": 421000, "operatingExpenses": 167502000, "costAndExpenses": 531105000, "interestIncome": 899000, "interestExpense": 395000, "depreciationAndAmortization": 25160000, "ebitda": 48083000, "ebitdaratio": 0.0869953031, "operatingIncome": 16890000, "operatingIncomeRatio": 0.0305586313, "totalOtherIncomeExpensesNet": -4292000, "incomeBeforeTax": 17815000, "incomeBeforeTaxRatio": 0.0322322094, "incomeTaxExpense": 3430000, "netIncome": 14221000, "netIncomeRatio": 0.02572968, "eps": 0.21, "epsdiluted": 0.21, "weightedAverageShsOut": 67411000, "weightedAverageShsOutDil": 68549000, "link": "https://www.sec.gov/Archives/edgar/data/933974/000093397415000037/0000933974-15-000037-index.htm", "finalLink": "https://www.sec.gov/Archives/edgar/data/933974/000093397415000037/brks10-k2015.htm", "calculatedOtherExpenses": 4713000, "calculatedOperatingExpenses": 172215000, "calculatedNetInterest": 504000, "calculatedOtherIncome": 421000, "calculatedIncomeNonControlling": 164000, "calculatedEbitda": 42050000}, {"date": "2014-09-30", "symbol": "AZTA", "reportedCurrency": "USD", "cik": "0000933974", "fillingDate": "2014-11-13", "acceptedDate": "2014-11-13 16:19:49", "calendarYear": "2014", "period": "FY", "revenue": 482848000, "costOfRevenue": 315511000, "grossProfit": 167337000, "grossProfitRatio": 0.3465624793, "researchAndDevelopmentExpenses": 52649000, "generalAndAdministrativeExpenses": 0, "sellingAndMarketingExpenses": 0, "sellingGeneralAndAdministrativeExpenses": 111098000, "otherExpenses": 256000, "operatingExpenses": 163747000, "costAndExpenses": 479258000, "interestIncome": 950000, "interestExpense": 202000, "depreciationAndAmortization": 23459000, "ebitda": 28255000, "ebitdaratio": 0.0585173802, "operatingIncome": -2699000, "operatingIncomeRatio": -0.0055897508, "totalOtherIncomeExpensesNet": -6033000, "incomeBeforeTax": -1695000, "incomeBeforeTaxRatio": -0.0035104215, "incomeTaxExpense": -1980000, "netIncome": 31361000, "netIncomeRatio": 0.0649500464, "eps": 0.47, "epsdiluted": 0.46, "weightedAverageShsOut": 66648000, "weightedAverageShsOutDil": 67644000, "link": "https://www.sec.gov/Archives/edgar/data/933974/000093397414000042/0000933974-14-000042-index.htm", "finalLink": "https://www.sec.gov/Archives/edgar/data/933974/000093397414000042/brks10-k2014.htm", "calculatedOtherExpenses": 6289000, "calculatedOperatingExpenses": 170036000, "calculatedNetInterest": 748000, "calculatedOtherIncome": 256000, "calculatedIncomeNonControlling": -31076000, "calculatedEbitda": 20760000}, {"date": "2013-09-30", "symbol": "AZTA", "reportedCurrency": "USD", "cik": "0000933974", "fillingDate": "2013-11-22", "acceptedDate": "2013-11-22 16:03:58", "calendarYear": "2013", "period": "FY", "revenue": 450952000, "costOfRevenue": 304970000, "grossProfit": 145982000, "grossProfitRatio": 0.3237195977, "researchAndDevelopmentExpenses": 48991000, "generalAndAdministrativeExpenses": 0, "sellingAndMarketingExpenses": 0, "sellingGeneralAndAdministrativeExpenses": 99545000, "otherExpenses": 1227000, "operatingExpenses": 148536000, "costAndExpenses": 453506000, "interestIncome": 1032000, "interestExpense": 2000, "depreciationAndAmortization": 24155000, "ebitda": 23860000, "ebitdaratio": 0.0529102876, "operatingIncome": -9019000, "operatingIncomeRatio": -0.0199999113, "totalOtherIncomeExpensesNet": -5238000, "incomeBeforeTax": -6762000, "incomeBeforeTaxRatio": -0.014994944, "incomeTaxExpense": -2170000, "netIncome": -2215000, "netIncomeRatio": -0.004911831, "eps": -0.0336, "epsdiluted": -0.0336, "weightedAverageShsOut": 65263636, "weightedAverageShsOutDil": 65912000, "link": "https://www.sec.gov/Archives/edgar/data/933974/000093397413000033/0000933974-13-000033-index.htm", "finalLink": "https://www.sec.gov/Archives/edgar/data/933974/000093397413000033/brks10-k2013.htm", "calculatedOtherExpenses": 6465000, "calculatedOperatingExpenses": 155001000, "calculatedNetInterest": 1030000, "calculatedOtherIncome": 1227000, "calculatedIncomeNonControlling": -2377000, "calculatedEbitda": 15136000}, {"date": "2012-09-30", "symbol": "AZTA", "reportedCurrency": "USD", "cik": "0000933974", "fillingDate": "2012-11-21", "acceptedDate": "2012-11-21 15:06:16", "calendarYear": "2012", "period": "FY", "revenue": 519451000, "costOfRevenue": 345965000, "grossProfit": 173486000, "grossProfitRatio": 0.3339795284, "researchAndDevelopmentExpenses": 47464000, "generalAndAdministrativeExpenses": 110160000, "sellingAndMarketingExpenses": 0, "sellingGeneralAndAdministrativeExpenses": 110160000, "otherExpenses": 15238000, "operatingExpenses": 157624000, "costAndExpenses": 503589000, "interestIncome": 1213000, "interestExpense": 14000, "depreciationAndAmortization": 21620000, "ebitda": 38695000, "ebitdaratio": 0.074492108, "operatingIncome": 9561000, "operatingIncomeRatio": 0.0184059709, "totalOtherIncomeExpensesNet": -5641000, "incomeBeforeTax": 11420000, "incomeBeforeTaxRatio": 0.0219847493, "incomeTaxExpense": 123282000, "netIncome": 136789000, "netIncomeRatio": 0.2633337889, "eps": 2.1, "epsdiluted": 2.08, "weightedAverageShsOut": 65128000, "weightedAverageShsOutDil": 65722000, "link": "https://www.sec.gov/Archives/edgar/data/933974/000119312512478743/0001193125-12-478743-index.htm", "finalLink": "https://www.sec.gov/Archives/edgar/data/933974/000119312512478743/d412819d10k.htm", "calculatedOtherExpenses": 6301000, "calculatedOperatingExpenses": 163925000, "calculatedNetInterest": 1199000, "calculatedOtherIncome": 660000, "calculatedIncomeNonControlling": -248651000, "calculatedEbitda": 31181000}, {"date": "2011-09-30", "symbol": "AZTA", "reportedCurrency": "USD", "cik": "0000933974", "fillingDate": "2011-11-28", "acceptedDate": "2011-11-28 14:01:31", "calendarYear": "2011", "period": "FY", "revenue": 688105000, "costOfRevenue": 465084000, "grossProfit": 223021000, "grossProfitRatio": 0.3241089659, "researchAndDevelopmentExpenses": 39846000, "generalAndAdministrativeExpenses": 0, "sellingAndMarketingExpenses": 0, "sellingGeneralAndAdministrativeExpenses": 102542000, "otherExpenses": 1036000, "operatingExpenses": 142388000, "costAndExpenses": 607472000, "interestIncome": 1153000, "interestExpense": 65000, "depreciationAndAmortization": 17249000, "ebitda": 99035000, "ebitdaratio": 0.1439242557, "operatingIncome": 79597000, "operatingIncomeRatio": 0.11567566, "totalOtherIncomeExpensesNet": 45855000, "incomeBeforeTax": 127576000, "incomeBeforeTaxRatio": 0.1854019372, "incomeTaxExpense": 1954000, "netIncome": 128352000, "netIncomeRatio": 0.1865296721, "eps": 2.02, "epsdiluted": 2.01, "weightedAverageShsOut": 64549000, "weightedAverageShsOutDil": 65003000, "link": "https://www.sec.gov/Archives/edgar/data/933974/000095012311100638/0000950123-11-100638-index.htm", "finalLink": "https://www.sec.gov/Archives/edgar/data/933974/000095012311100638/b86630e10vk.htm", "calculatedOtherExpenses": 1036000, "calculatedOperatingExpenses": 143424000, "calculatedNetInterest": 1088000, "calculatedOtherIncome": 46891000, "calculatedIncomeNonControlling": -2730000, "calculatedEbitda": 96846000}, {"date": "2010-09-30", "symbol": "AZTA", "reportedCurrency": "USD", "cik": "0000933974", "fillingDate": "2010-11-23", "acceptedDate": "2010-11-23 14:17:22", "calendarYear": "2010", "period": "FY", "revenue": 592972000, "costOfRevenue": 426677000, "grossProfit": 166295000, "grossProfitRatio": 0.2804432587, "researchAndDevelopmentExpenses": 31162000, "generalAndAdministrativeExpenses": 0, "sellingAndMarketingExpenses": 0, "sellingGeneralAndAdministrativeExpenses": 85597000, "otherExpenses": 2529000, "operatingExpenses": 116759000, "costAndExpenses": 543436000, "interestIncome": 1121000, "interestExpense": 80000, "depreciationAndAmortization": 18420000, "ebitda": 69077000, "ebitdaratio": 0.116492853, "operatingIncome": 47007000, "operatingIncomeRatio": 0.0792735576, "totalOtherIncomeExpensesNet": 5487000, "incomeBeforeTax": 56064000, "incomeBeforeTaxRatio": 0.094547466, "incomeTaxExpense": -2746000, "netIncome": 58982000, "netIncomeRatio": 0.0994684403, "eps": 0.94, "epsdiluted": 0.93, "weightedAverageShsOut": 63777000, "weightedAverageShsOutDil": 64174000, "link": "https://www.sec.gov/Archives/edgar/data/933974/000095012310108180/0000950123-10-108180-index.htm", "finalLink": "https://www.sec.gov/Archives/edgar/data/933974/000095012310108180/b83431e10vk.htm", "calculatedOtherExpenses": 2529000, "calculatedOperatingExpenses": 119288000, "calculatedNetInterest": 1041000, "calculatedOtherIncome": 8016000, "calculatedIncomeNonControlling": -172000, "calculatedEbitda": 65427000}, {"date": "2009-09-30", "symbol": "AZTA", "reportedCurrency": "USD", "cik": "0000933974", "fillingDate": "2009-11-18", "acceptedDate": "2009-11-18 15:55:50", "calendarYear": "2009", "period": "FY", "revenue": 218706000, "costOfRevenue": 224702000, "grossProfit": -5996000, "grossProfitRatio": -0.0274158002, "researchAndDevelopmentExpenses": 31607000, "generalAndAdministrativeExpenses": 0, "sellingAndMarketingExpenses": 0, "sellingGeneralAndAdministrativeExpenses": 91231000, "otherExpenses": 99194000, "operatingExpenses": 122838000, "costAndExpenses": 347540000, "interestIncome": 2719000, "interestExpense": 454000, "depreciationAndAmortization": 25856000, "ebitda": -100259000, "ebitdaratio": -0.4584190649, "operatingIncome": -228028000, "operatingIncomeRatio": -1.0426234305, "totalOtherIncomeExpensesNet": -100348000, "incomeBeforeTax": -226917000, "incomeBeforeTaxRatio": -1.0375435516, "incomeTaxExpense": 643000, "netIncome": -227858000, "netIncomeRatio": -1.0418461313, "eps": -3.62, "epsdiluted": -3.62, "weightedAverageShsOut": 62911000, "weightedAverageShsOutDil": 62911000, "link": "https://www.sec.gov/Archives/edgar/data/933974/000095012309063911/0000950123-09-063911-index.htm", "finalLink": "https://www.sec.gov/Archives/edgar/data/933974/000095012309063911/b77442e10vk.htm", "calculatedOtherExpenses": 99194000, "calculatedOperatingExpenses": 222032000, "calculatedNetInterest": 2265000, "calculatedOtherIncome": -1154000, "calculatedIncomeNonControlling": 298000, "calculatedEbitda": -202172000}, {"date": "2008-09-30", "symbol": "AZTA", "reportedCurrency": "USD", "cik": "0000933974", "fillingDate": "2008-11-26", "acceptedDate": "2008-11-26 12:18:01", "calendarYear": "2008", "period": "FY", "revenue": 526366000, "costOfRevenue": 399538000, "grossProfit": 126828000, "grossProfitRatio": 0.2409502133, "researchAndDevelopmentExpenses": 42924000, "generalAndAdministrativeExpenses": 0, "sellingAndMarketingExpenses": 0, "sellingGeneralAndAdministrativeExpenses": 110516000, "otherExpenses": 203570000, "operatingExpenses": 357010000, "costAndExpenses": 756548000, "interestIncome": 7403000, "interestExpense": 407000, "depreciationAndAmortization": 34538000, "ebitda": 20892000, "ebitdaratio": 0.0396910135, "operatingIncome": -237469000, "operatingIncomeRatio": -0.4511480605, "totalOtherIncomeExpensesNet": -215829000, "incomeBeforeTax": -236152000, "incomeBeforeTaxRatio": -0.4486459992, "incomeTaxExpense": 1233000, "netIncome": -235946000, "netIncomeRatio": -0.4482546365, "eps": -3.66, "epsdiluted": -3.66, "weightedAverageShsOut": 64542000, "weightedAverageShsOutDil": 64542000, "link": "https://www.sec.gov/Archives/edgar/data/933974/000095013508007630/0000950135-08-007630-index.htm", "finalLink": "https://www.sec.gov/Archives/edgar/data/933974/000095013508007630/b73008bae10vk.htm", "calculatedOtherExpenses": 210857000, "calculatedOperatingExpenses": 364297000, "calculatedNetInterest": 6996000, "calculatedOtherIncome": -5679000, "calculatedIncomeNonControlling": -1439000, "calculatedEbitda": -202931000}, {"date": "2007-09-30", "symbol": "AZTA", "reportedCurrency": "USD", "cik": "0000933974", "fillingDate": "2007-11-29", "acceptedDate": "2007-11-29 13:37:18", "calendarYear": "2007", "period": "FY", "revenue": 743258000, "costOfRevenue": 523663000, "grossProfit": 219595000, "grossProfitRatio": 0.2954492249, "researchAndDevelopmentExpenses": 51715000, "generalAndAdministrativeExpenses": 0, "sellingAndMarketingExpenses": 0, "sellingGeneralAndAdministrativeExpenses": 120421000, "otherExpenses": 7108000, "operatingExpenses": 172136000, "costAndExpenses": 695799000, "interestIncome": 11897000, "interestExpense": 583000, "depreciationAndAmortization": 32801000, "ebitda": 83397000, "ebitdaratio": 0.112204645, "operatingIncome": 40351000, "operatingIncomeRatio": 0.0542893585, "totalOtherIncomeExpensesNet": -2117000, "incomeBeforeTax": 55636000, "incomeBeforeTaxRatio": 0.0748542229, "incomeTaxExpense": 2287000, "netIncome": 151472000, "netIncomeRatio": 0.2037946447, "eps": 2.06, "epsdiluted": 2.04, "weightedAverageShsOut": 73492000, "weightedAverageShsOutDil": 74074000, "link": "https://www.sec.gov/Archives/edgar/data/933974/000095013507007225/0000950135-07-007225-index.htm", "finalLink": "https://www.sec.gov/Archives/edgar/data/933974/000095013507007225/b67559bae10vk.htm", "calculatedOtherExpenses": 7108000, "calculatedOperatingExpenses": 179244000, "calculatedNetInterest": 11314000, "calculatedOtherIncome": 3971000, "calculatedIncomeNonControlling": -98123000, "calculatedEbitda": 73152000}, {"date": "2006-09-30", "symbol": "AZTA", "reportedCurrency": "USD", "cik": "0000933974", "fillingDate": "2006-12-14", "acceptedDate": "2006-12-14 11:55:50", "calendarYear": "2006", "period": "FY", "revenue": 692870000, "costOfRevenue": 448086000, "grossProfit": 244784000, "grossProfitRatio": 0.3532899389, "researchAndDevelopmentExpenses": 70671000, "generalAndAdministrativeExpenses": 0, "sellingAndMarketingExpenses": 0, "sellingGeneralAndAdministrativeExpenses": 141032000, "otherExpenses": 5297000, "operatingExpenses": 211703000, "costAndExpenses": 659789000, "interestIncome": 13715000, "interestExpense": 9384000, "depreciationAndAmortization": 33901000, "ebitda": 75472000, "ebitdaratio": 0.1089266385, "operatingIncome": 27784000, "operatingIncomeRatio": 0.0400998744, "totalOtherIncomeExpensesNet": -7505000, "incomeBeforeTax": 29907000, "incomeBeforeTaxRatio": 0.0431639413, "incomeTaxExpense": 4732000, "netIncome": 25930000, "netIncomeRatio": 0.0374240478, "eps": 0.36, "epsdiluted": 0.36, "weightedAverageShsOut": 72323000, "weightedAverageShsOutDil": 72533000, "link": "https://www.sec.gov/Archives/edgar/data/933974/000095013506007417/0000950135-06-007417-index.htm", "finalLink": "https://www.sec.gov/Archives/edgar/data/933974/000095013506007417/b63216bae10vk.htm", "calculatedOtherExpenses": 5297000, "calculatedOperatingExpenses": 217000000, "calculatedNetInterest": 4331000, "calculatedOtherIncome": -2208000, "calculatedIncomeNonControlling": -755000, "calculatedEbitda": 61685000}, {"date": "2005-09-30", "symbol": "AZTA", "reportedCurrency": "USD", "cik": "0000933974", "fillingDate": "2005-12-13", "acceptedDate": "2005-12-13 16:41:48", "calendarYear": "2005", "period": "FY", "revenue": 463746000, "costOfRevenue": 300944000, "grossProfit": 162802000, "grossProfitRatio": 0.3510585536, "researchAndDevelopmentExpenses": 62771000, "generalAndAdministrativeExpenses": 0, "sellingAndMarketingExpenses": 0, "sellingGeneralAndAdministrativeExpenses": 83152000, "otherExpenses": 3100000, "operatingExpenses": 149023000, "costAndExpenses": 449967000, "interestIncome": 9284000, "interestExpense": 9469000, "depreciationAndAmortization": 17190000, "ebitda": 45759000, "ebitdaratio": 0.0986725492, "operatingIncome": -2763000, "operatingIncomeRatio": -0.0059580029, "totalOtherIncomeExpensesNet": -14790000, "incomeBeforeTax": -1196000, "incomeBeforeTaxRatio": -0.002578998, "incomeTaxExpense": 5204000, "netIncome": -10057000, "netIncomeRatio": -0.0216864404, "eps": -0.22, "epsdiluted": -0.22, "weightedAverageShsOut": 44919000, "weightedAverageShsOutDil": 44919000, "link": "https://www.sec.gov/Archives/edgar/data/933974/000095013505006941/0000950135-05-006941-index.htm", "finalLink": "https://www.sec.gov/Archives/edgar/data/933974/000095013505006941/b57998bae10vk.htm", "calculatedOtherExpenses": 19642000, "calculatedOperatingExpenses": 165565000, "calculatedNetInterest": -185000, "calculatedOtherIncome": 1752000, "calculatedIncomeNonControlling": 3657000, "calculatedEbitda": 14427000}, {"date": "2004-09-30", "symbol": "AZTA", "reportedCurrency": "USD", "cik": "0000933974", "fillingDate": "2004-12-14", "acceptedDate": "2004-12-14 12:23:04", "calendarYear": "2004", "period": "FY", "revenue": 539769000, "costOfRevenue": 335445000, "grossProfit": 204324000, "grossProfitRatio": 0.3785397087, "researchAndDevelopmentExpenses": 67133000, "generalAndAdministrativeExpenses": 0, "sellingAndMarketingExpenses": 0, "sellingGeneralAndAdministrativeExpenses": 96768000, "otherExpenses": 3663000, "operatingExpenses": 167564000, "costAndExpenses": 503009000, "interestIncome": 4984000, "interestExpense": 9492000, "depreciationAndAmortization": 18380000, "ebitda": 61407000, "ebitdaratio": 0.1137653329, "operatingIncome": 31404000, "operatingIncomeRatio": 0.0581804439, "totalOtherIncomeExpensesNet": -6267000, "incomeBeforeTax": 25985000, "incomeBeforeTaxRatio": 0.048140964, "incomeTaxExpense": 8053000, "netIncome": 17721000, "netIncomeRatio": 0.0328307109, "eps": 0.41, "epsdiluted": 0.41, "weightedAverageShsOut": 43006000, "weightedAverageShsOutDil": 43469000, "link": "https://www.sec.gov/Archives/edgar/data/933974/000095013504005642/0000950135-04-005642-index.htm", "finalLink": "https://www.sec.gov/Archives/edgar/data/933974/000095013504005642/b52428bae10vk.htm", "calculatedOtherExpenses": 9019000, "calculatedOperatingExpenses": 172920000, "calculatedNetInterest": -4508000, "calculatedOtherIncome": -911000, "calculatedIncomeNonControlling": 211000, "calculatedEbitda": 49784000}, {"date": "2003-09-30", "symbol": "AZTA", "reportedCurrency": "USD", "cik": "0000933974", "fillingDate": "2003-12-02", "acceptedDate": "2003-12-02 16:24:40", "calendarYear": "2003", "period": "FY", "revenue": 343610000, "costOfRevenue": 239944000, "grossProfit": 103666000, "grossProfitRatio": 0.301696691, "researchAndDevelopmentExpenses": 72894000, "generalAndAdministrativeExpenses": 0, "sellingAndMarketingExpenses": 0, "sellingGeneralAndAdministrativeExpenses": 98308000, "otherExpenses": 44605000, "operatingExpenses": 215807000, "costAndExpenses": 455751000, "interestIncome": 4067000, "interestExpense": 10042000, "depreciationAndAmortization": 31811000, "ebitda": -5012000, "ebitdaratio": -0.0145863042, "operatingIncome": -158398000, "operatingIncomeRatio": -0.4609819272, "totalOtherIncomeExpensesNet": -62524000, "incomeBeforeTax": -180854000, "incomeBeforeTaxRatio": -0.5263350892, "incomeTaxExpense": 4906000, "netIncome": -185760000, "netIncomeRatio": -0.5406129042, "eps": -5.05, "epsdiluted": -5.05, "weightedAverageShsOut": 36774000, "weightedAverageShsOutDil": 36774000, "link": "https://www.sec.gov/Archives/edgar/data/933974/000095013503005890/0000950135-03-005890-index.htm", "finalLink": "https://www.sec.gov/Archives/edgar/data/933974/000095013503005890/b48616bae10vk.htm", "calculatedOtherExpenses": 90862000, "calculatedOperatingExpenses": 262064000, "calculatedNetInterest": -5975000, "calculatedOtherIncome": -16481000, "calculatedIncomeNonControlling": 0, "calculatedEbitda": -126587000}, {"date": "2002-09-30", "symbol": "AZTA", "reportedCurrency": "USD", "cik": "0000933974", "fillingDate": "2002-12-30", "acceptedDate": "2002-12-30 16:46:40", "calendarYear": "2002", "period": "FY", "revenue": 304254000, "costOfRevenue": 221210000, "grossProfit": 83044000, "grossProfitRatio": 0.2729430016, "researchAndDevelopmentExpenses": 75055000, "generalAndAdministrativeExpenses": 0, "sellingAndMarketingExpenses": 0, "sellingGeneralAndAdministrativeExpenses": 101205000, "otherExpenses": 499570000, "operatingExpenses": 675830000, "costAndExpenses": 897040000, "interestIncome": 9840000, "interestExpense": 10290000, "depreciationAndAmortization": 38030000, "ebitda": -59040000, "ebitdaratio": -0.1940483938, "operatingIncome": -627818000, "operatingIncomeRatio": -2.0634667087, "totalOtherIncomeExpensesNet": -34176000, "incomeBeforeTax": -627412000, "incomeBeforeTaxRatio": -2.0621322974, "incomeTaxExpense": 92816000, "netIncome": -719954000, "netIncomeRatio": -2.3662926371, "eps": -27.9, "epsdiluted": -27.9, "weightedAverageShsOut": 25807000, "weightedAverageShsOutDil": 25807000, "link": "https://www.sec.gov/Archives/edgar/data/933974/000095013502005743/0000950135-02-005743-index.htm", "finalLink": "https://www.sec.gov/Archives/edgar/data/933974/000095013502005743/b44487bpe10vk.htm", "calculatedOtherExpenses": 534602000, "calculatedOperatingExpenses": 710862000, "calculatedNetInterest": -450000, "calculatedOtherIncome": 856000, "calculatedIncomeNonControlling": -274000, "calculatedEbitda": -589788000}, {"date": "2001-09-30", "symbol": "AZTA", "reportedCurrency": "USD", "cik": "0000933974", "fillingDate": "2001-12-13", "acceptedDate": "2001-12-13 00:00:00", "calendarYear": "2001", "period": "FY", "revenue": 381716000, "costOfRevenue": 229332000, "grossProfit": 152384000, "grossProfitRatio": 0.399207788, "researchAndDevelopmentExpenses": 60868000, "generalAndAdministrativeExpenses": 0, "sellingAndMarketingExpenses": 0, "sellingGeneralAndAdministrativeExpenses": 95919000, "otherExpenses": 30187000, "operatingExpenses": 186974000, "costAndExpenses": 416306000, "interestIncome": 0, "interestExpense": 0, "depreciationAndAmortization": 45255000, "ebitda": 21069000, "ebitdaratio": 0.0551954856, "operatingIncome": -43904000, "operatingIncomeRatio": -0.1150174475, "totalOtherIncomeExpensesNet": -10404000, "incomeBeforeTax": -36099000, "incomeBeforeTaxRatio": -0.0945703088, "incomeTaxExpense": -6439000, "netIncome": -29660000, "netIncomeRatio": -0.0777017468, "eps": -1.65, "epsdiluted": -1.65, "weightedAverageShsOut": 18015000, "weightedAverageShsOutDil": 18015000, "link": "https://www.sec.gov/Archives/edgar/data/933974/000095013501503858/0000950135-01-503858-index.htm", "finalLink": "https://www.sec.gov/Archives/edgar/data/933974/000095013501503858/b40853bae10-k.txt", "calculatedOtherExpenses": 39501000, "calculatedOperatingExpenses": 196288000, "calculatedNetInterest": 0, "calculatedOtherIncome": 7805000, "calculatedIncomeNonControlling": 0, "calculatedEbitda": 1351000}, {"date": "2000-09-30", "symbol": "AZTA", "reportedCurrency": "USD", "cik": "0000933974", "fillingDate": "2000-12-22", "acceptedDate": "2000-12-22 00:00:00", "calendarYear": "2000", "period": "FY", "revenue": 321099000, "costOfRevenue": 159657000, "grossProfit": 161442000, "grossProfitRatio": 0.5027795166, "researchAndDevelopmentExpenses": 42950000, "generalAndAdministrativeExpenses": 0, "sellingAndMarketingExpenses": 0, "sellingGeneralAndAdministrativeExpenses": 70856000, "otherExpenses": 30213000, "operatingExpenses": 144019000, "costAndExpenses": 303676000, "interestIncome": 0, "interestExpense": 0, "depreciationAndAmortization": 30213000, "ebitda": 48216000, "ebitdaratio": 0.1501592967, "operatingIncome": 17423000, "operatingIncomeRatio": 0.054260524, "totalOtherIncomeExpensesNet": -580000, "incomeBeforeTax": 25506000, "incomeBeforeTaxRatio": 0.0794334458, "incomeTaxExpense": 12753000, "netIncome": 12753000, "netIncomeRatio": 0.0397167229, "eps": 0.96, "epsdiluted": 0.88, "weightedAverageShsOut": 15661000, "weightedAverageShsOutDil": 17192000, "link": "https://www.sec.gov/Archives/edgar/data/933974/000095013500005529/0000950135-00-005529-index.htm", "finalLink": "https://www.sec.gov/Archives/edgar/data/933974/000095013500005529/b36902bre10-k.txt", "calculatedOtherExpenses": 30213000, "calculatedOperatingExpenses": 144019000, "calculatedNetInterest": 0, "calculatedOtherIncome": 8083000, "calculatedIncomeNonControlling": 0, "calculatedEbitda": 47636000}, {"date": "1999-09-30", "symbol": "AZTA", "reportedCurrency": "USD", "cik": "0000933974", "fillingDate": "1999-12-29", "acceptedDate": "1999-12-29 00:00:00", "calendarYear": "1999", "period": "FY", "revenue": 103900000, "costOfRevenue": 47800000, "grossProfit": 56100000, "grossProfitRatio": 0.5399422522, "researchAndDevelopmentExpenses": 22400000, "generalAndAdministrativeExpenses": 0, "sellingAndMarketingExpenses": 0, "sellingGeneralAndAdministrativeExpenses": 31600000, "otherExpenses": 10400000, "operatingExpenses": 64400000, "costAndExpenses": 112200000, "interestIncome": 0, "interestExpense": 0, "depreciationAndAmortization": 10400000, "ebitda": 5400000, "ebitdaratio": 0.051973051, "operatingIncome": -8300000, "operatingIncomeRatio": -0.0798845043, "totalOtherIncomeExpensesNet": -3300000, "incomeBeforeTax": -8900000, "incomeBeforeTaxRatio": -0.0856592878, "incomeTaxExpense": -1000000, "netIncome": -7900000, "netIncomeRatio": -0.0760346487, "eps": -0.71, "epsdiluted": -0.71, "weightedAverageShsOut": 11192000, "weightedAverageShsOutDil": 11192000, "link": "https://www.sec.gov/Archives/edgar/data/933974/0000950135-99-005746-index.html", "finalLink": "https://www.sec.gov/Archives/edgar/data/933974/000095013599005746/0000950135-99-005746.txt", "calculatedOtherExpenses": 10400000, "calculatedOperatingExpenses": 64400000, "calculatedNetInterest": 0, "calculatedOtherIncome": -600000, "calculatedIncomeNonControlling": 0, "calculatedEbitda": 2100000}, {"date": "1998-09-30", "symbol": "AZTA", "reportedCurrency": "USD", "cik": "0000933974", "fillingDate": "1998-12-30", "acceptedDate": "1998-12-30 00:00:00", "calendarYear": "1998", "period": "FY", "revenue": 99900000, "costOfRevenue": 64300000, "grossProfit": 35600000, "grossProfitRatio": 0.3563563564, "researchAndDevelopmentExpenses": 22700000, "generalAndAdministrativeExpenses": 0, "sellingAndMarketingExpenses": 0, "sellingGeneralAndAdministrativeExpenses": 26500000, "otherExpenses": 8100000, "operatingExpenses": 57300000, "costAndExpenses": 121600000, "interestIncome": 0, "interestExpense": 0, "depreciationAndAmortization": 8100000, "ebitda": -13500000, "ebitdaratio": -0.1351351351, "operatingIncome": -21700000, "operatingIncomeRatio": -0.2172172172, "totalOtherIncomeExpensesNet": -100000, "incomeBeforeTax": -22700000, "incomeBeforeTaxRatio": -0.2272272272, "incomeTaxExpense": -4300000, "netIncome": -18400000, "netIncomeRatio": -0.1841841842, "eps": -1.78, "epsdiluted": -1.78, "weightedAverageShsOut": 10337000, "weightedAverageShsOutDil": 10337000, "link": "https://www.sec.gov/Archives/edgar/data/933974/000092701698004370/0000927016-98-004370-index.html", "finalLink": "https://www.sec.gov/Archives/edgar/data/933974/", "calculatedOtherExpenses": 8100000, "calculatedOperatingExpenses": 57300000, "calculatedNetInterest": 0, "calculatedOtherIncome": -1000000, "calculatedIncomeNonControlling": 0, "calculatedEbitda": -13600000}, {"date": "1997-09-30", "symbol": "AZTA", "reportedCurrency": "USD", "cik": "0000933974", "fillingDate": "1997-12-18", "acceptedDate": "1997-12-18 00:00:00", "calendarYear": "1997", "period": "FY", "revenue": 86400000, "costOfRevenue": 53600000, "grossProfit": 32800000, "grossProfitRatio": 0.3796296296, "researchAndDevelopmentExpenses": 14200000, "generalAndAdministrativeExpenses": 0, "sellingAndMarketingExpenses": 0, "sellingGeneralAndAdministrativeExpenses": 12800000, "otherExpenses": 4800000, "operatingExpenses": 31800000, "costAndExpenses": 85400000, "interestIncome": 0, "interestExpense": 0, "depreciationAndAmortization": 4800000, "ebitda": 5700000, "ebitdaratio": 0.0659722222, "operatingIncome": 1000000, "operatingIncomeRatio": 0.0115740741, "totalOtherIncomeExpensesNet": 100000, "incomeBeforeTax": 400000, "incomeBeforeTaxRatio": 0.0046296296, "incomeTaxExpense": -400000, "netIncome": 800000, "netIncomeRatio": 0.0092592593, "eps": -0.66, "epsdiluted": -0.66, "weightedAverageShsOut": 7878788, "weightedAverageShsOutDil": 7878788, "link": "https://www.sec.gov/Archives/edgar/data/933974/000092701697003412/0000927016-97-003412-index.html", "finalLink": "https://www.sec.gov/Archives/edgar/data/933974/", "calculatedOtherExpenses": 4800000, "calculatedOperatingExpenses": 31800000, "calculatedNetInterest": 0, "calculatedOtherIncome": -600000, "calculatedIncomeNonControlling": 0, "calculatedEbitda": 5800000}, {"date": "1996-09-30", "symbol": "AZTA", "reportedCurrency": "USD", "cik": "0000933974", "fillingDate": "1996-12-30", "acceptedDate": "1996-12-30 00:00:00", "calendarYear": "1996", "period": "FY", "revenue": 90400000, "costOfRevenue": 49500000, "grossProfit": 40900000, "grossProfitRatio": 0.4524336283, "researchAndDevelopmentExpenses": 12400000, "generalAndAdministrativeExpenses": 0, "sellingAndMarketingExpenses": 0, "sellingGeneralAndAdministrativeExpenses": 12400000, "otherExpenses": 3100000, "operatingExpenses": 27900000, "costAndExpenses": 77400000, "interestIncome": 0, "interestExpense": 0, "depreciationAndAmortization": 3100000, "ebitda": 15800000, "ebitdaratio": 0.1747787611, "operatingIncome": 13000000, "operatingIncomeRatio": 0.1438053097, "totalOtherIncomeExpensesNet": 300000, "incomeBeforeTax": 13000000, "incomeBeforeTaxRatio": 0.1438053097, "incomeTaxExpense": 4500000, "netIncome": 8500000, "netIncomeRatio": 0.0940265487, "eps": 1.06, "epsdiluted": 0.94, "weightedAverageShsOut": 7641509, "weightedAverageShsOutDil": 8617021, "link": "https://www.sec.gov/Archives/edgar/data/933974/000092701696002081/0000927016-96-002081-index.html", "finalLink": "https://www.sec.gov/Archives/edgar/data/933974/", "calculatedOtherExpenses": 3100000, "calculatedOperatingExpenses": 27900000, "calculatedNetInterest": 0, "calculatedOtherIncome": 0, "calculatedIncomeNonControlling": 0, "calculatedEbitda": 16100000}, {"date": "1995-09-30", "symbol": "AZTA", "reportedCurrency": "USD", "cik": "0000933974", "fillingDate": "1995-09-30", "acceptedDate": "1995-09-29 20:00:00", "calendarYear": "1995", "period": "FY", "revenue": 45700000, "costOfRevenue": 26100000, "grossProfit": 19600000, "grossProfitRatio": 0.4288840263, "researchAndDevelopmentExpenses": 0, "generalAndAdministrativeExpenses": 0, "sellingAndMarketingExpenses": 0, "sellingGeneralAndAdministrativeExpenses": 11800000, "otherExpenses": 1200000, "operatingExpenses": 13000000, "costAndExpenses": 39100000, "interestIncome": 0, "interestExpense": 0, "depreciationAndAmortization": 1200000, "ebitda": 7300000, "ebitdaratio": 0.1597374179, "operatingIncome": 6600000, "operatingIncomeRatio": 0.1444201313, "totalOtherIncomeExpensesNet": 500000, "incomeBeforeTax": 6700000, "incomeBeforeTaxRatio": 0.1466083151, "incomeTaxExpense": 2100000, "netIncome": 4600000, "netIncomeRatio": 0.1006564551, "eps": 0.72, "epsdiluted": 0.72, "weightedAverageShsOut": 6388889, "weightedAverageShsOutDil": 6388889, "link": "", "finalLink": "", "calculatedOtherExpenses": 1200000, "calculatedOperatingExpenses": 13000000, "calculatedNetInterest": 0, "calculatedOtherIncome": 100000, "calculatedIncomeNonControlling": 0, "calculatedEbitda": 7800000}, {"date": "1994-09-30", "symbol": "AZTA", "reportedCurrency": "USD", "cik": "0000933974", "fillingDate": "1994-09-30", "acceptedDate": "1994-09-29 20:00:00", "calendarYear": "1994", "period": "FY", "revenue": 24000000, "costOfRevenue": 14200000, "grossProfit": 9800000, "grossProfitRatio": 0.4083333333, "researchAndDevelopmentExpenses": 0, "generalAndAdministrativeExpenses": 0, "sellingAndMarketingExpenses": 0, "sellingGeneralAndAdministrativeExpenses": 6500000, "otherExpenses": 800000, "operatingExpenses": 7300000, "costAndExpenses": 21500000, "interestIncome": 0, "interestExpense": 0, "depreciationAndAmortization": 800000, "ebitda": 3300000, "ebitdaratio": 0.1375, "operatingIncome": 2500000, "operatingIncomeRatio": 0.1041666667, "totalOtherIncomeExpensesNet": -300000, "incomeBeforeTax": 2200000, "incomeBeforeTaxRatio": 0.0916666667, "incomeTaxExpense": 700000, "netIncome": 1500000, "netIncomeRatio": 0.0625, "eps": 0.32, "epsdiluted": 0.32, "weightedAverageShsOut": 4687500, "weightedAverageShsOutDil": 4687500, "link": "", "finalLink": "", "calculatedOtherExpenses": 800000, "calculatedOperatingExpenses": 7300000, "calculatedNetInterest": 0, "calculatedOtherIncome": -300000, "calculatedIncomeNonControlling": 0, "calculatedEbitda": 3300000}]}