{"originalCurrency": "USD", "convertedCurrency": "USD", "report": [{"date": "2023-12-31", "symbol": "B", "reportedCurrency": "USD", "cik": "0000009984", "fillingDate": "2024-02-26", "acceptedDate": "2024-02-26 16:47:29", "calendarYear": "2023", "period": "FY", "revenue": 1451659000, "costOfRevenue": 1008786000, "grossProfit": 442873000, "grossProfitRatio": 0.3050806009, "researchAndDevelopmentExpenses": 13920000, "generalAndAdministrativeExpenses": 0, "sellingAndMarketingExpenses": 0, "sellingGeneralAndAdministrativeExpenses": 326173000, "otherExpenses": 2443000, "operatingExpenses": 340093000, "costAndExpenses": 1348879000, "interestIncome": 0, "interestExpense": 65506000, "depreciationAndAmortization": 125794000, "ebitda": 228574000, "ebitdaratio": 0.1574570888, "operatingIncome": 102780000, "operatingIncomeRatio": 0.0708017517, "totalOtherIncomeExpensesNet": -69516000, "incomeBeforeTax": 33264000, "incomeBeforeTaxRatio": 0.0229144723, "incomeTaxExpense": 17268000, "netIncome": 15996000, "netIncomeRatio": 0.0110191167, "eps": 0.31, "epsdiluted": 0.31, "weightedAverageShsOut": 51052963, "weightedAverageShsOutDil": 51205888, "link": "https://www.sec.gov/Archives/edgar/data/9984/000000998424000051/0000009984-24-000051-index.htm", "finalLink": "https://www.sec.gov/Archives/edgar/data/9984/000000998424000051/b-20231231.htm", "calculatedOtherExpenses": 0, "calculatedOperatingExpenses": 340093000, "calculatedNetInterest": -65506000, "calculatedOtherIncome": -4010000, "calculatedIncomeNonControlling": 0, "calculatedEbitda": 228574000}, {"date": "2022-12-31", "symbol": "B", "reportedCurrency": "USD", "cik": "0000009984", "fillingDate": "2023-02-21", "acceptedDate": "2023-02-21 16:47:06", "calendarYear": "2022", "period": "FY", "revenue": 1261868000, "costOfRevenue": 839996000, "grossProfit": 421872000, "grossProfitRatio": 0.3343233999, "researchAndDevelopmentExpenses": 15774000, "generalAndAdministrativeExpenses": 0, "sellingAndMarketingExpenses": 0, "sellingGeneralAndAdministrativeExpenses": 296559000, "otherExpenses": -4310000, "operatingExpenses": 296559000, "costAndExpenses": 1136555000, "interestIncome": 14624000, "interestExpense": 14624000, "depreciationAndAmortization": 92150000, "ebitda": 213153000, "ebitdaratio": 0.1689186191, "operatingIncome": 121003000, "operatingIncomeRatio": 0.0958919633, "totalOtherIncomeExpensesNet": -82818000, "incomeBeforeTax": 38185000, "incomeBeforeTaxRatio": 0.0302606929, "incomeTaxExpense": 24706000, "netIncome": 13479000, "netIncomeRatio": 0.0106817829, "eps": 0.26, "epsdiluted": 0.26, "weightedAverageShsOut": 50962447, "weightedAverageShsOutDil": 51084167, "link": "https://www.sec.gov/Archives/edgar/data/9984/000000998423000060/0000009984-23-000060-index.htm", "finalLink": "https://www.sec.gov/Archives/edgar/data/9984/000000998423000060/b-20221231.htm", "calculatedOtherExpenses": -11464000, "calculatedOperatingExpenses": 300869000, "calculatedNetInterest": 0, "calculatedOtherIncome": -82818000, "calculatedIncomeNonControlling": 0, "calculatedEbitda": 213153000}, {"date": "2021-12-31", "symbol": "B", "reportedCurrency": "USD", "cik": "0000009984", "fillingDate": "2022-02-22", "acceptedDate": "2022-02-22 12:51:32", "calendarYear": "2021", "period": "FY", "revenue": 1258846000, "costOfRevenue": 803850000, "grossProfit": 454996000, "grossProfitRatio": 0.3614389687, "researchAndDevelopmentExpenses": 22928000, "generalAndAdministrativeExpenses": 0, "sellingAndMarketingExpenses": 0, "sellingGeneralAndAdministrativeExpenses": 304978000, "otherExpenses": -5992000, "operatingExpenses": 304978000, "costAndExpenses": 1108828000, "interestIncome": 16209000, "interestExpense": 16209000, "depreciationAndAmortization": 85093000, "ebitda": 235111000, "ebitdaratio": 0.1867670867, "operatingIncome": 150018000, "operatingIncomeRatio": 0.1191710503, "totalOtherIncomeExpensesNet": -22201000, "incomeBeforeTax": 127817000, "incomeBeforeTaxRatio": 0.1015350567, "incomeTaxExpense": 27944000, "netIncome": 99873000, "netIncomeRatio": 0.0793369483, "eps": 1.96, "epsdiluted": 1.96, "weightedAverageShsOut": 50926374, "weightedAverageShsOutDil": 51079063, "link": "https://www.sec.gov/Archives/edgar/data/9984/000000998422000047/0000009984-22-000047-index.htm", "finalLink": "https://www.sec.gov/Archives/edgar/data/9984/000000998422000047/b-20211231.htm", "calculatedOtherExpenses": -22928000, "calculatedOperatingExpenses": 304978000, "calculatedNetInterest": 0, "calculatedOtherIncome": -22201000, "calculatedIncomeNonControlling": 0, "calculatedEbitda": 235111000}, {"date": "2020-12-31", "symbol": "B", "reportedCurrency": "USD", "cik": "0000009984", "fillingDate": "2021-02-22", "acceptedDate": "2021-02-22 17:14:48", "calendarYear": "2020", "period": "FY", "revenue": 1124391000, "costOfRevenue": 721238000, "grossProfit": 403153000, "grossProfitRatio": 0.3585523185, "researchAndDevelopmentExpenses": 16949000, "generalAndAdministrativeExpenses": 0, "sellingAndMarketingExpenses": 0, "sellingGeneralAndAdministrativeExpenses": 279783000, "otherExpenses": -5931000, "operatingExpenses": 279783000, "costAndExpenses": 1001021000, "interestIncome": 15944000, "interestExpense": 15944000, "depreciationAndAmortization": 81725000, "ebitda": 205095000, "ebitdaratio": 0.1824054088, "operatingIncome": 123370000, "operatingIncomeRatio": 0.1097216182, "totalOtherIncomeExpensesNet": -21875000, "incomeBeforeTax": 101495000, "incomeBeforeTaxRatio": 0.0902666421, "incomeTaxExpense": 38120000, "netIncome": 63375000, "netIncomeRatio": 0.056363845, "eps": 1.25, "epsdiluted": 1.24, "weightedAverageShsOut": 50880846, "weightedAverageShsOutDil": 51097586, "link": "https://www.sec.gov/Archives/edgar/data/9984/000000998421000063/0000009984-21-000063-index.htm", "finalLink": "https://www.sec.gov/Archives/edgar/data/9984/000000998421000063/b-20201231.htm", "calculatedOtherExpenses": -16949000, "calculatedOperatingExpenses": 279783000, "calculatedNetInterest": 0, "calculatedOtherIncome": -21875000, "calculatedIncomeNonControlling": 0, "calculatedEbitda": 205095000}, {"date": "2019-12-31", "symbol": "B", "reportedCurrency": "USD", "cik": "0000009984", "fillingDate": "2020-02-25", "acceptedDate": "2020-02-24 17:59:19", "calendarYear": "2019", "period": "FY", "revenue": 1491118000, "costOfRevenue": 944154000, "grossProfit": 546964000, "grossProfitRatio": 0.3668146988, "researchAndDevelopmentExpenses": 15666000, "generalAndAdministrativeExpenses": 0, "sellingAndMarketingExpenses": 0, "sellingGeneralAndAdministrativeExpenses": 310516000, "otherExpenses": -8975000, "operatingExpenses": 310516000, "costAndExpenses": 1254670000, "interestIncome": 20629000, "interestExpense": 20629000, "depreciationAndAmortization": 90084000, "ebitda": 326532000, "ebitdaratio": 0.2189846813, "operatingIncome": 236448000, "operatingIncomeRatio": 0.1585709515, "totalOtherIncomeExpensesNet": -29604000, "incomeBeforeTax": 206844000, "incomeBeforeTaxRatio": 0.1387173919, "incomeTaxExpense": 48494000, "netIncome": 158350000, "netIncomeRatio": 0.1061954855, "eps": 3.09, "epsdiluted": 3.07, "weightedAverageShsOut": 51213518, "weightedAverageShsOutDil": 51633169, "link": "https://www.sec.gov/Archives/edgar/data/9984/000000998420000029/0000009984-20-000029-index.htm", "finalLink": "https://www.sec.gov/Archives/edgar/data/9984/000000998420000029/b201910k.htm", "calculatedOtherExpenses": -15666000, "calculatedOperatingExpenses": 310516000, "calculatedNetInterest": 0, "calculatedOtherIncome": -29604000, "calculatedIncomeNonControlling": 0, "calculatedEbitda": 326532000}, {"date": "2018-12-31", "symbol": "B", "reportedCurrency": "USD", "cik": "0000009984", "fillingDate": "2019-02-26", "acceptedDate": "2019-02-25 17:41:06", "calendarYear": "2018", "period": "FY", "revenue": 1495889000, "costOfRevenue": 963524000, "grossProfit": 532365000, "grossProfitRatio": 0.3558853632, "researchAndDevelopmentExpenses": 16193000, "generalAndAdministrativeExpenses": 295181000, "sellingAndMarketingExpenses": 5420000, "sellingGeneralAndAdministrativeExpenses": 300601000, "otherExpenses": -7428000, "operatingExpenses": 300601000, "costAndExpenses": 1264125000, "interestIncome": 0, "interestExpense": 16841000, "depreciationAndAmortization": 94238000, "ebitda": 318574000, "ebitdaratio": 0.2129663364, "operatingIncome": 231764000, "operatingIncomeRatio": 0.1549339557, "totalOtherIncomeExpensesNet": -7428000, "incomeBeforeTax": 207495000, "incomeBeforeTaxRatio": 0.1387101583, "incomeTaxExpense": 41309000, "netIncome": 166186000, "netIncomeRatio": 0.1110951414, "eps": 3.18, "epsdiluted": 3.15, "weightedAverageShsOut": 52304190, "weightedAverageShsOutDil": 52831606, "link": "https://www.sec.gov/Archives/edgar/data/9984/000000998419000036/0000009984-19-000036-index.htm", "finalLink": "https://www.sec.gov/Archives/edgar/data/9984/000000998419000036/b201810k.htm", "calculatedOtherExpenses": -16193000, "calculatedOperatingExpenses": 300601000, "calculatedNetInterest": -16841000, "calculatedOtherIncome": -7428000, "calculatedIncomeNonControlling": 0, "calculatedEbitda": 326002000}, {"date": "2017-12-31", "symbol": "B", "reportedCurrency": "USD", "cik": "0000009984", "fillingDate": "2018-02-20", "acceptedDate": "2018-02-20 12:18:49", "calendarYear": "2017", "period": "FY", "revenue": 1436499000, "costOfRevenue": 939288000, "grossProfit": 497211000, "grossProfitRatio": 0.3461269378, "researchAndDevelopmentExpenses": 14765000, "generalAndAdministrativeExpenses": 286723000, "sellingAndMarketingExpenses": 210000, "sellingGeneralAndAdministrativeExpenses": 286933000, "otherExpenses": -8000, "operatingExpenses": 286933000, "costAndExpenses": 1226221000, "interestIncome": 0, "interestExpense": 14571000, "depreciationAndAmortization": 90150000, "ebitda": 300420000, "ebitdaratio": 0.2091334557, "operatingIncome": 210278000, "operatingIncomeRatio": 0.1463822808, "totalOtherIncomeExpensesNet": -8000, "incomeBeforeTax": 195699000, "incomeBeforeTaxRatio": 0.1362333005, "incomeTaxExpense": 136284000, "netIncome": 59415000, "netIncomeRatio": 0.0413609755, "eps": 1.1, "epsdiluted": 1.09, "weightedAverageShsOut": 54073407, "weightedAverageShsOutDil": 54605298, "link": "https://www.sec.gov/Archives/edgar/data/9984/000000998418000024/0000009984-18-000024-index.htm", "finalLink": "https://www.sec.gov/Archives/edgar/data/9984/000000998418000024/b201710k.htm", "calculatedOtherExpenses": -14765000, "calculatedOperatingExpenses": 286933000, "calculatedNetInterest": -14571000, "calculatedOtherIncome": -8000, "calculatedIncomeNonControlling": 0, "calculatedEbitda": 300428000}, {"date": "2016-12-31", "symbol": "B", "reportedCurrency": "USD", "cik": "0000009984", "fillingDate": "2017-02-21", "acceptedDate": "2017-02-21 09:37:58", "calendarYear": "2016", "period": "FY", "revenue": 1230754000, "costOfRevenue": 790299000, "grossProfit": 440455000, "grossProfitRatio": 0.3578741162, "researchAndDevelopmentExpenses": 12913000, "generalAndAdministrativeExpenses": 246084000, "sellingAndMarketingExpenses": 2193000, "sellingGeneralAndAdministrativeExpenses": 248277000, "otherExpenses": 2326000, "operatingExpenses": 248277000, "costAndExpenses": 1038576000, "interestIncome": 0, "interestExpense": 11883000, "depreciationAndAmortization": 80154000, "ebitda": 274658000, "ebitdaratio": 0.2231623866, "operatingIncome": 192178000, "operatingIncomeRatio": 0.1561465573, "totalOtherIncomeExpensesNet": 2326000, "incomeBeforeTax": 182621000, "incomeBeforeTaxRatio": 0.1483813987, "incomeTaxExpense": 47020000, "netIncome": 135601000, "netIncomeRatio": 0.1101771759, "eps": 2.5, "epsdiluted": 2.48, "weightedAverageShsOut": 54191013, "weightedAverageShsOutDil": 54631313, "link": "https://www.sec.gov/Archives/edgar/data/9984/000000998417000023/0000009984-17-000023-index.htm", "finalLink": "https://www.sec.gov/Archives/edgar/data/9984/000000998417000023/b201610k.htm", "calculatedOtherExpenses": -12913000, "calculatedOperatingExpenses": 248277000, "calculatedNetInterest": -11883000, "calculatedOtherIncome": 2326000, "calculatedIncomeNonControlling": 0, "calculatedEbitda": 272332000}, {"date": "2015-12-31", "symbol": "B", "reportedCurrency": "USD", "cik": "0000009984", "fillingDate": "2016-02-24", "acceptedDate": "2016-02-24 16:11:06", "calendarYear": "2015", "period": "FY", "revenue": 1193975000, "costOfRevenue": 782817000, "grossProfit": 411158000, "grossProfitRatio": 0.3443606441, "researchAndDevelopmentExpenses": 12688000, "generalAndAdministrativeExpenses": 239993000, "sellingAndMarketingExpenses": 2769000, "sellingGeneralAndAdministrativeExpenses": 242762000, "otherExpenses": 248000, "operatingExpenses": 242762000, "costAndExpenses": 1025579000, "interestIncome": 0, "interestExpense": 10698000, "depreciationAndAmortization": 78242000, "ebitda": 246886000, "ebitdaratio": 0.2067765238, "operatingIncome": 168396000, "operatingIncomeRatio": 0.1410381289, "totalOtherIncomeExpensesNet": 248000, "incomeBeforeTax": 157946000, "incomeBeforeTaxRatio": 0.1322858519, "incomeTaxExpense": 36566000, "netIncome": 121380000, "netIncomeRatio": 0.10166042, "eps": 2.21, "epsdiluted": 2.19, "weightedAverageShsOut": 55028063, "weightedAverageShsOutDil": 55513219, "link": "https://www.sec.gov/Archives/edgar/data/9984/000000998416000126/0000009984-16-000126-index.htm", "finalLink": "https://www.sec.gov/Archives/edgar/data/9984/000000998416000126/b201510k.htm", "calculatedOtherExpenses": -12688000, "calculatedOperatingExpenses": 242762000, "calculatedNetInterest": -10698000, "calculatedOtherIncome": 248000, "calculatedIncomeNonControlling": 0, "calculatedEbitda": 246638000}, {"date": "2014-12-31", "symbol": "B", "reportedCurrency": "USD", "cik": "0000009984", "fillingDate": "2015-02-23", "acceptedDate": "2015-02-23 16:49:10", "calendarYear": "2014", "period": "FY", "revenue": 1262006000, "costOfRevenue": 829648000, "grossProfit": 432358000, "grossProfitRatio": 0.3425958355, "researchAndDevelopmentExpenses": 15782000, "generalAndAdministrativeExpenses": 252384000, "sellingAndMarketingExpenses": 0, "sellingGeneralAndAdministrativeExpenses": 252384000, "otherExpenses": -2082000, "operatingExpenses": 252384000, "costAndExpenses": 1082032000, "interestIncome": 0, "interestExpense": 11392000, "depreciationAndAmortization": 81395000, "ebitda": 259287000, "ebitdaratio": 0.205456234, "operatingIncome": 179974000, "operatingIncomeRatio": 0.1426094646, "totalOtherIncomeExpensesNet": -2082000, "incomeBeforeTax": 166500000, "incomeBeforeTaxRatio": 0.1319328117, "incomeTaxExpense": 45959000, "netIncome": 118370000, "netIncomeRatio": 0.0937951167, "eps": 2.16, "epsdiluted": 2.12, "weightedAverageShsOut": 54791030, "weightedAverageShsOutDil": 55723267, "link": "https://www.sec.gov/Archives/edgar/data/9984/000000998415000023/0000009984-15-000023-index.htm", "finalLink": "https://www.sec.gov/Archives/edgar/data/9984/000000998415000023/b201410k.htm", "calculatedOtherExpenses": -15782000, "calculatedOperatingExpenses": 252384000, "calculatedNetInterest": -11392000, "calculatedOtherIncome": -2082000, "calculatedIncomeNonControlling": 2171000, "calculatedEbitda": 261369000}, {"date": "2013-12-31", "symbol": "B", "reportedCurrency": "USD", "cik": "0000009984", "fillingDate": "2014-02-25", "acceptedDate": "2014-02-25 16:37:19", "calendarYear": "2013", "period": "FY", "revenue": 1091566000, "costOfRevenue": 738170000, "grossProfit": 353396000, "grossProfitRatio": 0.323751381, "researchAndDevelopmentExpenses": 14707000, "generalAndAdministrativeExpenses": 226553000, "sellingAndMarketingExpenses": 3642000, "sellingGeneralAndAdministrativeExpenses": 230195000, "otherExpenses": -2537000, "operatingExpenses": 230195000, "costAndExpenses": 968365000, "interestIncome": 0, "interestExpense": 13090000, "depreciationAndAmortization": 65052000, "ebitda": 185716000, "ebitdaratio": 0.1701372157, "operatingIncome": 123201000, "operatingIncomeRatio": 0.1128662857, "totalOtherIncomeExpensesNet": -2537000, "incomeBeforeTax": 107574000, "incomeBeforeTaxRatio": 0.0985501564, "incomeTaxExpense": 35253000, "netIncome": 270527000, "netIncomeRatio": 0.2478338461, "eps": 5.02, "epsdiluted": 4.92, "weightedAverageShsOut": 53860308, "weightedAverageShsOutDil": 54973344, "link": "https://www.sec.gov/Archives/edgar/data/9984/000000998414000030/0000009984-14-000030-index.htm", "finalLink": "https://www.sec.gov/Archives/edgar/data/9984/000000998414000030/b201310k.htm", "calculatedOtherExpenses": -14707000, "calculatedOperatingExpenses": 230195000, "calculatedNetInterest": -13090000, "calculatedOtherIncome": -2537000, "calculatedIncomeNonControlling": -198206000, "calculatedEbitda": 188253000}, {"date": "2012-12-31", "symbol": "B", "reportedCurrency": "USD", "cik": "0000009984", "fillingDate": "2013-02-25", "acceptedDate": "2013-02-25 17:12:06", "calendarYear": "2012", "period": "FY", "revenue": 1229959000, "costOfRevenue": 812192000, "grossProfit": 417767000, "grossProfitRatio": 0.3396592895, "researchAndDevelopmentExpenses": 8696000, "generalAndAdministrativeExpenses": 278834000, "sellingAndMarketingExpenses": 2377000, "sellingGeneralAndAdministrativeExpenses": 281211000, "otherExpenses": -2671000, "operatingExpenses": 281211000, "costAndExpenses": 1093403000, "interestIncome": 0, "interestExpense": 12238000, "depreciationAndAmortization": 57360000, "ebitda": 191245000, "ebitdaratio": 0.1554889228, "operatingIncome": 136556000, "operatingIncomeRatio": 0.111024839, "totalOtherIncomeExpensesNet": -2671000, "incomeBeforeTax": 121647000, "incomeBeforeTaxRatio": 0.0989032968, "incomeTaxExpense": 23350000, "netIncome": 95249000, "netIncomeRatio": 0.0774407927, "eps": 1.74, "epsdiluted": 1.72, "weightedAverageShsOut": 54626453, "weightedAverageShsOutDil": 55224457, "link": "https://www.sec.gov/Archives/edgar/data/9984/000000998413000040/0000009984-13-000040-index.htm", "finalLink": "https://www.sec.gov/Archives/edgar/data/9984/000000998413000040/b201210k.htm", "calculatedOtherExpenses": -8696000, "calculatedOperatingExpenses": 281211000, "calculatedNetInterest": -12238000, "calculatedOtherIncome": -2671000, "calculatedIncomeNonControlling": 3048000, "calculatedEbitda": 193916000}, {"date": "2011-12-31", "symbol": "B", "reportedCurrency": "USD", "cik": "0000009984", "fillingDate": "2012-02-21", "acceptedDate": "2012-02-21 06:38:30", "calendarYear": "2011", "period": "FY", "revenue": 1169355000, "costOfRevenue": 772398000, "grossProfit": 396957000, "grossProfitRatio": 0.339466629, "researchAndDevelopmentExpenses": 0, "generalAndAdministrativeExpenses": 269402000, "sellingAndMarketingExpenses": 0, "sellingGeneralAndAdministrativeExpenses": 269402000, "otherExpenses": 0, "operatingExpenses": 269402000, "costAndExpenses": 1041800000, "interestIncome": 0, "interestExpense": 10271000, "depreciationAndAmortization": 58904000, "ebitda": 186459000, "ebitdaratio": 0.1594545711, "operatingIncome": 127555000, "operatingIncomeRatio": 0.1090815022, "totalOtherIncomeExpensesNet": -395000, "incomeBeforeTax": 116889000, "incomeBeforeTaxRatio": 0.0999602345, "incomeTaxExpense": 25316000, "netIncome": 64715000, "netIncomeRatio": 0.0553424751, "eps": 1.17, "epsdiluted": 1.16, "weightedAverageShsOut": 55214586, "weightedAverageShsOutDil": 55931882, "link": "https://www.sec.gov/Archives/edgar/data/9984/000000998412000036/0000009984-12-000036-index.htm", "finalLink": "https://www.sec.gov/Archives/edgar/data/9984/000000998412000036/b10k12312011.htm", "calculatedOtherExpenses": 0, "calculatedOperatingExpenses": 269402000, "calculatedNetInterest": -10271000, "calculatedOtherIncome": -395000, "calculatedIncomeNonControlling": 26858000, "calculatedEbitda": 186459000}, {"date": "2010-12-31", "symbol": "B", "reportedCurrency": "USD", "cik": "0000009984", "fillingDate": "2011-02-18", "acceptedDate": "2011-02-18 16:33:29", "calendarYear": "2010", "period": "FY", "revenue": 1133199000, "costOfRevenue": 724044000, "grossProfit": 409155000, "grossProfitRatio": 0.3610619141, "researchAndDevelopmentExpenses": 0, "generalAndAdministrativeExpenses": 322625000, "sellingAndMarketingExpenses": 0, "sellingGeneralAndAdministrativeExpenses": 322625000, "otherExpenses": 0, "operatingExpenses": 322625000, "costAndExpenses": 1046669000, "interestIncome": 0, "interestExpense": 20014000, "depreciationAndAmortization": 52770000, "ebitda": 139300000, "ebitdaratio": 0.1229263351, "operatingIncome": 86530000, "operatingIncomeRatio": 0.0763590508, "totalOtherIncomeExpensesNet": -2480000, "incomeBeforeTax": 64036000, "incomeBeforeTaxRatio": 0.0565090509, "incomeTaxExpense": 10758000, "netIncome": 53278000, "netIncomeRatio": 0.0470155727, "eps": 0.96, "epsdiluted": 0.95, "weightedAverageShsOut": 55259732, "weightedAverageShsOutDil": 55925187, "link": "https://www.sec.gov/Archives/edgar/data/9984/000119312511040385/0001193125-11-040385-index.htm", "finalLink": "https://www.sec.gov/Archives/edgar/data/9984/000119312511040385/d10k.htm", "calculatedOtherExpenses": 0, "calculatedOperatingExpenses": 322625000, "calculatedNetInterest": -20014000, "calculatedOtherIncome": -2480000, "calculatedIncomeNonControlling": 0, "calculatedEbitda": 139300000}, {"date": "2009-12-31", "symbol": "B", "reportedCurrency": "USD", "cik": "0000009984", "fillingDate": "2010-02-22", "acceptedDate": "2010-02-22 16:05:42", "calendarYear": "2009", "period": "FY", "revenue": 1034159000, "costOfRevenue": 671110000, "grossProfit": 363049000, "grossProfitRatio": 0.3510572359, "researchAndDevelopmentExpenses": 0, "generalAndAdministrativeExpenses": 302534000, "sellingAndMarketingExpenses": 0, "sellingGeneralAndAdministrativeExpenses": 302534000, "otherExpenses": 0, "operatingExpenses": 302534000, "costAndExpenses": 973644000, "interestIncome": 0, "interestExpense": 22596000, "depreciationAndAmortization": 57407000, "ebitda": 75609000, "ebitdaratio": 0.0731115815, "operatingIncome": 60515000, "operatingIncomeRatio": 0.0585161469, "totalOtherIncomeExpensesNet": 4394000, "incomeBeforeTax": 39946000, "incomeBeforeTaxRatio": 0.0386265555, "incomeTaxExpense": 945000, "netIncome": 39001000, "netIncomeRatio": 0.0377127695, "eps": 0.72, "epsdiluted": 0.72, "weightedAverageShsOut": 53879976, "weightedAverageShsOutDil": 54206426, "link": "https://www.sec.gov/Archives/edgar/data/9984/000119312510036363/0001193125-10-036363-index.htm", "finalLink": "https://www.sec.gov/Archives/edgar/data/9984/000119312510036363/d10k.htm", "calculatedOtherExpenses": 0, "calculatedOperatingExpenses": 302534000, "calculatedNetInterest": -22596000, "calculatedOtherIncome": 2027000, "calculatedIncomeNonControlling": 0, "calculatedEbitda": 117922000}, {"date": "2008-12-31", "symbol": "B", "reportedCurrency": "USD", "cik": "0000009984", "fillingDate": "2009-02-24", "acceptedDate": "2009-02-24 13:24:43", "calendarYear": "2008", "period": "FY", "revenue": 1362091000, "costOfRevenue": 847641000, "grossProfit": 514450000, "grossProfitRatio": 0.3776913584, "researchAndDevelopmentExpenses": 0, "generalAndAdministrativeExpenses": 366510000, "sellingAndMarketingExpenses": 0, "sellingGeneralAndAdministrativeExpenses": 366510000, "otherExpenses": 0, "operatingExpenses": 366510000, "costAndExpenses": 1214151000, "interestIncome": 0, "interestExpense": 19517000, "depreciationAndAmortization": 52403000, "ebitda": 147940000, "ebitdaratio": 0.1086124202, "operatingIncome": 147940000, "operatingIncomeRatio": 0.1086124202, "totalOtherIncomeExpensesNet": -2327000, "incomeBeforeTax": 126096000, "incomeBeforeTaxRatio": 0.0925753125, "incomeTaxExpense": 29014000, "netIncome": 86979000, "netIncomeRatio": 0.063856967, "eps": 1.61, "epsdiluted": 1.56, "weightedAverageShsOut": 53989034, "weightedAverageShsOutDil": 55812666, "link": "https://www.sec.gov/Archives/edgar/data/9984/000119312509035973/0001193125-09-035973-index.htm", "finalLink": "https://www.sec.gov/Archives/edgar/data/9984/000119312509035973/d10k.htm", "calculatedOtherExpenses": 0, "calculatedOperatingExpenses": 366510000, "calculatedNetInterest": -19517000, "calculatedOtherIncome": -2327000, "calculatedIncomeNonControlling": 10103000, "calculatedEbitda": 200343000}, {"date": "2007-12-31", "symbol": "B", "reportedCurrency": "USD", "cik": "0000009984", "fillingDate": "2008-02-25", "acceptedDate": "2008-02-25 15:30:02", "calendarYear": "2007", "period": "FY", "revenue": 1439502000, "costOfRevenue": 892685000, "grossProfit": 546817000, "grossProfitRatio": 0.3798653979, "researchAndDevelopmentExpenses": 0, "generalAndAdministrativeExpenses": 394443000, "sellingAndMarketingExpenses": 0, "sellingGeneralAndAdministrativeExpenses": 394443000, "otherExpenses": 0, "operatingExpenses": 394443000, "costAndExpenses": 1287128000, "interestIncome": 0, "interestExpense": 25143000000, "depreciationAndAmortization": 50607000, "ebitda": 203056000, "ebitdaratio": 0.1410598943, "operatingIncome": 152374000, "operatingIncomeRatio": 0.1058518849, "totalOtherIncomeExpensesNet": -75000, "incomeBeforeTax": 127156000, "incomeBeforeTaxRatio": 0.0883333264, "incomeTaxExpense": 25819000, "netIncome": 101337000, "netIncomeRatio": 0.0703972624, "eps": 1.9, "epsdiluted": 1.76, "weightedAverageShsOut": 53295275, "weightedAverageShsOutDil": 57525832, "link": "https://www.sec.gov/Archives/edgar/data/9984/000119312508037385/0001193125-08-037385-index.htm", "finalLink": "https://www.sec.gov/Archives/edgar/data/9984/000119312508037385/d10k.htm", "calculatedOtherExpenses": 0, "calculatedOperatingExpenses": 394443000, "calculatedNetInterest": -25143000000, "calculatedOtherIncome": 25117782000, "calculatedIncomeNonControlling": 0, "calculatedEbitda": 202981000}, {"date": "2006-12-31", "symbol": "B", "reportedCurrency": "USD", "cik": "0000009984", "fillingDate": "2007-02-26", "acceptedDate": "2007-02-26 16:52:21", "calendarYear": "2006", "period": "FY", "revenue": 1259656000, "costOfRevenue": 797472000, "grossProfit": 462184000, "grossProfitRatio": 0.3669128715, "researchAndDevelopmentExpenses": 0, "generalAndAdministrativeExpenses": 345148000, "sellingAndMarketingExpenses": 0, "sellingGeneralAndAdministrativeExpenses": 345148000, "otherExpenses": 0, "operatingExpenses": 345148000, "costAndExpenses": 1142620000, "interestIncome": 0, "interestExpense": 23691000000, "depreciationAndAmortization": 42226000, "ebitda": 159365000, "ebitdaratio": 0.1265146993, "operatingIncome": 117036000, "operatingIncomeRatio": 0.0929110805, "totalOtherIncomeExpensesNet": -103000, "incomeBeforeTax": 93242000, "incomeBeforeTaxRatio": 0.0740217964, "incomeTaxExpense": 19397000, "netIncome": 73845000, "netIncomeRatio": 0.0586231479, "eps": 1.46, "epsdiluted": 1.39, "weightedAverageShsOut": 50702992, "weightedAverageShsOutDil": 52943494, "link": "https://www.sec.gov/Archives/edgar/data/9984/000119312507039825/0001193125-07-039825-index.htm", "finalLink": "https://www.sec.gov/Archives/edgar/data/9984/000119312507039825/d10k.htm", "calculatedOtherExpenses": 0, "calculatedOperatingExpenses": 345148000, "calculatedNetInterest": -23691000000, "calculatedOtherIncome": 23667206000, "calculatedIncomeNonControlling": 0, "calculatedEbitda": 159262000}, {"date": "2005-12-31", "symbol": "B", "reportedCurrency": "USD", "cik": "0000009984", "fillingDate": "2006-02-27", "acceptedDate": "2006-02-27 16:14:24", "calendarYear": "2005", "period": "FY", "revenue": 1102174000, "costOfRevenue": 705488000, "grossProfit": 396686000, "grossProfitRatio": 0.3599123187, "researchAndDevelopmentExpenses": 0, "generalAndAdministrativeExpenses": 309991000, "sellingAndMarketingExpenses": 0, "sellingGeneralAndAdministrativeExpenses": 309991000, "otherExpenses": 0, "operatingExpenses": 309991000, "costAndExpenses": 1015479000, "interestIncome": 0, "interestExpense": 17551000000, "depreciationAndAmortization": 34858000, "ebitda": 112236000, "ebitdaratio": 0.1018314713, "operatingIncome": 86695000, "operatingIncomeRatio": 0.0786581792, "totalOtherIncomeExpensesNet": 9317000, "incomeBeforeTax": 78461000, "incomeBeforeTaxRatio": 0.0711874895, "incomeTaxExpense": 17553000, "netIncome": 60517000, "netIncomeRatio": 0.0549069385, "eps": 1.15, "epsdiluted": 1.1, "weightedAverageShsOut": 47197650, "weightedAverageShsOutDil": 49018382, "link": "https://www.sec.gov/Archives/edgar/data/9984/000119312506039999/0001193125-06-039999-index.htm", "finalLink": "https://www.sec.gov/Archives/edgar/data/9984/000119312506039999/d10k.htm", "calculatedOtherExpenses": 0, "calculatedOperatingExpenses": 309991000, "calculatedNetInterest": -17551000000, "calculatedOtherIncome": 17542766000, "calculatedIncomeNonControlling": 391000, "calculatedEbitda": 121553000}, {"date": "2004-12-31", "symbol": "B", "reportedCurrency": "USD", "cik": "0000009984", "fillingDate": "2005-02-28", "acceptedDate": "2005-02-28 14:42:15", "calendarYear": "2004", "period": "FY", "revenue": 994709000, "costOfRevenue": 654572000, "grossProfit": 340137000, "grossProfitRatio": 0.3419462375, "researchAndDevelopmentExpenses": 0, "generalAndAdministrativeExpenses": 284223000, "sellingAndMarketingExpenses": 0, "sellingGeneralAndAdministrativeExpenses": 284223000, "otherExpenses": 0, "operatingExpenses": 284223000, "costAndExpenses": 938795000, "interestIncome": 0, "interestExpense": 15390000000, "depreciationAndAmortization": 34177000, "ebitda": 89256000, "ebitdaratio": 0.0897307655, "operatingIncome": 55914000, "operatingIncomeRatio": 0.0562114146, "totalOtherIncomeExpensesNet": 835000, "incomeBeforeTax": 41359000, "incomeBeforeTaxRatio": 0.0415789945, "incomeTaxExpense": 7958000, "netIncome": 33401000, "netIncomeRatio": 0.0335786647, "eps": 0.65, "epsdiluted": 0.63, "weightedAverageShsOut": 46211706, "weightedAverageShsOutDil": 47935268, "link": "https://www.sec.gov/Archives/edgar/data/9984/000119312505038394/0001193125-05-038394-index.htm", "finalLink": "https://www.sec.gov/Archives/edgar/data/9984/000119312505038394/d10k.htm", "calculatedOtherExpenses": 0, "calculatedOperatingExpenses": 284223000, "calculatedNetInterest": -15390000000, "calculatedOtherIncome": 15375445000, "calculatedIncomeNonControlling": 0, "calculatedEbitda": 90091000}, {"date": "2003-12-31", "symbol": "B", "reportedCurrency": "USD", "cik": "0000009984", "fillingDate": "2004-02-27", "acceptedDate": "2004-02-27 16:10:12", "calendarYear": "2003", "period": "FY", "revenue": 890818000, "costOfRevenue": 576835000, "grossProfit": 313983000, "grossProfitRatio": 0.3524659358, "researchAndDevelopmentExpenses": 0, "generalAndAdministrativeExpenses": 261983000, "sellingAndMarketingExpenses": 0, "sellingGeneralAndAdministrativeExpenses": 261983000, "otherExpenses": 0, "operatingExpenses": 261983000, "costAndExpenses": 838818000, "interestIncome": 0, "interestExpense": 15840000000, "depreciationAndAmortization": 34571000, "ebitda": 84363000, "ebitdaratio": 0.0947028461, "operatingIncome": 52000000, "operatingIncomeRatio": 0.0583733153, "totalOtherIncomeExpensesNet": 2208000, "incomeBeforeTax": 38368000, "incomeBeforeTaxRatio": 0.0430705262, "incomeTaxExpense": 5353000, "netIncome": 33015000, "netIncomeRatio": 0.0370614424, "eps": 0.68, "epsdiluted": 0.66, "weightedAverageShsOut": 42951000, "weightedAverageShsOutDil": 44210000, "link": "https://www.sec.gov/Archives/edgar/data/9984/000119312504031285/0001193125-04-031285-index.htm", "finalLink": "https://www.sec.gov/Archives/edgar/data/9984/000119312504031285/d10k.htm", "calculatedOtherExpenses": 0, "calculatedOperatingExpenses": 261983000, "calculatedNetInterest": -15840000000, "calculatedOtherIncome": 15826368000, "calculatedIncomeNonControlling": 0, "calculatedEbitda": 86571000}, {"date": "2002-12-31", "symbol": "B", "reportedCurrency": "USD", "cik": "0000009984", "fillingDate": "2003-03-18", "acceptedDate": "2003-03-18 16:49:37", "calendarYear": "2002", "period": "FY", "revenue": 784036000, "costOfRevenue": 530004000, "grossProfit": 254032000, "grossProfitRatio": 0.3240055304, "researchAndDevelopmentExpenses": 0, "generalAndAdministrativeExpenses": 209192000, "sellingAndMarketingExpenses": 0, "sellingGeneralAndAdministrativeExpenses": 209192000, "otherExpenses": 0, "operatingExpenses": 209192000, "costAndExpenses": 739196000, "interestIncome": 0, "interestExpense": 0, "depreciationAndAmortization": 33626000, "ebitda": 75372000, "ebitdaratio": 0.0961333408, "operatingIncome": 44840000, "operatingIncomeRatio": 0.0571912514, "totalOtherIncomeExpensesNet": 3094000, "incomeBeforeTax": 33111000, "incomeBeforeTaxRatio": 0.0422314792, "incomeTaxExpense": 5960000, "netIncome": 27151000, "netIncomeRatio": 0.0346297874, "eps": 0.73, "epsdiluted": 0.71, "weightedAverageShsOut": 37500884, "weightedAverageShsOutDil": 38370664, "link": "https://www.sec.gov/Archives/edgar/data/9984/000092701603001154/0000927016-03-001154-index.htm", "finalLink": "https://www.sec.gov/Archives/edgar/data/9984/000092701603001154/d10k.htm", "calculatedOtherExpenses": 0, "calculatedOperatingExpenses": 209192000, "calculatedNetInterest": 0, "calculatedOtherIncome": -11729000, "calculatedIncomeNonControlling": 0, "calculatedEbitda": 78466000}, {"date": "2001-12-31", "symbol": "B", "reportedCurrency": "USD", "cik": "0000009984", "fillingDate": "2002-03-22", "acceptedDate": "2002-03-22 00:00:00", "calendarYear": "2001", "period": "FY", "revenue": 768821000, "costOfRevenue": 519536000, "grossProfit": 249285000, "grossProfitRatio": 0.3242432244, "researchAndDevelopmentExpenses": 0, "generalAndAdministrativeExpenses": 208965000, "sellingAndMarketingExpenses": 0, "sellingGeneralAndAdministrativeExpenses": 208965000, "otherExpenses": 270251000, "operatingExpenses": 479216000, "costAndExpenses": 998752000, "interestIncome": 0, "interestExpense": 0, "depreciationAndAmortization": 37045000, "ebitda": -192186000, "ebitdaratio": -0.2499749617, "operatingIncome": 40320000, "operatingIncomeRatio": 0.0524439369, "totalOtherIncomeExpensesNet": -700000, "incomeBeforeTax": 23459000, "incomeBeforeTaxRatio": 0.0305129543, "incomeTaxExpense": 4338000, "netIncome": 19121000, "netIncomeRatio": 0.0248705485, "eps": 0.52, "epsdiluted": 0.51, "weightedAverageShsOut": 37012000, "weightedAverageShsOutDil": 37863366, "link": "https://www.sec.gov/Archives/edgar/data/9984/000092701602001564/0000927016-02-001564-index.htm", "finalLink": "https://www.sec.gov/Archives/edgar/data/9984/000092701602001564/d10k405.txt", "calculatedOtherExpenses": 0, "calculatedOperatingExpenses": 208965000, "calculatedNetInterest": 0, "calculatedOtherIncome": -16861000, "calculatedIncomeNonControlling": 0, "calculatedEbitda": 77365000}, {"date": "2000-12-31", "symbol": "B", "reportedCurrency": "USD", "cik": "0000009984", "fillingDate": "2001-03-23", "acceptedDate": "2001-03-23 00:00:00", "calendarYear": "2000", "period": "FY", "revenue": 740032000, "costOfRevenue": 452763000, "grossProfit": 287269000, "grossProfitRatio": 0.388184565, "researchAndDevelopmentExpenses": 0, "generalAndAdministrativeExpenses": 188449000, "sellingAndMarketingExpenses": 0, "sellingGeneralAndAdministrativeExpenses": 188449000, "otherExpenses": 35871000, "operatingExpenses": 224320000, "costAndExpenses": 677083000, "interestIncome": 0, "interestExpense": 0, "depreciationAndAmortization": 35871000, "ebitda": 98039000, "ebitdaratio": 0.1324794063, "operatingIncome": 62949000, "operatingIncomeRatio": 0.0850625378, "totalOtherIncomeExpensesNet": 781000, "incomeBeforeTax": 48590000, "incomeBeforeTaxRatio": 0.0656593228, "incomeTaxExpense": 12925000, "netIncome": 35665000, "netIncomeRatio": 0.0481938619, "eps": 0.96, "epsdiluted": 0.95, "weightedAverageShsOut": 37136718, "weightedAverageShsOutDil": 37542105, "link": "https://www.sec.gov/Archives/edgar/data/9984/000092701601001487/0000927016-01-001487-index.htm", "finalLink": "https://www.sec.gov/Archives/edgar/data/9984/000092701601001487/0000927016-01-001487-0001.txt", "calculatedOtherExpenses": 35871000, "calculatedOperatingExpenses": 224320000, "calculatedNetInterest": 0, "calculatedOtherIncome": -14359000, "calculatedIncomeNonControlling": 0, "calculatedEbitda": 98820000}, {"date": "1999-12-31", "symbol": "B", "reportedCurrency": "USD", "cik": "0000009984", "fillingDate": "2000-03-24", "acceptedDate": "2000-03-24 00:00:00", "calendarYear": "1999", "period": "FY", "revenue": 622400000, "costOfRevenue": 394300000, "grossProfit": 228100000, "grossProfitRatio": 0.3664845758, "researchAndDevelopmentExpenses": 0, "generalAndAdministrativeExpenses": 152200000, "sellingAndMarketingExpenses": 0, "sellingGeneralAndAdministrativeExpenses": 152200000, "otherExpenses": 30600000, "operatingExpenses": 182800000, "costAndExpenses": 577100000, "interestIncome": 0, "interestExpense": 0, "depreciationAndAmortization": 30600000, "ebitda": 72400000, "ebitdaratio": 0.1163239075, "operatingIncome": 45300000, "operatingIncomeRatio": 0.0727827763, "totalOtherIncomeExpensesNet": 3500000, "incomeBeforeTax": 42700000, "incomeBeforeTaxRatio": 0.0686053985, "incomeTaxExpense": 14100000, "netIncome": 28600000, "netIncomeRatio": 0.0459511568, "eps": 0.74, "epsdiluted": 0.73, "weightedAverageShsOut": 38835712, "weightedAverageShsOutDil": 39178082, "link": "https://www.sec.gov/Archives/edgar/data/9984/000091403900000129/0000914039-00-000129-index.html", "finalLink": "https://www.sec.gov/Archives/edgar/data/9984/000091403900000129/", "calculatedOtherExpenses": 30600000, "calculatedOperatingExpenses": 182800000, "calculatedNetInterest": 0, "calculatedOtherIncome": -2600000, "calculatedIncomeNonControlling": 0, "calculatedEbitda": 75900000}, {"date": "1998-12-31", "symbol": "B", "reportedCurrency": "USD", "cik": "0000009984", "fillingDate": "1999-03-24", "acceptedDate": "1999-03-24 00:00:00", "calendarYear": "1998", "period": "FY", "revenue": 651200000, "costOfRevenue": 407500000, "grossProfit": 243700000, "grossProfitRatio": 0.3742321867, "researchAndDevelopmentExpenses": 0, "generalAndAdministrativeExpenses": 160000000, "sellingAndMarketingExpenses": 0, "sellingGeneralAndAdministrativeExpenses": 160000000, "otherExpenses": 28400000, "operatingExpenses": 188400000, "costAndExpenses": 595900000, "interestIncome": 0, "interestExpense": 0, "depreciationAndAmortization": 28400000, "ebitda": 80200000, "ebitdaratio": 0.1231572482, "operatingIncome": 55300000, "operatingIncomeRatio": 0.0849201474, "totalOtherIncomeExpensesNet": 3500000, "incomeBeforeTax": 54700000, "incomeBeforeTaxRatio": 0.0839987715, "incomeTaxExpense": 20200000, "netIncome": 34500000, "netIncomeRatio": 0.0529791155, "eps": 0.86, "epsdiluted": 0.85, "weightedAverageShsOut": 40191420, "weightedAverageShsOutDil": 40828402, "link": "https://www.sec.gov/Archives/edgar/data/9984/000091403999000118/0000914039-99-000118-index.html", "finalLink": "https://www.sec.gov/Archives/edgar/data/9984/", "calculatedOtherExpenses": 28400000, "calculatedOperatingExpenses": 188400000, "calculatedNetInterest": 0, "calculatedOtherIncome": -600000, "calculatedIncomeNonControlling": 0, "calculatedEbitda": 83700000}, {"date": "1997-12-31", "symbol": "B", "reportedCurrency": "USD", "cik": "0000009984", "fillingDate": "1998-03-11", "acceptedDate": "1998-03-11 00:00:00", "calendarYear": "1997", "period": "FY", "revenue": 642700000, "costOfRevenue": 398500000, "grossProfit": 244200000, "grossProfitRatio": 0.3799595457, "researchAndDevelopmentExpenses": 0, "generalAndAdministrativeExpenses": 150300000, "sellingAndMarketingExpenses": 0, "sellingGeneralAndAdministrativeExpenses": 150300000, "otherExpenses": 28100000, "operatingExpenses": 178400000, "costAndExpenses": 576900000, "interestIncome": 0, "interestExpense": 0, "depreciationAndAmortization": 28100000, "ebitda": 90300000, "ebitdaratio": 0.1405010114, "operatingIncome": 65800000, "operatingIncomeRatio": 0.1023805819, "totalOtherIncomeExpensesNet": 3600000, "incomeBeforeTax": 64500000, "incomeBeforeTaxRatio": 0.1003578653, "incomeTaxExpense": 24100000, "netIncome": 40400000, "netIncomeRatio": 0.0628598102, "eps": 1, "epsdiluted": 0.98, "weightedAverageShsOut": 40400000, "weightedAverageShsOutDil": 41224490, "link": "https://www.sec.gov/Archives/edgar/data/9984/000091403998000071/0000914039-98-000071-index.html", "finalLink": "https://www.sec.gov/Archives/edgar/data/9984/", "calculatedOtherExpenses": 28100000, "calculatedOperatingExpenses": 178400000, "calculatedNetInterest": 0, "calculatedOtherIncome": -1300000, "calculatedIncomeNonControlling": 0, "calculatedEbitda": 93900000}, {"date": "1996-12-31", "symbol": "B", "reportedCurrency": "USD", "cik": "0000009984", "fillingDate": "1997-03-11", "acceptedDate": "1997-03-11 00:00:00", "calendarYear": "1996", "period": "FY", "revenue": 595000000, "costOfRevenue": 358100000, "grossProfit": 236900000, "grossProfitRatio": 0.3981512605, "researchAndDevelopmentExpenses": 0, "generalAndAdministrativeExpenses": 155000000, "sellingAndMarketingExpenses": 0, "sellingGeneralAndAdministrativeExpenses": 155000000, "otherExpenses": 26600000, "operatingExpenses": 181600000, "costAndExpenses": 539700000, "interestIncome": 0, "interestExpense": 0, "depreciationAndAmortization": 26600000, "ebitda": 79900000, "ebitdaratio": 0.1342857143, "operatingIncome": 55300000, "operatingIncomeRatio": 0.0929411765, "totalOtherIncomeExpensesNet": 2000000, "incomeBeforeTax": 52300000, "incomeBeforeTaxRatio": 0.0878991597, "incomeTaxExpense": 19700000, "netIncome": 32600000, "netIncomeRatio": 0.054789916, "eps": 0.82, "epsdiluted": 0.82, "weightedAverageShsOut": 39847974, "weightedAverageShsOutDil": 40336134, "link": "https://www.sec.gov/Archives/edgar/data/9984/000000998497000022/0000009984-97-000022-index.html", "finalLink": "https://www.sec.gov/Archives/edgar/data/9984/", "calculatedOtherExpenses": 26600000, "calculatedOperatingExpenses": 181600000, "calculatedNetInterest": 0, "calculatedOtherIncome": -3000000, "calculatedIncomeNonControlling": 0, "calculatedEbitda": 81900000}, {"date": "1995-12-31", "symbol": "B", "reportedCurrency": "USD", "cik": "0000009984", "fillingDate": "1996-03-11", "acceptedDate": "1996-03-11 00:00:00", "calendarYear": "1995", "period": "FY", "revenue": 592500000, "costOfRevenue": 355400000, "grossProfit": 237100000, "grossProfitRatio": 0.4001687764, "researchAndDevelopmentExpenses": 0, "generalAndAdministrativeExpenses": 161600000, "sellingAndMarketingExpenses": 0, "sellingGeneralAndAdministrativeExpenses": 161600000, "otherExpenses": 26800000, "operatingExpenses": 188400000, "costAndExpenses": 543800000, "interestIncome": 0, "interestExpense": 0, "depreciationAndAmortization": 26800000, "ebitda": 73600000, "ebitdaratio": 0.1242194093, "operatingIncome": 48700000, "operatingIncomeRatio": 0.0821940928, "totalOtherIncomeExpensesNet": 1900000, "incomeBeforeTax": 45500000, "incomeBeforeTaxRatio": 0.0767932489, "incomeTaxExpense": 18000000, "netIncome": 27500000, "netIncomeRatio": 0.0464135021, "eps": 0.7, "epsdiluted": 0.7, "weightedAverageShsOut": 39280026, "weightedAverageShsOutDil": 39280026, "link": "https://www.sec.gov/Archives/edgar/data/9984/000000998496000026/0000009984-96-000026-index.html", "finalLink": "https://www.sec.gov/Archives/edgar/data/9984/", "calculatedOtherExpenses": 26800000, "calculatedOperatingExpenses": 188400000, "calculatedNetInterest": 0, "calculatedOtherIncome": -3200000, "calculatedIncomeNonControlling": 0, "calculatedEbitda": 75500000}, {"date": "1994-12-31", "symbol": "B", "reportedCurrency": "USD", "cik": "0000009984", "fillingDate": "1995-03-10", "acceptedDate": "1995-03-10 00:00:00", "calendarYear": "1994", "period": "FY", "revenue": 569200000, "costOfRevenue": 342800000, "grossProfit": 226400000, "grossProfitRatio": 0.3977512298, "researchAndDevelopmentExpenses": 0, "generalAndAdministrativeExpenses": 166100000, "sellingAndMarketingExpenses": 0, "sellingGeneralAndAdministrativeExpenses": 166100000, "otherExpenses": 23700000, "operatingExpenses": 189800000, "costAndExpenses": 532600000, "interestIncome": 0, "interestExpense": 0, "depreciationAndAmortization": 23700000, "ebitda": 57900000, "ebitdaratio": 0.1017217147, "operatingIncome": 36600000, "operatingIncomeRatio": 0.064300773, "totalOtherIncomeExpensesNet": 2400000, "incomeBeforeTax": 33900000, "incomeBeforeTaxRatio": 0.0595572734, "incomeTaxExpense": 13600000, "netIncome": 20300000, "netIncomeRatio": 0.03566409, "eps": 0.53, "epsdiluted": 0.53, "weightedAverageShsOut": 38122662, "weightedAverageShsOutDil": 38122662, "link": "https://www.sec.gov/Archives/edgar/data/9984/000000998495000018/0000009984-95-000018-index.html", "finalLink": "https://www.sec.gov/Archives/edgar/data/9984/", "calculatedOtherExpenses": 23700000, "calculatedOperatingExpenses": 189800000, "calculatedNetInterest": 0, "calculatedOtherIncome": -2700000, "calculatedIncomeNonControlling": 0, "calculatedEbitda": 60300000}, {"date": "1993-12-31", "symbol": "B", "reportedCurrency": "USD", "cik": "0000009984", "fillingDate": "1993-12-31", "acceptedDate": "1993-12-30 19:00:00", "calendarYear": "1993", "period": "FY", "revenue": 502300000, "costOfRevenue": 300900000, "grossProfit": 201400000, "grossProfitRatio": 0.4009556042, "researchAndDevelopmentExpenses": 0, "generalAndAdministrativeExpenses": 165800000, "sellingAndMarketingExpenses": 0, "sellingGeneralAndAdministrativeExpenses": 165800000, "otherExpenses": 23100000, "operatingExpenses": 188900000, "costAndExpenses": 489800000, "interestIncome": 0, "interestExpense": 0, "depreciationAndAmortization": 23100000, "ebitda": 34600000, "ebitdaratio": 0.0688831376, "operatingIncome": 12500000, "operatingIncomeRatio": 0.0248855266, "totalOtherIncomeExpensesNet": 1000000, "incomeBeforeTax": 8400000, "incomeBeforeTaxRatio": 0.0167230739, "incomeTaxExpense": 4000000, "netIncome": 4400000, "netIncomeRatio": 0.0087597054, "eps": 0.12, "epsdiluted": 0.12, "weightedAverageShsOut": 38260870, "weightedAverageShsOutDil": 38260870, "link": "", "finalLink": "", "calculatedOtherExpenses": 23100000, "calculatedOperatingExpenses": 188900000, "calculatedNetInterest": 0, "calculatedOtherIncome": -4100000, "calculatedIncomeNonControlling": 0, "calculatedEbitda": 35600000}, {"date": "1992-12-31", "symbol": "B", "reportedCurrency": "USD", "cik": "0000009984", "fillingDate": "1992-12-31", "acceptedDate": "1992-12-30 19:00:00", "calendarYear": "1992", "period": "FY", "revenue": 529100000, "costOfRevenue": 312300000, "grossProfit": 216800000, "grossProfitRatio": 0.4097524098, "researchAndDevelopmentExpenses": 0, "generalAndAdministrativeExpenses": 185800000, "sellingAndMarketingExpenses": 0, "sellingGeneralAndAdministrativeExpenses": 185800000, "otherExpenses": 23700000, "operatingExpenses": 209500000, "costAndExpenses": 521800000, "interestIncome": 0, "interestExpense": 0, "depreciationAndAmortization": 23700000, "ebitda": 24000000, "ebitdaratio": 0.0453600454, "operatingIncome": 7300000, "operatingIncomeRatio": 0.0137970138, "totalOtherIncomeExpensesNet": 7000000, "incomeBeforeTax": 7600000, "incomeBeforeTaxRatio": 0.0143640144, "incomeTaxExpense": 1800000, "netIncome": -34900000, "netIncomeRatio": -0.065961066, "eps": -0.94, "epsdiluted": -0.94, "weightedAverageShsOut": 37326203, "weightedAverageShsOutDil": 37326203, "link": "", "finalLink": "", "calculatedOtherExpenses": 23700000, "calculatedOperatingExpenses": 209500000, "calculatedNetInterest": 0, "calculatedOtherIncome": 300000, "calculatedIncomeNonControlling": 40700000, "calculatedEbitda": 31000000}, {"date": "1991-12-31", "symbol": "B", "reportedCurrency": "USD", "cik": "0000009984", "fillingDate": "1991-12-31", "acceptedDate": "1991-12-30 19:00:00", "calendarYear": "1991", "period": "FY", "revenue": 535700000, "costOfRevenue": 314200000, "grossProfit": 221500000, "grossProfitRatio": 0.4134776927, "researchAndDevelopmentExpenses": 0, "generalAndAdministrativeExpenses": 160300000, "sellingAndMarketingExpenses": 0, "sellingGeneralAndAdministrativeExpenses": 160300000, "otherExpenses": 23200000, "operatingExpenses": 183500000, "costAndExpenses": 497700000, "interestIncome": 0, "interestExpense": 0, "depreciationAndAmortization": 23200000, "ebitda": 61400000, "ebitdaratio": 0.1146163898, "operatingIncome": 38000000, "operatingIncomeRatio": 0.0709352249, "totalOtherIncomeExpensesNet": -200000, "incomeBeforeTax": 28800000, "incomeBeforeTaxRatio": 0.0537614336, "incomeTaxExpense": 12900000, "netIncome": 15900000, "netIncomeRatio": 0.0296807915, "eps": 0.44, "epsdiluted": 0.44, "weightedAverageShsOut": 36551724, "weightedAverageShsOutDil": 36551724, "link": "", "finalLink": "", "calculatedOtherExpenses": 23200000, "calculatedOperatingExpenses": 183500000, "calculatedNetInterest": 0, "calculatedOtherIncome": -9200000, "calculatedIncomeNonControlling": 0, "calculatedEbitda": 61200000}, {"date": "1990-12-31", "symbol": "B", "reportedCurrency": "USD", "cik": "0000009984", "fillingDate": "1990-12-31", "acceptedDate": "1990-12-30 19:00:00", "calendarYear": "1990", "period": "FY", "revenue": 545900000, "costOfRevenue": 322900000, "grossProfit": 223000000, "grossProfitRatio": 0.4084997252, "researchAndDevelopmentExpenses": 0, "generalAndAdministrativeExpenses": 159700000, "sellingAndMarketingExpenses": 0, "sellingGeneralAndAdministrativeExpenses": 159700000, "otherExpenses": 22000000, "operatingExpenses": 181700000, "costAndExpenses": 504600000, "interestIncome": 0, "interestExpense": 0, "depreciationAndAmortization": 22000000, "ebitda": 64300000, "ebitdaratio": 0.1177871405, "operatingIncome": 41300000, "operatingIncomeRatio": 0.0756548818, "totalOtherIncomeExpensesNet": -1000000, "incomeBeforeTax": 30000000, "incomeBeforeTaxRatio": 0.05495512, "incomeTaxExpense": 13200000, "netIncome": 16800000, "netIncomeRatio": 0.0307748672, "eps": 0.46, "epsdiluted": 0.46, "weightedAverageShsOut": 36521739, "weightedAverageShsOutDil": 36521739, "link": "", "finalLink": "", "calculatedOtherExpenses": 22000000, "calculatedOperatingExpenses": 181700000, "calculatedNetInterest": 0, "calculatedOtherIncome": -11300000, "calculatedIncomeNonControlling": 0, "calculatedEbitda": 63300000}, {"date": "1989-12-31", "symbol": "B", "reportedCurrency": "USD", "cik": "0000009984", "fillingDate": "1989-12-31", "acceptedDate": "1989-12-30 19:00:00", "calendarYear": "1989", "period": "FY", "revenue": 511200000, "costOfRevenue": 302100000, "grossProfit": 209100000, "grossProfitRatio": 0.4090375587, "researchAndDevelopmentExpenses": 0, "generalAndAdministrativeExpenses": 156900000, "sellingAndMarketingExpenses": 0, "sellingGeneralAndAdministrativeExpenses": 156900000, "otherExpenses": 18200000, "operatingExpenses": 175100000, "costAndExpenses": 477200000, "interestIncome": 0, "interestExpense": 0, "depreciationAndAmortization": 18200000, "ebitda": 52900000, "ebitdaratio": 0.1034820031, "operatingIncome": 34000000, "operatingIncomeRatio": 0.0665101721, "totalOtherIncomeExpensesNet": -700000, "incomeBeforeTax": 23100000, "incomeBeforeTaxRatio": 0.0451877934, "incomeTaxExpense": 10700000, "netIncome": 12400000, "netIncomeRatio": 0.024256651, "eps": 0.33, "epsdiluted": 0.33, "weightedAverageShsOut": 34153846, "weightedAverageShsOutDil": 34153846, "link": "", "finalLink": "", "calculatedOtherExpenses": 18200000, "calculatedOperatingExpenses": 175100000, "calculatedNetInterest": 0, "calculatedOtherIncome": -10900000, "calculatedIncomeNonControlling": 0, "calculatedEbitda": 52200000}, {"date": "1988-12-31", "symbol": "B", "reportedCurrency": "USD", "cik": "0000009984", "fillingDate": "1988-12-31", "acceptedDate": "1988-12-30 19:00:00", "calendarYear": "1988", "period": "FY", "revenue": 496100000, "costOfRevenue": 293800000, "grossProfit": 202300000, "grossProfitRatio": 0.4077806894, "researchAndDevelopmentExpenses": 0, "generalAndAdministrativeExpenses": 141900000, "sellingAndMarketingExpenses": 0, "sellingGeneralAndAdministrativeExpenses": 141900000, "otherExpenses": 16600000, "operatingExpenses": 158500000, "costAndExpenses": 452300000, "interestIncome": 0, "interestExpense": 0, "depreciationAndAmortization": 16600000, "ebitda": 62200000, "ebitdaratio": 0.125377948, "operatingIncome": 43800000, "operatingIncomeRatio": 0.0882886515, "totalOtherIncomeExpensesNet": -1800000, "incomeBeforeTax": 33100000, "incomeBeforeTaxRatio": 0.0667204193, "incomeTaxExpense": 14300000, "netIncome": 18800000, "netIncomeRatio": 0.0378955856, "eps": 0.51, "epsdiluted": 0.51, "weightedAverageShsOut": 32745098, "weightedAverageShsOutDil": 32745098, "link": "", "finalLink": "", "calculatedOtherExpenses": 16600000, "calculatedOperatingExpenses": 158500000, "calculatedNetInterest": 0, "calculatedOtherIncome": -10700000, "calculatedIncomeNonControlling": 0, "calculatedEbitda": 60400000}, {"date": "1987-12-31", "symbol": "B", "reportedCurrency": "USD", "cik": "0000009984", "fillingDate": "1987-12-31", "acceptedDate": "1987-12-30 19:00:00", "calendarYear": "1987", "period": "FY", "revenue": 458000000, "costOfRevenue": 264200000, "grossProfit": 193800000, "grossProfitRatio": 0.4231441048, "researchAndDevelopmentExpenses": 0, "generalAndAdministrativeExpenses": 133200000, "sellingAndMarketingExpenses": 0, "sellingGeneralAndAdministrativeExpenses": 133200000, "otherExpenses": 15500000, "operatingExpenses": 148700000, "costAndExpenses": 412900000, "interestIncome": 0, "interestExpense": 0, "depreciationAndAmortization": 15500000, "ebitda": 65200000, "ebitdaratio": 0.1423580786, "operatingIncome": 45100000, "operatingIncomeRatio": 0.0984716157, "totalOtherIncomeExpensesNet": -4600000, "incomeBeforeTax": 34500000, "incomeBeforeTaxRatio": 0.0753275109, "incomeTaxExpense": 16700000, "netIncome": 17800000, "netIncomeRatio": 0.0388646288, "eps": 0.47, "epsdiluted": 0.47, "weightedAverageShsOut": 38064516, "weightedAverageShsOutDil": 38064516, "link": "", "finalLink": "", "calculatedOtherExpenses": 15500000, "calculatedOperatingExpenses": 148700000, "calculatedNetInterest": 0, "calculatedOtherIncome": -10600000, "calculatedIncomeNonControlling": 0, "calculatedEbitda": 60600000}, {"date": "1986-12-31", "symbol": "B", "reportedCurrency": "USD", "cik": "0000009984", "fillingDate": "1986-12-31", "acceptedDate": "1986-12-30 19:00:00", "calendarYear": "1986", "period": "FY", "revenue": 439700000, "costOfRevenue": 254600000, "grossProfit": 185100000, "grossProfitRatio": 0.4209688424, "researchAndDevelopmentExpenses": 0, "generalAndAdministrativeExpenses": 127600000, "sellingAndMarketingExpenses": 0, "sellingGeneralAndAdministrativeExpenses": 127600000, "otherExpenses": 14500000, "operatingExpenses": 142100000, "costAndExpenses": 396700000, "interestIncome": 0, "interestExpense": 0, "depreciationAndAmortization": 14500000, "ebitda": 58300000, "ebitdaratio": 0.1325904025, "operatingIncome": 43000000, "operatingIncomeRatio": 0.0977939504, "totalOtherIncomeExpensesNet": -800000, "incomeBeforeTax": 35300000, "incomeBeforeTaxRatio": 0.0802820105, "incomeTaxExpense": 18700000, "netIncome": 16600000, "netIncomeRatio": 0.0377530134, "eps": 0.43, "epsdiluted": 0.43, "weightedAverageShsOut": 38604651, "weightedAverageShsOutDil": 38604651, "link": "", "finalLink": "", "calculatedOtherExpenses": 14500000, "calculatedOperatingExpenses": 142100000, "calculatedNetInterest": 0, "calculatedOtherIncome": -7700000, "calculatedIncomeNonControlling": 0, "calculatedEbitda": 57500000}, {"date": "1985-12-31", "symbol": "B", "reportedCurrency": "USD", "cik": "0000009984", "fillingDate": "1985-12-31", "acceptedDate": "1985-12-30 19:00:00", "calendarYear": "1985", "period": "FY", "revenue": 431800000, "costOfRevenue": 251800000, "grossProfit": 180000000, "grossProfitRatio": 0.4168596572, "researchAndDevelopmentExpenses": 0, "generalAndAdministrativeExpenses": 125700000, "sellingAndMarketingExpenses": 0, "sellingGeneralAndAdministrativeExpenses": 125700000, "otherExpenses": 13500000, "operatingExpenses": 139200000, "costAndExpenses": 391000000, "interestIncome": 0, "interestExpense": 0, "depreciationAndAmortization": 13500000, "ebitda": 54600000, "ebitdaratio": 0.1264474294, "operatingIncome": 40800000, "operatingIncomeRatio": 0.094488189, "totalOtherIncomeExpensesNet": -300000, "incomeBeforeTax": 33600000, "incomeBeforeTaxRatio": 0.0778138027, "incomeTaxExpense": 17200000, "netIncome": 12100000, "netIncomeRatio": 0.0280222325, "eps": 0.28, "epsdiluted": 0.28, "weightedAverageShsOut": 43214286, "weightedAverageShsOutDil": 43214286, "link": "", "finalLink": "", "calculatedOtherExpenses": 13500000, "calculatedOperatingExpenses": 139200000, "calculatedNetInterest": 0, "calculatedOtherIncome": -7200000, "calculatedIncomeNonControlling": 4300000, "calculatedEbitda": 54300000}]}