{"originalCurrency": "USD", "convertedCurrency": "USD", "report": [{"date": "2023-12-31", "symbol": "BA", "reportedCurrency": "USD", "cik": "0000012927", "fillingDate": "2024-01-31", "acceptedDate": "2024-01-31 12:45:19", "calendarYear": "2023", "period": "FY", "revenue": 77794000000, "costOfRevenue": 70070000000, "grossProfit": 7724000000, "grossProfitRatio": 0.0992878628, "researchAndDevelopmentExpenses": 3377000000, "generalAndAdministrativeExpenses": 5168000000, "sellingAndMarketingExpenses": 0, "sellingGeneralAndAdministrativeExpenses": 5168000000, "otherExpenses": 1227000000, "operatingExpenses": 8545000000, "costAndExpenses": 78615000000, "interestIncome": 0, "interestExpense": 2459000000, "depreciationAndAmortization": 1861000000, "ebitda": 2267000000, "ebitdaratio": 0.0291410649, "operatingIncome": -773000000, "operatingIncomeRatio": -0.009936499, "totalOtherIncomeExpensesNet": 1275000000, "incomeBeforeTax": -2005000000, "incomeBeforeTaxRatio": -0.0257731959, "incomeTaxExpense": 237000000, "netIncome": -2222000000, "netIncomeRatio": -0.0285626141, "eps": -3.67, "epsdiluted": -3.67, "weightedAverageShsOut": 605800000, "weightedAverageShsOutDil": 605800000, "link": "https://www.sec.gov/Archives/edgar/data/12927/000001292724000010/0000012927-24-000010-index.htm", "finalLink": "https://www.sec.gov/Archives/edgar/data/12927/000001292724000010/ba-20231231.htm", "calculatedOtherExpenses": -48000000, "calculatedOperatingExpenses": 8497000000, "calculatedNetInterest": -2459000000, "calculatedOtherIncome": 1227000000, "calculatedIncomeNonControlling": -20000000, "calculatedEbitda": 1088000000}, {"date": "2022-12-31", "symbol": "BA", "reportedCurrency": "USD", "cik": "0000012927", "fillingDate": "2023-01-27", "acceptedDate": "2023-01-27 14:26:33", "calendarYear": "2022", "period": "FY", "revenue": 66608000000, "costOfRevenue": 63106000000, "grossProfit": 3502000000, "grossProfitRatio": 0.0525762671, "researchAndDevelopmentExpenses": 2852000000, "generalAndAdministrativeExpenses": 4187000000, "sellingAndMarketingExpenses": 0, "sellingGeneralAndAdministrativeExpenses": 4187000000, "otherExpenses": 1058000000, "operatingExpenses": 7039000000, "costAndExpenses": 70145000000, "interestIncome": 2533000000, "interestExpense": 2533000000, "depreciationAndAmortization": 3037000000, "ebitda": -500000000, "ebitdaratio": -0.0075066058, "operatingIncome": -3537000000, "operatingIncomeRatio": -0.0531017295, "totalOtherIncomeExpensesNet": -1485000000, "incomeBeforeTax": -5022000000, "incomeBeforeTaxRatio": -0.0753963488, "incomeTaxExpense": 31000000, "netIncome": -5053000000, "netIncomeRatio": -0.0758617583, "eps": -8.49, "epsdiluted": -8.49, "weightedAverageShsOut": 594900000, "weightedAverageShsOutDil": 594900000, "link": "https://www.sec.gov/Archives/edgar/data/12927/000001292723000007/0000012927-23-000007-index.htm", "finalLink": "https://www.sec.gov/Archives/edgar/data/12927/000001292723000007/ba-20221231.htm", "calculatedOtherExpenses": 0, "calculatedOperatingExpenses": 7039000000, "calculatedNetInterest": 0, "calculatedOtherIncome": -1485000000, "calculatedIncomeNonControlling": 0, "calculatedEbitda": -500000000}, {"date": "2021-12-31", "symbol": "BA", "reportedCurrency": "USD", "cik": "0000012927", "fillingDate": "2022-01-31", "acceptedDate": "2022-01-31 10:33:32", "calendarYear": "2021", "period": "FY", "revenue": 62286000000, "costOfRevenue": 59269000000, "grossProfit": 3017000000, "grossProfitRatio": 0.0484378512, "researchAndDevelopmentExpenses": 2249000000, "generalAndAdministrativeExpenses": 4157000000, "sellingAndMarketingExpenses": 0, "sellingGeneralAndAdministrativeExpenses": 4157000000, "otherExpenses": 551000000, "operatingExpenses": 6406000000, "costAndExpenses": 65675000000, "interestIncome": 2472000000, "interestExpense": 2682000000, "depreciationAndAmortization": 2695000000, "ebitda": -694000000, "ebitdaratio": -0.0111421507, "operatingIncome": -3389000000, "operatingIncomeRatio": -0.0544103009, "totalOtherIncomeExpensesNet": -1644000000, "incomeBeforeTax": -5033000000, "incomeBeforeTaxRatio": -0.0808046752, "incomeTaxExpense": -743000000, "netIncome": -4290000000, "netIncomeRatio": -0.0688758308, "eps": -7.3, "epsdiluted": -7.3, "weightedAverageShsOut": 587600000, "weightedAverageShsOutDil": 587600000, "link": "https://www.sec.gov/Archives/edgar/data/12927/000001292722000010/0000012927-22-000010-index.htm", "finalLink": "https://www.sec.gov/Archives/edgar/data/12927/000001292722000010/ba-20211231.htm", "calculatedOtherExpenses": 0, "calculatedOperatingExpenses": 6406000000, "calculatedNetInterest": -210000000, "calculatedOtherIncome": -1434000000, "calculatedIncomeNonControlling": 0, "calculatedEbitda": -694000000}, {"date": "2020-12-31", "symbol": "BA", "reportedCurrency": "USD", "cik": "0000012927", "fillingDate": "2021-02-01", "acceptedDate": "2021-02-01 14:20:17", "calendarYear": "2020", "period": "FY", "revenue": 58158000000, "costOfRevenue": 63843000000, "grossProfit": -5685000000, "grossProfitRatio": -0.0977509543, "researchAndDevelopmentExpenses": 2476000000, "generalAndAdministrativeExpenses": 4817000000, "sellingAndMarketingExpenses": 0, "sellingGeneralAndAdministrativeExpenses": 4817000000, "otherExpenses": 447000000, "operatingExpenses": 7293000000, "costAndExpenses": 71136000000, "interestIncome": 2147000000, "interestExpense": 2156000000, "depreciationAndAmortization": 2482000000, "ebitda": -10285000000, "ebitdaratio": -0.1768458338, "operatingIncome": -12767000000, "operatingIncomeRatio": -0.2195226796, "totalOtherIncomeExpensesNet": -1709000000, "incomeBeforeTax": -14476000000, "incomeBeforeTaxRatio": -0.2489081468, "incomeTaxExpense": -2535000000, "netIncome": -11941000000, "netIncomeRatio": -0.2053199904, "eps": -21, "epsdiluted": -21, "weightedAverageShsOut": 568600000, "weightedAverageShsOutDil": 568600000, "link": "https://www.sec.gov/Archives/edgar/data/12927/000001292721000011/0000012927-21-000011-index.htm", "finalLink": "https://www.sec.gov/Archives/edgar/data/12927/000001292721000011/ba-20201231.htm", "calculatedOtherExpenses": -211000000, "calculatedOperatingExpenses": 7082000000, "calculatedNetInterest": -9000000, "calculatedOtherIncome": -1700000000, "calculatedIncomeNonControlling": 0, "calculatedEbitda": -10285000000}, {"date": "2019-12-31", "symbol": "BA", "reportedCurrency": "USD", "cik": "0000012927", "fillingDate": "2020-01-31", "acceptedDate": "2020-01-31 13:23:40", "calendarYear": "2019", "period": "FY", "revenue": 76559000000, "costOfRevenue": 72093000000, "grossProfit": 4466000000, "grossProfitRatio": 0.0583340953, "researchAndDevelopmentExpenses": 3219000000, "generalAndAdministrativeExpenses": 3909000000, "sellingAndMarketingExpenses": 0, "sellingGeneralAndAdministrativeExpenses": 3909000000, "otherExpenses": 438000000, "operatingExpenses": 7128000000, "costAndExpenses": 79221000000, "interestIncome": 722000000, "interestExpense": 722000000, "depreciationAndAmortization": 2271000000, "ebitda": 47000000, "ebitdaratio": 0.0006139056, "operatingIncome": -2224000000, "operatingIncomeRatio": -0.0290494912, "totalOtherIncomeExpensesNet": -35000000, "incomeBeforeTax": -2259000000, "incomeBeforeTaxRatio": -0.029506655, "incomeTaxExpense": -1623000000, "netIncome": -636000000, "netIncomeRatio": -0.0083073185, "eps": -1.12, "epsdiluted": -1.12, "weightedAverageShsOut": 565400000, "weightedAverageShsOutDil": 565400000, "link": "https://www.sec.gov/Archives/edgar/data/12927/000001292720000014/0000012927-20-000014-index.htm", "finalLink": "https://www.sec.gov/Archives/edgar/data/12927/000001292720000014/a201912dec3110k.htm", "calculatedOtherExpenses": -438000000, "calculatedOperatingExpenses": 6690000000, "calculatedNetInterest": 0, "calculatedOtherIncome": -35000000, "calculatedIncomeNonControlling": 0, "calculatedEbitda": 47000000}, {"date": "2018-12-31", "symbol": "BA", "reportedCurrency": "USD", "cik": "0000012927", "fillingDate": "2019-02-08", "acceptedDate": "2019-02-08 13:10:39", "calendarYear": "2018", "period": "FY", "revenue": 101127000000, "costOfRevenue": 81490000000, "grossProfit": 19637000000, "grossProfitRatio": 0.1941815737, "researchAndDevelopmentExpenses": 3269000000, "generalAndAdministrativeExpenses": 4567000000, "sellingAndMarketingExpenses": 0, "sellingGeneralAndAdministrativeExpenses": 4567000000, "otherExpenses": 92000000, "operatingExpenses": 7836000000, "costAndExpenses": 89326000000, "interestIncome": 0, "interestExpense": 475000000, "depreciationAndAmortization": 2114000000, "ebitda": 14007000000, "ebitdaratio": 0.1385090035, "operatingIncome": 11987000000, "operatingIncomeRatio": 0.1185341205, "totalOtherIncomeExpensesNet": 278000000, "incomeBeforeTax": 11604000000, "incomeBeforeTaxRatio": 0.1147468035, "incomeTaxExpense": 1144000000, "netIncome": 10460000000, "netIncomeRatio": 0.1034342955, "eps": 18.05, "epsdiluted": 17.84, "weightedAverageShsOut": 579501385, "weightedAverageShsOutDil": 586200000, "link": "https://www.sec.gov/Archives/edgar/data/12927/000001292719000010/0000012927-19-000010-index.htm", "finalLink": "https://www.sec.gov/Archives/edgar/data/12927/000001292719000010/a201812dec3110k.htm", "calculatedOtherExpenses": -186000000, "calculatedOperatingExpenses": 7650000000, "calculatedNetInterest": -475000000, "calculatedOtherIncome": 92000000, "calculatedIncomeNonControlling": 0, "calculatedEbitda": 14101000000}, {"date": "2017-12-31", "symbol": "BA", "reportedCurrency": "USD", "cik": "0000012927", "fillingDate": "2018-02-12", "acceptedDate": "2018-02-12 14:31:00", "calendarYear": "2017", "period": "FY", "revenue": 93392000000, "costOfRevenue": 76066000000, "grossProfit": 17326000000, "grossProfitRatio": 0.1855191023, "researchAndDevelopmentExpenses": 3179000000, "generalAndAdministrativeExpenses": 4094000000, "sellingAndMarketingExpenses": 0, "sellingGeneralAndAdministrativeExpenses": 4094000000, "otherExpenses": 129000000, "operatingExpenses": 7273000000, "costAndExpenses": 83339000000, "interestIncome": 0, "interestExpense": 360000000, "depreciationAndAmortization": 2069000000, "ebitda": 12251000000, "ebitdaratio": 0.1311782594, "operatingIncome": 10278000000, "operatingIncomeRatio": 0.1100522529, "totalOtherIncomeExpensesNet": 354000000, "incomeBeforeTax": 10047000000, "incomeBeforeTaxRatio": 0.1075788076, "incomeTaxExpense": 1850000000, "netIncome": 8197000000, "netIncomeRatio": 0.0877698304, "eps": 13.6, "epsdiluted": 13.43, "weightedAverageShsOut": 602720588, "weightedAverageShsOutDil": 610700000, "link": "https://www.sec.gov/Archives/edgar/data/12927/000001292718000007/0000012927-18-000007-index.htm", "finalLink": "https://www.sec.gov/Archives/edgar/data/12927/000001292718000007/a201712dec3110k.htm", "calculatedOtherExpenses": -225000000, "calculatedOperatingExpenses": 7048000000, "calculatedNetInterest": -360000000, "calculatedOtherIncome": 129000000, "calculatedIncomeNonControlling": 0, "calculatedEbitda": 12347000000}, {"date": "2016-12-31", "symbol": "BA", "reportedCurrency": "USD", "cik": "0000012927", "fillingDate": "2017-02-08", "acceptedDate": "2017-02-08 15:37:44", "calendarYear": "2016", "period": "FY", "revenue": 94571000000, "costOfRevenue": 80790000000, "grossProfit": 13781000000, "grossProfitRatio": 0.1457212042, "researchAndDevelopmentExpenses": 4627000000, "generalAndAdministrativeExpenses": 3616000000, "sellingAndMarketingExpenses": 0, "sellingGeneralAndAdministrativeExpenses": 3616000000, "otherExpenses": 40000000, "operatingExpenses": 8243000000, "costAndExpenses": 89033000000, "interestIncome": 0, "interestExpense": 306000000, "depreciationAndAmortization": 1910000000, "ebitda": 7488000000, "ebitdaratio": 0.0791786065, "operatingIncome": 5834000000, "operatingIncomeRatio": 0.0616891013, "totalOtherIncomeExpensesNet": 336000000, "incomeBeforeTax": 5568000000, "incomeBeforeTaxRatio": 0.0588763997, "incomeTaxExpense": 673000000, "netIncome": 4895000000, "netIncomeRatio": 0.0517600533, "eps": 7.7, "epsdiluted": 7.61, "weightedAverageShsOut": 635714286, "weightedAverageShsOutDil": 643800000, "link": "https://www.sec.gov/Archives/edgar/data/12927/000001292717000006/0000012927-17-000006-index.htm", "finalLink": "https://www.sec.gov/Archives/edgar/data/12927/000001292717000006/a201612dec3110k.htm", "calculatedOtherExpenses": -296000000, "calculatedOperatingExpenses": 7947000000, "calculatedNetInterest": -306000000, "calculatedOtherIncome": 40000000, "calculatedIncomeNonControlling": 0, "calculatedEbitda": 7744000000}, {"date": "2015-12-31", "symbol": "BA", "reportedCurrency": "USD", "cik": "0000012927", "fillingDate": "2016-02-10", "acceptedDate": "2016-02-10 10:57:34", "calendarYear": "2015", "period": "FY", "revenue": 96114000000, "costOfRevenue": 82088000000, "grossProfit": 14026000000, "grossProfitRatio": 0.1459308738, "researchAndDevelopmentExpenses": 3331000000, "generalAndAdministrativeExpenses": 3525000000, "sellingAndMarketingExpenses": 0, "sellingGeneralAndAdministrativeExpenses": 3525000000, "otherExpenses": -13000000, "operatingExpenses": 6856000000, "costAndExpenses": 88944000000, "interestIncome": 0, "interestExpense": 275000000, "depreciationAndAmortization": 1833000000, "ebitda": 8990000000, "ebitdaratio": 0.0935347608, "operatingIncome": 7443000000, "operatingIncomeRatio": 0.0774392908, "totalOtherIncomeExpensesNet": 260000000, "incomeBeforeTax": 7155000000, "incomeBeforeTaxRatio": 0.0744428491, "incomeTaxExpense": 1979000000, "netIncome": 5176000000, "netIncomeRatio": 0.0538527166, "eps": 7.52, "epsdiluted": 7.44, "weightedAverageShsOut": 688297872, "weightedAverageShsOutDil": 696100000, "link": "https://www.sec.gov/Archives/edgar/data/12927/000001292716000099/0000012927-16-000099-index.htm", "finalLink": "https://www.sec.gov/Archives/edgar/data/12927/000001292716000099/a201512dec3110k.htm", "calculatedOtherExpenses": -273000000, "calculatedOperatingExpenses": 6583000000, "calculatedNetInterest": -275000000, "calculatedOtherIncome": -13000000, "calculatedIncomeNonControlling": 0, "calculatedEbitda": 9276000000}, {"date": "2014-12-31", "symbol": "BA", "reportedCurrency": "USD", "cik": "0000012927", "fillingDate": "2015-02-12", "acceptedDate": "2015-02-12 15:32:40", "calendarYear": "2014", "period": "FY", "revenue": 90762000000, "costOfRevenue": 76752000000, "grossProfit": 14010000000, "grossProfitRatio": 0.1543597541, "researchAndDevelopmentExpenses": 3047000000, "generalAndAdministrativeExpenses": 3767000000, "sellingAndMarketingExpenses": 0, "sellingGeneralAndAdministrativeExpenses": 3767000000, "otherExpenses": -3000000, "operatingExpenses": 6814000000, "costAndExpenses": 83566000000, "interestIncome": 0, "interestExpense": 333000000, "depreciationAndAmortization": 1906000000, "ebitda": 9099000000, "ebitdaratio": 0.1002512065, "operatingIncome": 7473000000, "operatingIncomeRatio": 0.08233622, "totalOtherIncomeExpensesNet": 274000000, "incomeBeforeTax": 7137000000, "incomeBeforeTaxRatio": 0.0786342302, "incomeTaxExpense": 1691000000, "netIncome": 5446000000, "netIncomeRatio": 0.060003085, "eps": 7.47, "epsdiluted": 7.38, "weightedAverageShsOut": 729049531, "weightedAverageShsOutDil": 738000000, "link": "https://www.sec.gov/Archives/edgar/data/12927/000001292715000011/0000012927-15-000011-index.htm", "finalLink": "https://www.sec.gov/Archives/edgar/data/12927/000001292715000011/a201412dec3110k.htm", "calculatedOtherExpenses": -277000000, "calculatedOperatingExpenses": 6537000000, "calculatedNetInterest": -333000000, "calculatedOtherIncome": -3000000, "calculatedIncomeNonControlling": 0, "calculatedEbitda": 9379000000}, {"date": "2013-12-31", "symbol": "BA", "reportedCurrency": "USD", "cik": "0000012927", "fillingDate": "2014-02-14", "acceptedDate": "2014-02-14 12:00:10", "calendarYear": "2013", "period": "FY", "revenue": 86623000000, "costOfRevenue": 73268000000, "grossProfit": 13355000000, "grossProfitRatio": 0.1541738337, "researchAndDevelopmentExpenses": 3071000000, "generalAndAdministrativeExpenses": 3956000000, "sellingAndMarketingExpenses": 0, "sellingGeneralAndAdministrativeExpenses": 3956000000, "otherExpenses": 56000000, "operatingExpenses": 7027000000, "costAndExpenses": 80295000000, "interestIncome": 0, "interestExpense": 386000000, "depreciationAndAmortization": 1844000000, "ebitda": 8228000000, "ebitdaratio": 0.09498632, "operatingIncome": 6562000000, "operatingIncomeRatio": 0.0757535528, "totalOtherIncomeExpensesNet": 290000000, "incomeBeforeTax": 6232000000, "incomeBeforeTaxRatio": 0.071943941, "incomeTaxExpense": 1646000000, "netIncome": 4585000000, "netIncomeRatio": 0.052930515, "eps": 6.03, "epsdiluted": 5.96, "weightedAverageShsOut": 760364842, "weightedAverageShsOutDil": 769500000, "link": "https://www.sec.gov/Archives/edgar/data/12927/000001292714000004/0000012927-14-000004-index.htm", "finalLink": "https://www.sec.gov/Archives/edgar/data/12927/000001292714000004/a201312dec3110k.htm", "calculatedOtherExpenses": -234000000, "calculatedOperatingExpenses": 6793000000, "calculatedNetInterest": -386000000, "calculatedOtherIncome": 56000000, "calculatedIncomeNonControlling": 1000000, "calculatedEbitda": 8406000000}, {"date": "2012-12-31", "symbol": "BA", "reportedCurrency": "USD", "cik": "0000012927", "fillingDate": "2013-02-11", "acceptedDate": "2013-02-11 12:50:46", "calendarYear": "2012", "period": "FY", "revenue": 81698000000, "costOfRevenue": 68644000000, "grossProfit": 13054000000, "grossProfitRatio": 0.1597835932, "researchAndDevelopmentExpenses": 3298000000, "generalAndAdministrativeExpenses": 3717000000, "sellingAndMarketingExpenses": 0, "sellingGeneralAndAdministrativeExpenses": 3717000000, "otherExpenses": 62000000, "operatingExpenses": 7015000000, "costAndExpenses": 75659000000, "interestIncome": 0, "interestExpense": 463000000, "depreciationAndAmortization": 1811000000, "ebitda": 7912000000, "ebitdaratio": 0.096844476, "operatingIncome": 6311000000, "operatingIncomeRatio": 0.077247913, "totalOtherIncomeExpensesNet": 334000000, "incomeBeforeTax": 5910000000, "incomeBeforeTaxRatio": 0.0723395922, "incomeTaxExpense": 2007000000, "netIncome": 3900000000, "netIncomeRatio": 0.0477367867, "eps": 5.15, "epsdiluted": 5.11, "weightedAverageShsOut": 757281553, "weightedAverageShsOutDil": 763800000, "link": "https://www.sec.gov/Archives/edgar/data/12927/000001292713000014/0000012927-13-000014-index.htm", "finalLink": "https://www.sec.gov/Archives/edgar/data/12927/000001292713000014/a201212dec3110k.htm", "calculatedOtherExpenses": -272000000, "calculatedOperatingExpenses": 6743000000, "calculatedNetInterest": -463000000, "calculatedOtherIncome": 62000000, "calculatedIncomeNonControlling": 3000000, "calculatedEbitda": 8122000000}, {"date": "2011-12-31", "symbol": "BA", "reportedCurrency": "USD", "cik": "0000012927", "fillingDate": "2012-02-09", "acceptedDate": "2012-02-09 12:37:00", "calendarYear": "2011", "period": "FY", "revenue": 68735000000, "costOfRevenue": 55867000000, "grossProfit": 12868000000, "grossProfitRatio": 0.1872117553, "researchAndDevelopmentExpenses": 3918000000, "generalAndAdministrativeExpenses": 0, "sellingAndMarketingExpenses": 0, "sellingGeneralAndAdministrativeExpenses": 3408000000, "otherExpenses": -278000000, "operatingExpenses": 7048000000, "costAndExpenses": 62915000000, "interestIncome": 0, "interestExpense": 498000000, "depreciationAndAmortization": 1660000000, "ebitda": 7480000000, "ebitdaratio": 0.1088237434, "operatingIncome": 5844000000, "operatingIncomeRatio": 0.0850221867, "totalOtherIncomeExpensesNet": 71000000, "incomeBeforeTax": 5393000000, "incomeBeforeTaxRatio": 0.0784607551, "incomeTaxExpense": 1382000000, "netIncome": 4018000000, "netIncomeRatio": 0.0584563905, "eps": 5.39, "epsdiluted": 5.34, "weightedAverageShsOut": 745454545, "weightedAverageShsOutDil": 753100000, "link": "https://www.sec.gov/Archives/edgar/data/12927/000119312512048565/0001193125-12-048565-index.htm", "finalLink": "https://www.sec.gov/Archives/edgar/data/12927/000119312512048565/d255574d10k.htm", "calculatedOtherExpenses": -302000000, "calculatedOperatingExpenses": 7024000000, "calculatedNetInterest": -498000000, "calculatedOtherIncome": 47000000, "calculatedIncomeNonControlling": -7000000, "calculatedEbitda": 7504000000}, {"date": "2010-12-31", "symbol": "BA", "reportedCurrency": "USD", "cik": "0000012927", "fillingDate": "2011-02-09", "acceptedDate": "2011-02-09 11:31:43", "calendarYear": "2010", "period": "FY", "revenue": 64306000000, "costOfRevenue": 51843000000, "grossProfit": 12463000000, "grossProfitRatio": 0.1938077318, "researchAndDevelopmentExpenses": 4121000000, "generalAndAdministrativeExpenses": 0, "sellingAndMarketingExpenses": 0, "sellingGeneralAndAdministrativeExpenses": 3644000000, "otherExpenses": -267000000, "operatingExpenses": 7492000000, "costAndExpenses": 59335000000, "interestIncome": 0, "interestExpense": 516000000, "depreciationAndAmortization": 1727000000, "ebitda": 6698000000, "ebitdaratio": 0.1041582434, "operatingIncome": 4971000000, "operatingIncomeRatio": 0.0773022735, "totalOtherIncomeExpensesNet": 52000000, "incomeBeforeTax": 4507000000, "incomeBeforeTaxRatio": 0.0700867726, "incomeTaxExpense": 1196000000, "netIncome": 3307000000, "netIncomeRatio": 0.0514259945, "eps": 4.49, "epsdiluted": 4.45, "weightedAverageShsOut": 744300000, "weightedAverageShsOutDil": 744300000, "link": "https://www.sec.gov/Archives/edgar/data/12927/000119312511028490/0001193125-11-028490-index.htm", "finalLink": "https://www.sec.gov/Archives/edgar/data/12927/000119312511028490/d10k.htm", "calculatedOtherExpenses": -273000000, "calculatedOperatingExpenses": 7492000000, "calculatedNetInterest": -516000000, "calculatedOtherIncome": 52000000, "calculatedIncomeNonControlling": 4000000, "calculatedEbitda": 6698000000}, {"date": "2009-12-31", "symbol": "BA", "reportedCurrency": "USD", "cik": "0000012927", "fillingDate": "2010-02-08", "acceptedDate": "2010-02-08 16:28:55", "calendarYear": "2009", "period": "FY", "revenue": 68281000000, "costOfRevenue": 56540000000, "grossProfit": 11741000000, "grossProfitRatio": 0.1719512017, "researchAndDevelopmentExpenses": 6506000000, "generalAndAdministrativeExpenses": 0, "sellingAndMarketingExpenses": 0, "sellingGeneralAndAdministrativeExpenses": 3364000000, "otherExpenses": -249000000, "operatingExpenses": 9645000000, "costAndExpenses": 66185000000, "interestIncome": 0, "interestExpense": 339000000, "depreciationAndAmortization": 1666000000, "ebitda": 3762000000, "ebitdaratio": 0.0550958539, "operatingIncome": 2096000000, "operatingIncomeRatio": 0.0306966799, "totalOtherIncomeExpensesNet": -26000000, "incomeBeforeTax": 1731000000, "incomeBeforeTaxRatio": 0.0253511226, "incomeTaxExpense": 396000000, "netIncome": 1312000000, "netIncomeRatio": 0.0192147157, "eps": 1.86, "epsdiluted": 1.84, "weightedAverageShsOut": 705376344, "weightedAverageShsOutDil": 713400000, "link": "https://www.sec.gov/Archives/edgar/data/12927/000119312510024406/0001193125-10-024406-index.htm", "finalLink": "https://www.sec.gov/Archives/edgar/data/12927/000119312510024406/d10k.htm", "calculatedOtherExpenses": -225000000, "calculatedOperatingExpenses": 9645000000, "calculatedNetInterest": -339000000, "calculatedOtherIncome": -26000000, "calculatedIncomeNonControlling": 23000000, "calculatedEbitda": 3762000000}, {"date": "2008-12-31", "symbol": "BA", "reportedCurrency": "USD", "cik": "0000012927", "fillingDate": "2009-02-09", "acceptedDate": "2009-02-09 17:10:11", "calendarYear": "2008", "period": "FY", "revenue": 60909000000, "costOfRevenue": 50352000000, "grossProfit": 10557000000, "grossProfitRatio": 0.1733241393, "researchAndDevelopmentExpenses": 3768000000, "generalAndAdministrativeExpenses": 0, "sellingAndMarketingExpenses": 0, "sellingGeneralAndAdministrativeExpenses": 3084000000, "otherExpenses": -241000000, "operatingExpenses": 6611000000, "costAndExpenses": 56963000000, "interestIncome": 0, "interestExpense": 202000000, "depreciationAndAmortization": 1491000000, "ebitda": 5437000000, "ebitdaratio": 0.0892643123, "operatingIncome": 3950000000, "operatingIncomeRatio": 0.0648508431, "totalOtherIncomeExpensesNet": 251000000, "incomeBeforeTax": 3995000000, "incomeBeforeTaxRatio": 0.0655896501, "incomeTaxExpense": 1341000000, "netIncome": 2672000000, "netIncomeRatio": 0.0438687222, "eps": 3.7, "epsdiluted": 3.67, "weightedAverageShsOut": 722800000, "weightedAverageShsOutDil": 729000000, "link": "https://www.sec.gov/Archives/edgar/data/12927/000119312509022654/0001193125-09-022654-index.htm", "finalLink": "https://www.sec.gov/Archives/edgar/data/12927/000119312509022654/d10k.htm", "calculatedOtherExpenses": -245000000, "calculatedOperatingExpenses": 6607000000, "calculatedNetInterest": -202000000, "calculatedOtherIncome": 247000000, "calculatedIncomeNonControlling": -18000000, "calculatedEbitda": 5441000000}, {"date": "2007-12-31", "symbol": "BA", "reportedCurrency": "USD", "cik": "0000012927", "fillingDate": "2008-02-15", "acceptedDate": "2008-02-15 13:37:09", "calendarYear": "2007", "period": "FY", "revenue": 66387000000, "costOfRevenue": 53402000000, "grossProfit": 12985000000, "grossProfitRatio": 0.1955955232, "researchAndDevelopmentExpenses": 3850000000, "generalAndAdministrativeExpenses": 0, "sellingAndMarketingExpenses": 0, "sellingGeneralAndAdministrativeExpenses": 3531000000, "otherExpenses": -188000000, "operatingExpenses": 7193000000, "costAndExpenses": 60595000000, "interestIncome": 0, "interestExpense": 196000000, "depreciationAndAmortization": 1486000000, "ebitda": 7278000000, "ebitdaratio": 0.1096298974, "operatingIncome": 5830000000, "operatingIncomeRatio": 0.0878183982, "totalOtherIncomeExpensesNet": 522000000, "incomeBeforeTax": 6118000000, "incomeBeforeTaxRatio": 0.0921565969, "incomeTaxExpense": 2060000000, "netIncome": 4074000000, "netIncomeRatio": 0.0613674364, "eps": 5.38, "epsdiluted": 5.28, "weightedAverageShsOut": 759300000, "weightedAverageShsOutDil": 772500000, "link": "https://www.sec.gov/Archives/edgar/data/12927/000119312508032328/0001193125-08-032328-index.htm", "finalLink": "https://www.sec.gov/Archives/edgar/data/12927/000119312508032328/d10k.htm", "calculatedOtherExpenses": -226000000, "calculatedOperatingExpenses": 7155000000, "calculatedNetInterest": -196000000, "calculatedOtherIncome": 484000000, "calculatedIncomeNonControlling": -16000000, "calculatedEbitda": 7316000000}, {"date": "2006-12-31", "symbol": "BA", "reportedCurrency": "USD", "cik": "0000012927", "fillingDate": "2007-02-16", "acceptedDate": "2007-02-16 14:11:00", "calendarYear": "2006", "period": "FY", "revenue": 61530000000, "costOfRevenue": 50437000000, "grossProfit": 11093000000, "grossProfitRatio": 0.1802860393, "researchAndDevelopmentExpenses": 3257000000, "generalAndAdministrativeExpenses": 0, "sellingAndMarketingExpenses": 0, "sellingGeneralAndAdministrativeExpenses": 4171000000, "otherExpenses": 571000000, "operatingExpenses": 7999000000, "costAndExpenses": 58436000000, "interestIncome": 0, "interestExpense": 240000000, "depreciationAndAmortization": 1545000000, "ebitda": 4785000000, "ebitdaratio": 0.077766943, "operatingIncome": 3014000000, "operatingIncomeRatio": 0.0489842353, "totalOtherIncomeExpensesNet": 194000000, "incomeBeforeTax": 3194000000, "incomeBeforeTaxRatio": 0.0519096376, "incomeTaxExpense": 988000000, "netIncome": 2215000000, "netIncomeRatio": 0.0359986998, "eps": 2.89, "epsdiluted": 2.85, "weightedAverageShsOut": 771000000, "weightedAverageShsOutDil": 787600000, "link": "https://www.sec.gov/Archives/edgar/data/12927/000119312507033902/0001193125-07-033902-index.htm", "finalLink": "https://www.sec.gov/Archives/edgar/data/12927/000119312507033902/d10k.htm", "calculatedOtherExpenses": 651000000, "calculatedOperatingExpenses": 8079000000, "calculatedNetInterest": -240000000, "calculatedOtherIncome": 420000000, "calculatedIncomeNonControlling": -9000000, "calculatedEbitda": 4559000000}, {"date": "2005-12-31", "symbol": "BA", "reportedCurrency": "USD", "cik": "0000012927", "fillingDate": "2006-02-28", "acceptedDate": "2006-02-28 12:47:43", "calendarYear": "2005", "period": "FY", "revenue": 54845000000, "costOfRevenue": 46208000000, "grossProfit": 8637000000, "grossProfitRatio": 0.1574801714, "researchAndDevelopmentExpenses": 2205000000, "generalAndAdministrativeExpenses": 0, "sellingAndMarketingExpenses": 0, "sellingGeneralAndAdministrativeExpenses": 4228000000, "otherExpenses": -88000000, "operatingExpenses": 6345000000, "costAndExpenses": 52553000000, "interestIncome": 0, "interestExpense": 294000000, "depreciationAndAmortization": 1503000000, "ebitda": 3795000000, "ebitdaratio": 0.0691950041, "operatingIncome": 2812000000, "operatingIncomeRatio": 0.0512717659, "totalOtherIncomeExpensesNet": 821000000, "incomeBeforeTax": 2819000000, "incomeBeforeTaxRatio": 0.0513993983, "incomeTaxExpense": 257000000, "netIncome": 2572000000, "netIncomeRatio": 0.0468957972, "eps": 3.27, "epsdiluted": 3.2, "weightedAverageShsOut": 788500000, "weightedAverageShsOutDil": 802900000, "link": "https://www.sec.gov/Archives/edgar/data/12927/000119312506040952/0001193125-06-040952-index.htm", "finalLink": "https://www.sec.gov/Archives/edgar/data/12927/000119312506040952/d10k.htm", "calculatedOtherExpenses": -608000000, "calculatedOperatingExpenses": 5825000000, "calculatedNetInterest": -294000000, "calculatedOtherIncome": 301000000, "calculatedIncomeNonControlling": -10000000, "calculatedEbitda": 4315000000}, {"date": "2004-12-31", "symbol": "BA", "reportedCurrency": "USD", "cik": "0000012927", "fillingDate": "2005-02-28", "acceptedDate": "2005-02-28 16:07:20", "calendarYear": "2004", "period": "FY", "revenue": 52457000000, "costOfRevenue": 45025000000, "grossProfit": 7432000000, "grossProfitRatio": 0.1416779457, "researchAndDevelopmentExpenses": 1879000000, "generalAndAdministrativeExpenses": 3657000000, "sellingAndMarketingExpenses": 0, "sellingGeneralAndAdministrativeExpenses": 3657000000, "otherExpenses": 0, "operatingExpenses": 5536000000, "costAndExpenses": 50561000000, "interestIncome": 0, "interestExpense": 335000000, "depreciationAndAmortization": 1509000000, "ebitda": 3496000000, "ebitdaratio": 0.0666450617, "operatingIncome": 2007000000, "operatingIncomeRatio": 0.0382599081, "totalOtherIncomeExpensesNet": 308000000, "incomeBeforeTax": 1960000000, "incomeBeforeTaxRatio": 0.0373639362, "incomeTaxExpense": 140000000, "netIncome": 1872000000, "netIncomeRatio": 0.0356863717, "eps": 2.33, "epsdiluted": 2.3, "weightedAverageShsOut": 807000000, "weightedAverageShsOutDil": 813000000, "link": "https://www.sec.gov/Archives/edgar/data/12927/000119312505038602/0001193125-05-038602-index.htm", "finalLink": "https://www.sec.gov/Archives/edgar/data/12927/000119312505038602/d10k.htm", "calculatedOtherExpenses": -111000000, "calculatedOperatingExpenses": 5425000000, "calculatedNetInterest": -335000000, "calculatedOtherIncome": 288000000, "calculatedIncomeNonControlling": -52000000, "calculatedEbitda": 3516000000}, {"date": "2003-12-31", "symbol": "BA", "reportedCurrency": "USD", "cik": "0000012927", "fillingDate": "2004-03-05", "acceptedDate": "2004-03-04 18:05:16", "calendarYear": "2003", "period": "FY", "revenue": 50485000000, "costOfRevenue": 44304000000, "grossProfit": 6181000000, "grossProfitRatio": 0.1224324057, "researchAndDevelopmentExpenses": 1651000000, "generalAndAdministrativeExpenses": 3224000000, "sellingAndMarketingExpenses": 0, "sellingGeneralAndAdministrativeExpenses": 3224000000, "otherExpenses": -49000000, "operatingExpenses": 4826000000, "costAndExpenses": 49130000000, "interestIncome": 0, "interestExpense": 358000000, "depreciationAndAmortization": 1450000000, "ebitda": 2805000000, "ebitdaratio": 0.0555610577, "operatingIncome": 449000000, "operatingIncomeRatio": 0.0088937308, "totalOtherIncomeExpensesNet": -447000000, "incomeBeforeTax": 550000000, "incomeBeforeTaxRatio": 0.010894325, "incomeTaxExpense": -168000000, "netIncome": 718000000, "netIncomeRatio": 0.0142220462, "eps": 0.9, "epsdiluted": 0.89, "weightedAverageShsOut": 805400000, "weightedAverageShsOutDil": 808900000, "link": "https://www.sec.gov/Archives/edgar/data/12927/000119312504034751/0001193125-04-034751-index.htm", "finalLink": "https://www.sec.gov/Archives/edgar/data/12927/000119312504034751/d10k.htm", "calculatedOtherExpenses": 857000000, "calculatedOperatingExpenses": 5732000000, "calculatedNetInterest": -358000000, "calculatedOtherIncome": 459000000, "calculatedIncomeNonControlling": 0, "calculatedEbitda": 1899000000}, {"date": "2002-12-31", "symbol": "BA", "reportedCurrency": "USD", "cik": "0000012927", "fillingDate": "2003-02-27", "acceptedDate": "2003-02-27 17:09:45", "calendarYear": "2002", "period": "FY", "revenue": 54069000000, "costOfRevenue": 45499000000, "grossProfit": 8570000000, "grossProfitRatio": 0.1585011744, "researchAndDevelopmentExpenses": 1639000000, "generalAndAdministrativeExpenses": 2981000000, "sellingAndMarketingExpenses": 0, "sellingGeneralAndAdministrativeExpenses": 2981000000, "otherExpenses": 38000000, "operatingExpenses": 4658000000, "costAndExpenses": 50157000000, "interestIncome": 0, "interestExpense": 730000000, "depreciationAndAmortization": 1497000000, "ebitda": 5409000000, "ebitdaratio": 0.1000388393, "operatingIncome": 3868000000, "operatingIncomeRatio": 0.0715382197, "totalOtherIncomeExpensesNet": -2000000, "incomeBeforeTax": 3180000000, "incomeBeforeTaxRatio": 0.058813738, "incomeTaxExpense": 861000000, "netIncome": 492000000, "netIncomeRatio": 0.009099484, "eps": 0.62, "epsdiluted": 0.61, "weightedAverageShsOut": 799000000, "weightedAverageShsOutDil": 808400000, "link": "https://www.sec.gov/Archives/edgar/data/12927/000001292703000005/0000012927-03-000005-index.htm", "finalLink": "https://www.sec.gov/Archives/edgar/data/12927/000001292703000005/boeing10k_123102.htm", "calculatedOtherExpenses": 82000000, "calculatedOperatingExpenses": 4702000000, "calculatedNetInterest": -730000000, "calculatedOtherIncome": 42000000, "calculatedIncomeNonControlling": 1827000000, "calculatedEbitda": 5365000000}, {"date": "2001-12-31", "symbol": "BA", "reportedCurrency": "USD", "cik": "0000012927", "fillingDate": "2002-03-08", "acceptedDate": "2002-03-08 00:00:00", "calendarYear": "2001", "period": "FY", "revenue": 58198000000, "costOfRevenue": 48778000000, "grossProfit": 9420000000, "grossProfitRatio": 0.1618612323, "researchAndDevelopmentExpenses": 1936000000, "generalAndAdministrativeExpenses": 2767000000, "sellingAndMarketingExpenses": 0, "sellingGeneralAndAdministrativeExpenses": 2767000000, "otherExpenses": -135000000, "operatingExpenses": 4568000000, "costAndExpenses": 53346000000, "interestIncome": 0, "interestExpense": 650000000, "depreciationAndAmortization": 1750000000, "ebitda": 6602000000, "ebitdaratio": 0.1134403244, "operatingIncome": 3896000000, "operatingIncomeRatio": 0.0669438812, "totalOtherIncomeExpensesNet": -638000000, "incomeBeforeTax": 3564000000, "incomeBeforeTaxRatio": 0.0612392178, "incomeTaxExpense": 738000000, "netIncome": 2827000000, "netIncomeRatio": 0.0485755524, "eps": 3.46, "epsdiluted": 3.41, "weightedAverageShsOut": 816200000, "weightedAverageShsOutDil": 829300000, "link": "https://www.sec.gov/Archives/edgar/data/12927/000001292702000005/0000012927-02-000005-index.htm", "finalLink": "https://www.sec.gov/Archives/edgar/data/12927/000001292702000005/k2001doc.txt", "calculatedOtherExpenses": 821000000, "calculatedOperatingExpenses": 5524000000, "calculatedNetInterest": -650000000, "calculatedOtherIncome": 318000000, "calculatedIncomeNonControlling": -1000000, "calculatedEbitda": 5646000000}, {"date": "2000-12-31", "symbol": "BA", "reportedCurrency": "USD", "cik": "0000012927", "fillingDate": "2001-03-09", "acceptedDate": "2001-03-09 00:00:00", "calendarYear": "2000", "period": "FY", "revenue": 51321000000, "costOfRevenue": 43712000000, "grossProfit": 7609000000, "grossProfitRatio": 0.1482628943, "researchAndDevelopmentExpenses": 1441000000, "generalAndAdministrativeExpenses": 2651000000, "sellingAndMarketingExpenses": 0, "sellingGeneralAndAdministrativeExpenses": 2651000000, "otherExpenses": -98000000, "operatingExpenses": 3994000000, "costAndExpenses": 47706000000, "interestIncome": 0, "interestExpense": 0, "depreciationAndAmortization": 1479000000, "ebitda": 5617000000, "ebitdaratio": 0.109448374, "operatingIncome": 3058000000, "operatingIncomeRatio": 0.0595857446, "totalOtherIncomeExpensesNet": -459000000, "incomeBeforeTax": 2999000000, "incomeBeforeTaxRatio": 0.0584361178, "incomeTaxExpense": 871000000, "netIncome": 2128000000, "netIncomeRatio": 0.0414645077, "eps": 2.48, "epsdiluted": 2.44, "weightedAverageShsOut": 859500000, "weightedAverageShsOutDil": 871300000, "link": "https://www.sec.gov/Archives/edgar/data/12927/000001292701000004/0000012927-01-000004-index.htm", "finalLink": "https://www.sec.gov/Archives/edgar/data/12927/000001292701000004/0000012927-01-000004-0001.txt", "calculatedOtherExpenses": 459000000, "calculatedOperatingExpenses": 4551000000, "calculatedNetInterest": 0, "calculatedOtherIncome": -59000000, "calculatedIncomeNonControlling": 0, "calculatedEbitda": 4537000000}, {"date": "1999-12-31", "symbol": "BA", "reportedCurrency": "USD", "cik": "0000012927", "fillingDate": "2000-03-08", "acceptedDate": "2000-03-08 00:00:00", "calendarYear": "1999", "period": "FY", "revenue": 57993000000, "costOfRevenue": 51320000000, "grossProfit": 6673000000, "grossProfitRatio": 0.1150656114, "researchAndDevelopmentExpenses": 1341000000, "generalAndAdministrativeExpenses": 2253000000, "sellingAndMarketingExpenses": 0, "sellingGeneralAndAdministrativeExpenses": 2253000000, "otherExpenses": -91000000, "operatingExpenses": 3503000000, "costAndExpenses": 54823000000, "interestIncome": 0, "interestExpense": 0, "depreciationAndAmortization": 1645000000, "ebitda": 4728000000, "ebitdaratio": 0.0815270809, "operatingIncome": 3170000000, "operatingIncomeRatio": 0.0546617695, "totalOtherIncomeExpensesNet": 91000000, "incomeBeforeTax": 3324000000, "incomeBeforeTaxRatio": 0.0573172624, "incomeTaxExpense": 1015000000, "netIncome": 2309000000, "netIncomeRatio": 0.0398151501, "eps": 2.52, "epsdiluted": 2.49, "weightedAverageShsOut": 917100000, "weightedAverageShsOutDil": 925900000, "link": "https://www.sec.gov/Archives/edgar/data/12927/000001292700000002/0000012927-00-000002-index.html", "finalLink": "https://www.sec.gov/Archives/edgar/data/12927/000001292700000002/", "calculatedOtherExpenses": -91000000, "calculatedOperatingExpenses": 3503000000, "calculatedNetInterest": 0, "calculatedOtherIncome": 154000000, "calculatedIncomeNonControlling": 0, "calculatedEbitda": 4815000000}, {"date": "1998-12-31", "symbol": "BA", "reportedCurrency": "USD", "cik": "0000012927", "fillingDate": "1999-03-05", "acceptedDate": "1999-03-05 00:00:00", "calendarYear": "1998", "period": "FY", "revenue": 56154000000, "costOfRevenue": 50546000000, "grossProfit": 5608000000, "grossProfitRatio": 0.0998682195, "researchAndDevelopmentExpenses": 1895000000, "generalAndAdministrativeExpenses": 2146000000, "sellingAndMarketingExpenses": 0, "sellingGeneralAndAdministrativeExpenses": 2146000000, "otherExpenses": 0, "operatingExpenses": 4041000000, "costAndExpenses": 54587000000, "interestIncome": 0, "interestExpense": 0, "depreciationAndAmortization": 1622000000, "ebitda": 3189000000, "ebitdaratio": 0.0567902554, "operatingIncome": 1567000000, "operatingIncomeRatio": 0.027905403, "totalOtherIncomeExpensesNet": -170000000, "incomeBeforeTax": 1397000000, "incomeBeforeTaxRatio": 0.024878014, "incomeTaxExpense": 277000000, "netIncome": 1120000000, "netIncomeRatio": 0.0199451508, "eps": 1.16, "epsdiluted": 1.15, "weightedAverageShsOut": 966900000, "weightedAverageShsOutDil": 976700000, "link": "https://www.sec.gov/Archives/edgar/data/12927/000001292799000010/0000012927-99-000010-index.html", "finalLink": "https://www.sec.gov/Archives/edgar/data/12927/", "calculatedOtherExpenses": 0, "calculatedOperatingExpenses": 4041000000, "calculatedNetInterest": 0, "calculatedOtherIncome": -170000000, "calculatedIncomeNonControlling": 0, "calculatedEbitda": 3189000000}, {"date": "1997-12-31", "symbol": "BA", "reportedCurrency": "USD", "cik": "0000012927", "fillingDate": "1998-03-04", "acceptedDate": "1998-03-04 00:00:00", "calendarYear": "1997", "period": "FY", "revenue": 45800000000, "costOfRevenue": 40644000000, "grossProfit": 5156000000, "grossProfitRatio": 0.1125764192, "researchAndDevelopmentExpenses": 1924000000, "generalAndAdministrativeExpenses": 2187000000, "sellingAndMarketingExpenses": 0, "sellingGeneralAndAdministrativeExpenses": 2187000000, "otherExpenses": 1400000000, "operatingExpenses": 5511000000, "costAndExpenses": 46155000000, "interestIncome": 0, "interestExpense": 0, "depreciationAndAmortization": 1458000000, "ebitda": 2404000000, "ebitdaratio": 0.052489083, "operatingIncome": -355000000, "operatingIncomeRatio": -0.0077510917, "totalOtherIncomeExpensesNet": -1301000000, "incomeBeforeTax": -341000000, "incomeBeforeTaxRatio": -0.0074454148, "incomeTaxExpense": -163000000, "netIncome": -178000000, "netIncomeRatio": -0.0038864629, "eps": -0.18, "epsdiluted": -0.18, "weightedAverageShsOut": 970100000, "weightedAverageShsOutDil": 970100000, "link": "https://www.sec.gov/Archives/edgar/data/12927/000001292798000007/0000012927-98-000007-index.html", "finalLink": "https://www.sec.gov/Archives/edgar/data/12927/", "calculatedOtherExpenses": 1400000000, "calculatedOperatingExpenses": 5511000000, "calculatedNetInterest": 0, "calculatedOtherIncome": 14000000, "calculatedIncomeNonControlling": 0, "calculatedEbitda": 1103000000}, {"date": "1996-12-31", "symbol": "BA", "reportedCurrency": "USD", "cik": "0000012927", "fillingDate": "1997-03-10", "acceptedDate": "1997-03-10 00:00:00", "calendarYear": "1996", "period": "FY", "revenue": 22681000000, "costOfRevenue": 21327000000, "grossProfit": 1354000000, "grossProfitRatio": 0.0596975442, "researchAndDevelopmentExpenses": 0, "generalAndAdministrativeExpenses": 0, "sellingAndMarketingExpenses": 0, "sellingGeneralAndAdministrativeExpenses": 0, "otherExpenses": 0, "operatingExpenses": 0, "costAndExpenses": 21327000000, "interestIncome": 0, "interestExpense": 0, "depreciationAndAmortization": 991000000, "ebitda": 2478000000, "ebitdaratio": 0.109254442, "operatingIncome": 1354000000, "operatingIncomeRatio": 0.0596975442, "totalOtherIncomeExpensesNet": -133000000, "incomeBeforeTax": 1363000000, "incomeBeforeTaxRatio": 0.0600943521, "incomeTaxExpense": 268000000, "netIncome": 1095000000, "netIncomeRatio": 0.0482782946, "eps": 1.88, "epsdiluted": 1.85, "weightedAverageShsOut": 968700000, "weightedAverageShsOutDil": 981900000, "link": "https://www.sec.gov/Archives/edgar/data/12927/000001292797000020/0000012927-97-000020-index.html", "finalLink": "https://www.sec.gov/Archives/edgar/data/12927/", "calculatedOtherExpenses": 0, "calculatedOperatingExpenses": 0, "calculatedNetInterest": 0, "calculatedOtherIncome": 9000000, "calculatedIncomeNonControlling": 0, "calculatedEbitda": 2345000000}, {"date": "1995-12-31", "symbol": "BA", "reportedCurrency": "USD", "cik": "0000012927", "fillingDate": "1996-03-13", "acceptedDate": "1996-03-13 00:00:00", "calendarYear": "1995", "period": "FY", "revenue": 19515000000, "costOfRevenue": 18613000000, "grossProfit": 902000000, "grossProfitRatio": 0.0462208558, "researchAndDevelopmentExpenses": 0, "generalAndAdministrativeExpenses": 0, "sellingAndMarketingExpenses": 0, "sellingGeneralAndAdministrativeExpenses": 0, "otherExpenses": 600000000, "operatingExpenses": 600000000, "costAndExpenses": 19213000000, "interestIncome": 0, "interestExpense": 0, "depreciationAndAmortization": 1033000000, "ebitda": 1935000000, "ebitdaratio": 0.0991544965, "operatingIncome": 302000000, "operatingIncomeRatio": 0.0154752754, "totalOtherIncomeExpensesNet": -600000000, "incomeBeforeTax": 360000000, "incomeBeforeTaxRatio": 0.0184473482, "incomeTaxExpense": -33000000, "netIncome": 393000000, "netIncomeRatio": 0.0201383551, "eps": 0.57, "epsdiluted": 0.57, "weightedAverageShsOut": 683600000, "weightedAverageShsOutDil": 683600000, "link": "https://www.sec.gov/Archives/edgar/data/12927/000001292796000003/0000012927-96-000003-index.html", "finalLink": "https://www.sec.gov/Archives/edgar/data/12927/", "calculatedOtherExpenses": 600000000, "calculatedOperatingExpenses": 600000000, "calculatedNetInterest": 0, "calculatedOtherIncome": 58000000, "calculatedIncomeNonControlling": 0, "calculatedEbitda": 1335000000}, {"date": "1994-12-31", "symbol": "BA", "reportedCurrency": "USD", "cik": "0000012927", "fillingDate": "1995-03-09", "acceptedDate": "1995-03-09 00:00:00", "calendarYear": "1994", "period": "FY", "revenue": 21924000000, "costOfRevenue": 20773000000, "grossProfit": 1151000000, "grossProfitRatio": 0.0524995439, "researchAndDevelopmentExpenses": 0, "generalAndAdministrativeExpenses": 0, "sellingAndMarketingExpenses": 0, "sellingGeneralAndAdministrativeExpenses": 0, "otherExpenses": 0, "operatingExpenses": 0, "costAndExpenses": 20773000000, "interestIncome": 0, "interestExpense": 0, "depreciationAndAmortization": 1142000000, "ebitda": 2293000000, "ebitdaratio": 0.1045885787, "operatingIncome": 1151000000, "operatingIncomeRatio": 0.0524995439, "totalOtherIncomeExpensesNet": -8000000, "incomeBeforeTax": 1143000000, "incomeBeforeTaxRatio": 0.052134647, "incomeTaxExpense": 287000000, "netIncome": 856000000, "netIncomeRatio": 0.0390439701, "eps": 1.25, "epsdiluted": 1.25, "weightedAverageShsOut": 682071713, "weightedAverageShsOutDil": 682071713, "link": "https://www.sec.gov/Archives/edgar/data/12927/000001292795000002/0000012927-95-000002-index.html", "finalLink": "https://www.sec.gov/Archives/edgar/data/12927/", "calculatedOtherExpenses": 0, "calculatedOperatingExpenses": 0, "calculatedNetInterest": 0, "calculatedOtherIncome": -8000000, "calculatedIncomeNonControlling": 0, "calculatedEbitda": 2293000000}, {"date": "1993-12-31", "symbol": "BA", "reportedCurrency": "USD", "cik": "0000012927", "fillingDate": "1994-03-17", "acceptedDate": "1994-03-17 00:00:00", "calendarYear": "1993", "period": "FY", "revenue": 25438000000, "costOfRevenue": 22722000000, "grossProfit": 2716000000, "grossProfitRatio": 0.1067694001, "researchAndDevelopmentExpenses": 0, "generalAndAdministrativeExpenses": 0, "sellingAndMarketingExpenses": 0, "sellingGeneralAndAdministrativeExpenses": 0, "otherExpenses": 1025000000, "operatingExpenses": 1025000000, "costAndExpenses": 23747000000, "interestIncome": 0, "interestExpense": 0, "depreciationAndAmortization": 1025000000, "ebitda": 2547000000, "ebitdaratio": 0.1001257961, "operatingIncome": 1691000000, "operatingIncomeRatio": 0.0664753518, "totalOtherIncomeExpensesNet": 169000000, "incomeBeforeTax": 1821000000, "incomeBeforeTaxRatio": 0.0715858165, "incomeTaxExpense": 577000000, "netIncome": 1244000000, "netIncomeRatio": 0.0489032157, "eps": 1.83, "epsdiluted": 1.83, "weightedAverageShsOut": 679781421, "weightedAverageShsOutDil": 679781421, "link": "https://www.sec.gov/Archives/edgar/data/12927/000001292794000004/0000012927-94-000004-index.html", "finalLink": "https://www.sec.gov/Archives/edgar/data/12927/", "calculatedOtherExpenses": 1025000000, "calculatedOperatingExpenses": 1025000000, "calculatedNetInterest": 0, "calculatedOtherIncome": 130000000, "calculatedIncomeNonControlling": 0, "calculatedEbitda": 2716000000}, {"date": "1992-12-31", "symbol": "BA", "reportedCurrency": "USD", "cik": "0000012927", "fillingDate": "1992-12-31", "acceptedDate": "1992-12-30 19:00:00", "calendarYear": "1992", "period": "FY", "revenue": 30184000000, "costOfRevenue": 27183000000, "grossProfit": 3001000000, "grossProfitRatio": 0.0994235356, "researchAndDevelopmentExpenses": 0, "generalAndAdministrativeExpenses": 0, "sellingAndMarketingExpenses": 0, "sellingGeneralAndAdministrativeExpenses": 0, "otherExpenses": 961000000, "operatingExpenses": 961000000, "costAndExpenses": 28144000000, "interestIncome": 0, "interestExpense": 0, "depreciationAndAmortization": 961000000, "ebitda": 2771000000, "ebitdaratio": 0.0918036046, "operatingIncome": 2040000000, "operatingIncomeRatio": 0.0675854757, "totalOtherIncomeExpensesNet": 230000000, "incomeBeforeTax": 2256000000, "incomeBeforeTaxRatio": 0.0747415849, "incomeTaxExpense": 702000000, "netIncome": 552000000, "netIncomeRatio": 0.0182878346, "eps": 0.81, "epsdiluted": 0.81, "weightedAverageShsOut": 681481481, "weightedAverageShsOutDil": 681481481, "link": "", "finalLink": "", "calculatedOtherExpenses": 961000000, "calculatedOperatingExpenses": 961000000, "calculatedNetInterest": 0, "calculatedOtherIncome": 216000000, "calculatedIncomeNonControlling": 1002000000, "calculatedEbitda": 3001000000}, {"date": "1991-12-31", "symbol": "BA", "reportedCurrency": "USD", "cik": "0000012927", "fillingDate": "1991-12-31", "acceptedDate": "1991-12-30 19:00:00", "calendarYear": "1991", "period": "FY", "revenue": 29314000000, "costOfRevenue": 26534000000, "grossProfit": 2780000000, "grossProfitRatio": 0.0948352323, "researchAndDevelopmentExpenses": 0, "generalAndAdministrativeExpenses": 0, "sellingAndMarketingExpenses": 0, "sellingGeneralAndAdministrativeExpenses": 0, "otherExpenses": 826000000, "operatingExpenses": 826000000, "costAndExpenses": 27360000000, "interestIncome": 0, "interestExpense": 0, "depreciationAndAmortization": 826000000, "ebitda": 2517000000, "ebitdaratio": 0.08586341, "operatingIncome": 1954000000, "operatingIncomeRatio": 0.0666575698, "totalOtherIncomeExpensesNet": 263000000, "incomeBeforeTax": 2204000000, "incomeBeforeTaxRatio": 0.075185918, "incomeTaxExpense": 637000000, "netIncome": 1567000000, "netIncomeRatio": 0.0534556867, "eps": 2.28, "epsdiluted": 2.28, "weightedAverageShsOut": 687280702, "weightedAverageShsOutDil": 687280702, "link": "", "finalLink": "", "calculatedOtherExpenses": 826000000, "calculatedOperatingExpenses": 826000000, "calculatedNetInterest": 0, "calculatedOtherIncome": 250000000, "calculatedIncomeNonControlling": 0, "calculatedEbitda": 2780000000}, {"date": "1990-12-31", "symbol": "BA", "reportedCurrency": "USD", "cik": "0000012927", "fillingDate": "1990-12-31", "acceptedDate": "1990-12-30 19:00:00", "calendarYear": "1990", "period": "FY", "revenue": 27595000000, "costOfRevenue": 25387000000, "grossProfit": 2208000000, "grossProfitRatio": 0.0800144954, "researchAndDevelopmentExpenses": 0, "generalAndAdministrativeExpenses": 0, "sellingAndMarketingExpenses": 0, "sellingGeneralAndAdministrativeExpenses": 0, "otherExpenses": 678000000, "operatingExpenses": 678000000, "costAndExpenses": 26065000000, "interestIncome": 0, "interestExpense": 0, "depreciationAndAmortization": 678000000, "ebitda": 1760000000, "ebitdaratio": 0.0637796702, "operatingIncome": 1530000000, "operatingIncomeRatio": 0.055444827, "totalOtherIncomeExpensesNet": 448000000, "incomeBeforeTax": 1972000000, "incomeBeforeTaxRatio": 0.0714622214, "incomeTaxExpense": 587000000, "netIncome": 1385000000, "netIncomeRatio": 0.0501902519, "eps": 2.01, "epsdiluted": 2.01, "weightedAverageShsOut": 689054726, "weightedAverageShsOutDil": 689054726, "link": "", "finalLink": "", "calculatedOtherExpenses": 678000000, "calculatedOperatingExpenses": 678000000, "calculatedNetInterest": 0, "calculatedOtherIncome": 442000000, "calculatedIncomeNonControlling": 0, "calculatedEbitda": 2208000000}, {"date": "1989-12-31", "symbol": "BA", "reportedCurrency": "USD", "cik": "0000012927", "fillingDate": "1989-12-31", "acceptedDate": "1989-12-30 19:00:00", "calendarYear": "1989", "period": "FY", "revenue": 20276000000, "costOfRevenue": 19068000000, "grossProfit": 1208000000, "grossProfitRatio": 0.059577826, "researchAndDevelopmentExpenses": 0, "generalAndAdministrativeExpenses": 0, "sellingAndMarketingExpenses": 0, "sellingGeneralAndAdministrativeExpenses": 0, "otherExpenses": 627000000, "operatingExpenses": 627000000, "costAndExpenses": 19695000000, "interestIncome": 0, "interestExpense": 0, "depreciationAndAmortization": 627000000, "ebitda": 861000000, "ebitdaratio": 0.0424639968, "operatingIncome": 581000000, "operatingIncomeRatio": 0.028654567, "totalOtherIncomeExpensesNet": 347000000, "incomeBeforeTax": 922000000, "incomeBeforeTaxRatio": 0.0454724798, "incomeTaxExpense": 247000000, "netIncome": 675000000, "netIncomeRatio": 0.0332905899, "eps": 0.98, "epsdiluted": 0.98, "weightedAverageShsOut": 688775510, "weightedAverageShsOutDil": 688775510, "link": "", "finalLink": "", "calculatedOtherExpenses": 627000000, "calculatedOperatingExpenses": 627000000, "calculatedNetInterest": 0, "calculatedOtherIncome": 341000000, "calculatedIncomeNonControlling": 0, "calculatedEbitda": 1208000000}, {"date": "1988-12-31", "symbol": "BA", "reportedCurrency": "USD", "cik": "0000012927", "fillingDate": "1988-12-31", "acceptedDate": "1988-12-30 19:00:00", "calendarYear": "1988", "period": "FY", "revenue": 16962000000, "costOfRevenue": 15947000000, "grossProfit": 1015000000, "grossProfitRatio": 0.0598396416, "researchAndDevelopmentExpenses": 0, "generalAndAdministrativeExpenses": 0, "sellingAndMarketingExpenses": 0, "sellingGeneralAndAdministrativeExpenses": 0, "otherExpenses": 567000000, "operatingExpenses": 567000000, "costAndExpenses": 16514000000, "interestIncome": 0, "interestExpense": 0, "depreciationAndAmortization": 567000000, "ebitda": 637000000, "ebitdaratio": 0.0375545337, "operatingIncome": 448000000, "operatingIncomeRatio": 0.0264119797, "totalOtherIncomeExpensesNet": 378000000, "incomeBeforeTax": 820000000, "incomeBeforeTaxRatio": 0.0483433557, "incomeTaxExpense": 206000000, "netIncome": 614000000, "netIncomeRatio": 0.0361985615, "eps": 0.9, "epsdiluted": 0.9, "weightedAverageShsOut": 682222222, "weightedAverageShsOutDil": 682222222, "link": "", "finalLink": "", "calculatedOtherExpenses": 567000000, "calculatedOperatingExpenses": 567000000, "calculatedNetInterest": 0, "calculatedOtherIncome": 372000000, "calculatedIncomeNonControlling": 0, "calculatedEbitda": 1015000000}, {"date": "1987-12-31", "symbol": "BA", "reportedCurrency": "USD", "cik": "0000012927", "fillingDate": "1987-12-31", "acceptedDate": "1987-12-30 19:00:00", "calendarYear": "1987", "period": "FY", "revenue": 15355000000, "costOfRevenue": -504000000, "grossProfit": 15859000000, "grossProfitRatio": 1.0328231846, "researchAndDevelopmentExpenses": 0, "generalAndAdministrativeExpenses": 15146000000, "sellingAndMarketingExpenses": 0, "sellingGeneralAndAdministrativeExpenses": 15146000000, "otherExpenses": 504000000, "operatingExpenses": 15650000000, "costAndExpenses": 15146000000, "interestIncome": 0, "interestExpense": 0, "depreciationAndAmortization": 504000000, "ebitda": 255000000, "ebitdaratio": 0.0166069684, "operatingIncome": 209000000, "operatingIncomeRatio": 0.0136112016, "totalOtherIncomeExpensesNet": 458000000, "incomeBeforeTax": 658000000, "incomeBeforeTaxRatio": 0.042852491, "incomeTaxExpense": 178000000, "netIncome": 480000000, "netIncomeRatio": 0.0312601758, "eps": 0.69, "epsdiluted": 0.69, "weightedAverageShsOut": 695652174, "weightedAverageShsOutDil": 695652174, "link": "", "finalLink": "", "calculatedOtherExpenses": 504000000, "calculatedOperatingExpenses": 15650000000, "calculatedNetInterest": 0, "calculatedOtherIncome": 449000000, "calculatedIncomeNonControlling": 0, "calculatedEbitda": 713000000}, {"date": "1986-12-31", "symbol": "BA", "reportedCurrency": "USD", "cik": "0000012927", "fillingDate": "1986-12-31", "acceptedDate": "1986-12-30 19:00:00", "calendarYear": "1986", "period": "FY", "revenue": 16341000000, "costOfRevenue": 13885000000, "grossProfit": 2456000000, "grossProfitRatio": 0.1502967995, "researchAndDevelopmentExpenses": 0, "generalAndAdministrativeExpenses": 1363000000, "sellingAndMarketingExpenses": 0, "sellingGeneralAndAdministrativeExpenses": 1363000000, "otherExpenses": 463000000, "operatingExpenses": 1826000000, "costAndExpenses": 15711000000, "interestIncome": 0, "interestExpense": 0, "depreciationAndAmortization": 463000000, "ebitda": 686000000, "ebitdaratio": 0.041980295, "operatingIncome": 630000000, "operatingIncomeRatio": 0.0385533321, "totalOtherIncomeExpensesNet": 407000000, "incomeBeforeTax": 1028000000, "incomeBeforeTaxRatio": 0.0629092467, "incomeTaxExpense": 363000000, "netIncome": 665000000, "netIncomeRatio": 0.0406951839, "eps": 0.95, "epsdiluted": 0.95, "weightedAverageShsOut": 700000000, "weightedAverageShsOutDil": 700000000, "link": "", "finalLink": "", "calculatedOtherExpenses": 463000000, "calculatedOperatingExpenses": 1826000000, "calculatedNetInterest": 0, "calculatedOtherIncome": 398000000, "calculatedIncomeNonControlling": 0, "calculatedEbitda": 1093000000}, {"date": "1985-12-31", "symbol": "BA", "reportedCurrency": "USD", "cik": "0000012927", "fillingDate": "1985-12-31", "acceptedDate": "1985-12-30 19:00:00", "calendarYear": "1985", "period": "FY", "revenue": 13636000000, "costOfRevenue": 11781000000, "grossProfit": 1855000000, "grossProfitRatio": 0.136036961, "researchAndDevelopmentExpenses": 0, "generalAndAdministrativeExpenses": 886000000, "sellingAndMarketingExpenses": 0, "sellingGeneralAndAdministrativeExpenses": 886000000, "otherExpenses": 386000000, "operatingExpenses": 1272000000, "costAndExpenses": 13053000000, "interestIncome": 0, "interestExpense": 0, "depreciationAndAmortization": 386000000, "ebitda": 676000000, "ebitdaratio": 0.0495746553, "operatingIncome": 583000000, "operatingIncomeRatio": 0.0427544735, "totalOtherIncomeExpensesNet": 293000000, "incomeBeforeTax": 863000000, "incomeBeforeTaxRatio": 0.0632883544, "incomeTaxExpense": 297000000, "netIncome": 566000000, "netIncomeRatio": 0.0415077735, "eps": 0.84, "epsdiluted": 0.82, "weightedAverageShsOut": 673809524, "weightedAverageShsOutDil": 690243902, "link": "", "finalLink": "", "calculatedOtherExpenses": 386000000, "calculatedOperatingExpenses": 1272000000, "calculatedNetInterest": 0, "calculatedOtherIncome": 280000000, "calculatedIncomeNonControlling": 0, "calculatedEbitda": 969000000}]}