{"originalCurrency": "USD", "convertedCurrency": "USD", "report": [{"date": "2023-12-31", "symbol": "BAC", "reportedCurrency": "USD", "cik": "0000070858", "fillingDate": "2024-02-20", "acceptedDate": "2024-02-20 17:01:30", "calendarYear": "2023", "period": "FY", "revenue": 98581000000, "costOfRevenue": 4394000000, "grossProfit": 94187000000, "grossProfitRatio": 0.9554275165, "researchAndDevelopmentExpenses": 0, "generalAndAdministrativeExpenses": 8866000000, "sellingAndMarketingExpenses": 1927000000, "sellingGeneralAndAdministrativeExpenses": 56287000000, "otherExpenses": -20351000000, "operatingExpenses": 65845000000, "costAndExpenses": 65845000000, "interestIncome": 130262000000, "interestExpense": 73331000000, "depreciationAndAmortization": 2032000000, "ebitda": 30374000000, "ebitdaratio": 0.3081121109, "operatingIncome": 28342000000, "operatingIncomeRatio": 0.2874996196, "totalOtherIncomeExpensesNet": 28342000000, "incomeBeforeTax": 28342000000, "incomeBeforeTaxRatio": 0.2874996196, "incomeTaxExpense": 1827000000, "netIncome": 26515000000, "netIncomeRatio": 0.2689666366, "eps": 3.1, "epsdiluted": 3.08, "weightedAverageShsOut": 8028600000, "weightedAverageShsOutDil": 8080500000, "link": "https://www.sec.gov/Archives/edgar/data/70858/000007085824000122/0000070858-24-000122-index.htm", "finalLink": "https://www.sec.gov/Archives/edgar/data/70858/000007085824000122/bac-20231231.htm", "calculatedOtherExpenses": 9558000000, "calculatedOperatingExpenses": 65845000000, "calculatedNetInterest": 56931000000, "calculatedOtherIncome": -56931000000, "calculatedIncomeNonControlling": 0, "calculatedEbitda": 30374000000}, {"date": "2022-12-31", "symbol": "BAC", "reportedCurrency": "USD", "cik": "0000070858", "fillingDate": "2023-02-22", "acceptedDate": "2023-02-22 16:33:50", "calendarYear": "2022", "period": "FY", "revenue": 94950000000, "costOfRevenue": 2543000000, "grossProfit": 92407000000, "grossProfitRatio": 0.9732174829, "researchAndDevelopmentExpenses": 0, "generalAndAdministrativeExpenses": 8421000000, "sellingAndMarketingExpenses": 1825000000, "sellingGeneralAndAdministrativeExpenses": 53764000000, "otherExpenses": -21860000000, "operatingExpenses": 61438000000, "costAndExpenses": 61438000000, "interestIncome": 72565000000, "interestExpense": 20103000000, "depreciationAndAmortization": 1978000000, "ebitda": 32947000000, "ebitdaratio": 0.3469931543, "operatingIncome": 30969000000, "operatingIncomeRatio": 0.3261611374, "totalOtherIncomeExpensesNet": 30969000000, "incomeBeforeTax": 30969000000, "incomeBeforeTaxRatio": 0.3261611374, "incomeTaxExpense": 3441000000, "netIncome": 27528000000, "netIncomeRatio": 0.2899210111, "eps": 3.21, "epsdiluted": 3.19, "weightedAverageShsOut": 8113700000, "weightedAverageShsOutDil": 8167500000, "link": "https://www.sec.gov/Archives/edgar/data/70858/000007085823000092/0000070858-23-000092-index.htm", "finalLink": "https://www.sec.gov/Archives/edgar/data/70858/000007085823000092/bac-20221231.htm", "calculatedOtherExpenses": 7674000000, "calculatedOperatingExpenses": 61438000000, "calculatedNetInterest": 52462000000, "calculatedOtherIncome": -52462000000, "calculatedIncomeNonControlling": 0, "calculatedEbitda": 32947000000}, {"date": "2021-12-31", "symbol": "BAC", "reportedCurrency": "USD", "cik": "0000070858", "fillingDate": "2022-02-22", "acceptedDate": "2022-02-22 17:15:02", "calendarYear": "2021", "period": "FY", "revenue": 89113000000, "costOfRevenue": -4594000000, "grossProfit": 93707000000, "grossProfitRatio": 1.0515525232, "researchAndDevelopmentExpenses": 0, "generalAndAdministrativeExpenses": 7544000000, "sellingAndMarketingExpenses": 1939000000, "sellingGeneralAndAdministrativeExpenses": 52761000000, "otherExpenses": -19587000000, "operatingExpenses": 59731000000, "costAndExpenses": 59731000000, "interestIncome": 47672000000, "interestExpense": 4738000000, "depreciationAndAmortization": 1898000000, "ebitda": 35874000000, "ebitdaratio": 0.4025675266, "operatingIncome": 33976000000, "operatingIncomeRatio": 0.3812687262, "totalOtherIncomeExpensesNet": 33976000000, "incomeBeforeTax": 33976000000, "incomeBeforeTaxRatio": 0.3812687262, "incomeTaxExpense": 1998000000, "netIncome": 31978000000, "netIncomeRatio": 0.3588477551, "eps": 3.6, "epsdiluted": 3.57, "weightedAverageShsOut": 8493299999, "weightedAverageShsOutDil": 8558400000, "link": "https://www.sec.gov/Archives/edgar/data/70858/000007085822000062/0000070858-22-000062-index.htm", "finalLink": "https://www.sec.gov/Archives/edgar/data/70858/000007085822000062/bac-20211231.htm", "calculatedOtherExpenses": 6970000000, "calculatedOperatingExpenses": 59731000000, "calculatedNetInterest": 42934000000, "calculatedOtherIncome": -42934000000, "calculatedIncomeNonControlling": 0, "calculatedEbitda": 35874000000}, {"date": "2020-12-31", "symbol": "BAC", "reportedCurrency": "USD", "cik": "0000070858", "fillingDate": "2021-02-24", "acceptedDate": "2021-02-24 16:56:31", "calendarYear": "2020", "period": "FY", "revenue": 74208000000, "costOfRevenue": 0, "grossProfit": 74208000000, "grossProfitRatio": 1, "researchAndDevelopmentExpenses": 0, "generalAndAdministrativeExpenses": 6916000000, "sellingAndMarketingExpenses": 1701000000, "sellingGeneralAndAdministrativeExpenses": 48483000000, "otherExpenses": -15181000000, "operatingExpenses": 55213000000, "costAndExpenses": 55213000000, "interestIncome": 51585000000, "interestExpense": 8225000000, "depreciationAndAmortization": 1843000000, "ebitda": 20838000000, "ebitdaratio": 0.280805304, "operatingIncome": 18995000000, "operatingIncomeRatio": 0.2559697068, "totalOtherIncomeExpensesNet": 18995000000, "incomeBeforeTax": 18995000000, "incomeBeforeTaxRatio": 0.2559697068, "incomeTaxExpense": 1101000000, "netIncome": 17894000000, "netIncomeRatio": 0.2411330315, "eps": 1.88, "epsdiluted": 1.87, "weightedAverageShsOut": 8753200000, "weightedAverageShsOutDil": 8796900000, "link": "https://www.sec.gov/Archives/edgar/data/70858/000007085821000023/0000070858-21-000023-index.htm", "finalLink": "https://www.sec.gov/Archives/edgar/data/70858/000007085821000023/bac-20201231.htm", "calculatedOtherExpenses": 6730000000, "calculatedOperatingExpenses": 55213000000, "calculatedNetInterest": 43360000000, "calculatedOtherIncome": -43360000000, "calculatedIncomeNonControlling": 0, "calculatedEbitda": 20838000000}, {"date": "2019-12-31", "symbol": "BAC", "reportedCurrency": "USD", "cik": "0000070858", "fillingDate": "2020-02-19", "acceptedDate": "2020-02-19 16:18:13", "calendarYear": "2019", "period": "FY", "revenue": 85582000000, "costOfRevenue": 0, "grossProfit": 85582000000, "grossProfitRatio": 1, "researchAndDevelopmentExpenses": 0, "generalAndAdministrativeExpenses": 6243000000, "sellingAndMarketingExpenses": 1934000000, "sellingGeneralAndAdministrativeExpenses": 46742000000, "otherExpenses": -17362000000, "operatingExpenses": 52828000000, "costAndExpenses": 52828000000, "interestIncome": 71236000000, "interestExpense": 22345000000, "depreciationAndAmortization": 1729000000, "ebitda": 34483000000, "ebitdaratio": 0.402923512, "operatingIncome": 32754000000, "operatingIncomeRatio": 0.3827206656, "totalOtherIncomeExpensesNet": 32754000000, "incomeBeforeTax": 32754000000, "incomeBeforeTaxRatio": 0.3827206656, "incomeTaxExpense": 5324000000, "netIncome": 27430000000, "netIncomeRatio": 0.3205113225, "eps": 2.77, "epsdiluted": 2.75, "weightedAverageShsOut": 9390500000, "weightedAverageShsOutDil": 9442900000, "link": "https://www.sec.gov/Archives/edgar/data/70858/000007085820000011/0000070858-20-000011-index.htm", "finalLink": "https://www.sec.gov/Archives/edgar/data/70858/000007085820000011/bac-1231201910xk.htm", "calculatedOtherExpenses": 6086000000, "calculatedOperatingExpenses": 52828000000, "calculatedNetInterest": 48891000000, "calculatedOtherIncome": -48891000000, "calculatedIncomeNonControlling": 0, "calculatedEbitda": 34483000000}, {"date": "2018-12-31", "symbol": "BAC", "reportedCurrency": "USD", "cik": "0000070858", "fillingDate": "2019-02-26", "acceptedDate": "2019-02-26 16:38:01", "calendarYear": "2018", "period": "FY", "revenue": 87738000000, "costOfRevenue": 0, "grossProfit": 87738000000, "grossProfitRatio": 1, "researchAndDevelopmentExpenses": 0, "generalAndAdministrativeExpenses": 6254000000, "sellingAndMarketingExpenses": 1674000000, "sellingGeneralAndAdministrativeExpenses": 46188000000, "otherExpenses": -17212000000, "operatingExpenses": 53154000000, "costAndExpenses": 53154000000, "interestIncome": 66769000000, "interestExpense": 18607000000, "depreciationAndAmortization": 2063000000, "ebitda": 36647000000, "ebitdaratio": 0.4176867492, "operatingIncome": 34584000000, "operatingIncomeRatio": 0.3941735622, "totalOtherIncomeExpensesNet": 34584000000, "incomeBeforeTax": 34584000000, "incomeBeforeTaxRatio": 0.3941735622, "incomeTaxExpense": 6437000000, "netIncome": 28147000000, "netIncomeRatio": 0.3208074039, "eps": 2.79, "epsdiluted": 2.75, "weightedAverageShsOut": 10096500000, "weightedAverageShsOutDil": 10236900000, "link": "https://www.sec.gov/Archives/edgar/data/70858/000007085819000012/0000070858-19-000012-index.htm", "finalLink": "https://www.sec.gov/Archives/edgar/data/70858/000007085819000012/bac-1231201810xk.htm", "calculatedOtherExpenses": 6966000000, "calculatedOperatingExpenses": 53154000000, "calculatedNetInterest": 48162000000, "calculatedOtherIncome": -48162000000, "calculatedIncomeNonControlling": 0, "calculatedEbitda": 36647000000}, {"date": "2017-12-31", "symbol": "BAC", "reportedCurrency": "USD", "cik": "0000070858", "fillingDate": "2018-02-22", "acceptedDate": "2018-02-22 16:10:05", "calendarYear": "2017", "period": "FY", "revenue": 83730000000, "costOfRevenue": 0, "grossProfit": 83730000000, "grossProfitRatio": 1, "researchAndDevelopmentExpenses": 0, "generalAndAdministrativeExpenses": 6418000000, "sellingAndMarketingExpenses": 1746000000, "sellingGeneralAndAdministrativeExpenses": 46359000000, "otherExpenses": -16909000000, "operatingExpenses": 54517000000, "costAndExpenses": 54517000000, "interestIncome": 57579000000, "interestExpense": 12912000000, "depreciationAndAmortization": 2103000000, "ebitda": 31316000000, "ebitdaratio": 0.3740117043, "operatingIncome": 29213000000, "operatingIncomeRatio": 0.3488952586, "totalOtherIncomeExpensesNet": 29213000000, "incomeBeforeTax": 29213000000, "incomeBeforeTaxRatio": 0.3488952586, "incomeTaxExpense": 10981000000, "netIncome": 18232000000, "netIncomeRatio": 0.2177475218, "eps": 1.63, "epsdiluted": 1.56, "weightedAverageShsOut": 10195600000, "weightedAverageShsOutDil": 10778400000, "link": "https://www.sec.gov/Archives/edgar/data/70858/000007085818000009/0000070858-18-000009-index.htm", "finalLink": "https://www.sec.gov/Archives/edgar/data/70858/000007085818000009/bac-1231201710xk.htm", "calculatedOtherExpenses": 8158000000, "calculatedOperatingExpenses": 54517000000, "calculatedNetInterest": 44667000000, "calculatedOtherIncome": -44667000000, "calculatedIncomeNonControlling": 0, "calculatedEbitda": 31316000000}, {"date": "2016-12-31", "symbol": "BAC", "reportedCurrency": "USD", "cik": "0000070858", "fillingDate": "2017-02-23", "acceptedDate": "2017-02-23 16:11:19", "calendarYear": "2016", "period": "FY", "revenue": 80104000000, "costOfRevenue": 0, "grossProfit": 80104000000, "grossProfitRatio": 1, "researchAndDevelopmentExpenses": 0, "generalAndAdministrativeExpenses": 5724000000, "sellingAndMarketingExpenses": 1703000000, "sellingGeneralAndAdministrativeExpenses": 45287000000, "otherExpenses": -16293000000, "operatingExpenses": 55083000000, "costAndExpenses": 55083000000, "interestIncome": 51057000000, "interestExpense": 9961000000, "depreciationAndAmortization": 730000000, "ebitda": 25751000000, "ebitdaratio": 0.3214695895, "operatingIncome": 25021000000, "operatingIncomeRatio": 0.3123564366, "totalOtherIncomeExpensesNet": 25021000000, "incomeBeforeTax": 25021000000, "incomeBeforeTaxRatio": 0.3123564366, "incomeTaxExpense": 7199000000, "netIncome": 17906000000, "netIncomeRatio": 0.2235344053, "eps": 1.57, "epsdiluted": 1.49, "weightedAverageShsOut": 10284100000, "weightedAverageShsOutDil": 11046800000, "link": "https://www.sec.gov/Archives/edgar/data/70858/000007085817000013/0000070858-17-000013-index.htm", "finalLink": "https://www.sec.gov/Archives/edgar/data/70858/000007085817000013/bac-1231201610xk.htm", "calculatedOtherExpenses": 9796000000, "calculatedOperatingExpenses": 55083000000, "calculatedNetInterest": 41096000000, "calculatedOtherIncome": -41096000000, "calculatedIncomeNonControlling": -84000000, "calculatedEbitda": 25751000000}, {"date": "2015-12-31", "symbol": "BAC", "reportedCurrency": "USD", "cik": "0000070858", "fillingDate": "2016-02-24", "acceptedDate": "2016-02-24 16:47:44", "calendarYear": "2015", "period": "FY", "revenue": 79804000000, "costOfRevenue": 0, "grossProfit": 79804000000, "grossProfitRatio": 1, "researchAndDevelopmentExpenses": 0, "generalAndAdministrativeExpenses": 6202000000, "sellingAndMarketingExpenses": 1811000000, "sellingGeneralAndAdministrativeExpenses": 46896000000, "otherExpenses": 0, "operatingExpenses": 57617000000, "costAndExpenses": 57617000000, "interestIncome": 49800000000, "interestExpense": 10549000000, "depreciationAndAmortization": 834000000, "ebitda": 23021000000, "ebitdaratio": 0.2884692497, "operatingIncome": 22187000000, "operatingIncomeRatio": 0.2780186457, "totalOtherIncomeExpensesNet": 0, "incomeBeforeTax": 22187000000, "incomeBeforeTaxRatio": 0.2780186457, "incomeTaxExpense": 6277000000, "netIncome": 15888000000, "netIncomeRatio": 0.199087765, "eps": 1.38, "epsdiluted": 1.31, "weightedAverageShsOut": 10462282000, "weightedAverageShsOutDil": 11236230000, "link": "https://www.sec.gov/Archives/edgar/data/70858/000007085816000137/0000070858-16-000137-index.htm", "finalLink": "https://www.sec.gov/Archives/edgar/data/70858/000007085816000137/bac-1231201510xk.htm", "calculatedOtherExpenses": 10721000000, "calculatedOperatingExpenses": 57617000000, "calculatedNetInterest": 39251000000, "calculatedOtherIncome": -39251000000, "calculatedIncomeNonControlling": 22000000, "calculatedEbitda": 23021000000}, {"date": "2014-12-31", "symbol": "BAC", "reportedCurrency": "USD", "cik": "0000070858", "fillingDate": "2015-02-25", "acceptedDate": "2015-02-25 16:06:24", "calendarYear": "2014", "period": "FY", "revenue": 83619000000, "costOfRevenue": 0, "grossProfit": 83619000000, "grossProfitRatio": 1, "researchAndDevelopmentExpenses": 0, "generalAndAdministrativeExpenses": 6875000000, "sellingAndMarketingExpenses": 1829000000, "sellingGeneralAndAdministrativeExpenses": 48876000000, "otherExpenses": 0, "operatingExpenses": 75656000000, "costAndExpenses": 75656000000, "interestIncome": 50886000000, "interestExpense": 10934000000, "depreciationAndAmortization": 936000000, "ebitda": 9835000000, "ebitdaratio": 0.1176168096, "operatingIncome": 8899000000, "operatingIncomeRatio": 0.1064231813, "totalOtherIncomeExpensesNet": -936000000, "incomeBeforeTax": 7963000000, "incomeBeforeTaxRatio": 0.0952295531, "incomeTaxExpense": 2443000000, "netIncome": 4833000000, "netIncomeRatio": 0.0577978689, "eps": 0.43, "epsdiluted": 0.42, "weightedAverageShsOut": 10527818000, "weightedAverageShsOutDil": 10584535000, "link": "https://www.sec.gov/Archives/edgar/data/70858/000007085815000008/0000070858-15-000008-index.htm", "finalLink": "https://www.sec.gov/Archives/edgar/data/70858/000007085815000008/bac-12312014x10k.htm", "calculatedOtherExpenses": 25844000000, "calculatedOperatingExpenses": 74720000000, "calculatedNetInterest": 39952000000, "calculatedOtherIncome": -40888000000, "calculatedIncomeNonControlling": 687000000, "calculatedEbitda": 9835000000}, {"date": "2013-12-31", "symbol": "BAC", "reportedCurrency": "USD", "cik": "0000070858", "fillingDate": "2014-02-25", "acceptedDate": "2014-02-25 16:07:46", "calendarYear": "2013", "period": "FY", "revenue": 83946000000, "costOfRevenue": 0, "grossProfit": 83946000000, "grossProfitRatio": 1, "researchAndDevelopmentExpenses": 0, "generalAndAdministrativeExpenses": 7647000000, "sellingAndMarketingExpenses": 1834000000, "sellingGeneralAndAdministrativeExpenses": 50821000000, "otherExpenses": 0, "operatingExpenses": 69213000000, "costAndExpenses": 69213000000, "interestIncome": 55020000000, "interestExpense": 12755000000, "depreciationAndAmortization": 1086000000, "ebitda": 16905000000, "ebitdaratio": 0.2013794582, "operatingIncome": 15819000000, "operatingIncomeRatio": 0.1884425702, "totalOtherIncomeExpensesNet": -1086000000, "incomeBeforeTax": 14733000000, "incomeBeforeTaxRatio": 0.1755056822, "incomeTaxExpense": 4194000000, "netIncome": 11431000000, "netIncomeRatio": 0.1361708718, "eps": 0.86, "epsdiluted": 0.83, "weightedAverageShsOut": 10731165000, "weightedAverageShsOutDil": 11491418000, "link": "https://www.sec.gov/Archives/edgar/data/70858/000007085814000012/0000070858-14-000012-index.htm", "finalLink": "https://www.sec.gov/Archives/edgar/data/70858/000007085814000012/bac-12312013x10k.htm", "calculatedOtherExpenses": 17306000000, "calculatedOperatingExpenses": 68127000000, "calculatedNetInterest": 42265000000, "calculatedOtherIncome": -43351000000, "calculatedIncomeNonControlling": -892000000, "calculatedEbitda": 16905000000}, {"date": "2012-12-31", "symbol": "BAC", "reportedCurrency": "USD", "cik": "0000070858", "fillingDate": "2013-02-28", "acceptedDate": "2013-02-28 16:03:27", "calendarYear": "2012", "period": "FY", "revenue": 73565000000, "costOfRevenue": 0, "grossProfit": 73565000000, "grossProfitRatio": 1, "researchAndDevelopmentExpenses": 0, "generalAndAdministrativeExpenses": 8195000000, "sellingAndMarketingExpenses": 1873000000, "sellingGeneralAndAdministrativeExpenses": 52555000000, "otherExpenses": 0, "operatingExpenses": 70493000000, "costAndExpenses": 70493000000, "interestIncome": 57400000000, "interestExpense": 16744000000, "depreciationAndAmortization": 1264000000, "ebitda": 4000000000, "ebitdaratio": 0.0543736831, "operatingIncome": 2736000000, "operatingIncomeRatio": 0.0371915993, "totalOtherIncomeExpensesNet": 336000000, "incomeBeforeTax": 3072000000, "incomeBeforeTaxRatio": 0.0417589886, "incomeTaxExpense": 1116000000, "netIncome": 2758000000, "netIncomeRatio": 0.0374906545, "eps": 0.26, "epsdiluted": 0.25, "weightedAverageShsOut": 10746028000, "weightedAverageShsOutDil": 10840854000, "link": "https://www.sec.gov/Archives/edgar/data/70858/000007085813000097/0000070858-13-000097-index.htm", "finalLink": "https://www.sec.gov/Archives/edgar/data/70858/000007085813000097/bac-12312012x10k.htm", "calculatedOtherExpenses": 18274000000, "calculatedOperatingExpenses": 70829000000, "calculatedNetInterest": 40656000000, "calculatedOtherIncome": -40320000000, "calculatedIncomeNonControlling": -802000000, "calculatedEbitda": 4000000000}, {"date": "2011-12-31", "symbol": "BAC", "reportedCurrency": "USD", "cik": "0000070858", "fillingDate": "2012-02-23", "acceptedDate": "2012-02-23 16:13:53", "calendarYear": "2011", "period": "FY", "revenue": 86094000000, "costOfRevenue": 0, "grossProfit": 86094000000, "grossProfitRatio": 1, "researchAndDevelopmentExpenses": 0, "generalAndAdministrativeExpenses": 62271000000, "sellingAndMarketingExpenses": 2203000000, "sellingGeneralAndAdministrativeExpenses": 64474000000, "otherExpenses": 299000000, "operatingExpenses": 64773000000, "costAndExpenses": 64773000000, "interestIncome": 66236000000, "interestExpense": 21620000000, "depreciationAndAmortization": 1509000000, "ebitda": 1279000000, "ebitdaratio": 0.0148558552, "operatingIncome": -230000000, "operatingIncomeRatio": -0.0026714986, "totalOtherIncomeExpensesNet": 0, "incomeBeforeTax": -230000000, "incomeBeforeTaxRatio": -0.0026714986, "incomeTaxExpense": -1676000000, "netIncome": 1446000000, "netIncomeRatio": 0.0167955955, "eps": 0.01, "epsdiluted": 0.01, "weightedAverageShsOut": 10142625000, "weightedAverageShsOutDil": 10254824000, "link": "https://www.sec.gov/Archives/edgar/data/70858/000007085812000155/0000070858-12-000155-index.htm", "finalLink": "https://www.sec.gov/Archives/edgar/data/70858/000007085812000155/bac-12312011x10k.htm", "calculatedOtherExpenses": 21850000000, "calculatedOperatingExpenses": 86324000000, "calculatedNetInterest": 44616000000, "calculatedOtherIncome": -44616000000, "calculatedIncomeNonControlling": 0, "calculatedEbitda": 1279000000}, {"date": "2010-12-31", "symbol": "BAC", "reportedCurrency": "USD", "cik": "0000070858", "fillingDate": "2011-02-25", "acceptedDate": "2011-02-25 16:27:28", "calendarYear": "2010", "period": "FY", "revenue": 104960000000, "costOfRevenue": 23390000000, "grossProfit": 81570000000, "grossProfitRatio": 0.7771532012, "researchAndDevelopmentExpenses": 0, "generalAndAdministrativeExpenses": 55331000000, "sellingAndMarketingExpenses": 1963000000, "sellingGeneralAndAdministrativeExpenses": 57294000000, "otherExpenses": 967000000, "operatingExpenses": 58261000000, "costAndExpenses": 58261000000, "interestIncome": 75497000000, "interestExpense": 23974000000, "depreciationAndAmortization": 1731000000, "ebitda": 408000000, "ebitdaratio": 0.0038871951, "operatingIncome": -1323000000, "operatingIncomeRatio": -0.0126048018, "totalOtherIncomeExpensesNet": -48772000000, "incomeBeforeTax": -1323000000, "incomeBeforeTaxRatio": -0.0126048018, "incomeTaxExpense": 915000000, "netIncome": -2238000000, "netIncomeRatio": -0.0213224085, "eps": -0.23, "epsdiluted": -0.23, "weightedAverageShsOut": 9790472000, "weightedAverageShsOutDil": 9790472000, "link": "https://www.sec.gov/Archives/edgar/data/70858/000095012311018743/0000950123-11-018743-index.htm", "finalLink": "https://www.sec.gov/Archives/edgar/data/70858/000095012311018743/g25571e10vk.htm", "calculatedOtherExpenses": 25599000000, "calculatedOperatingExpenses": 82893000000, "calculatedNetInterest": 51523000000, "calculatedOtherIncome": -51523000000, "calculatedIncomeNonControlling": 0, "calculatedEbitda": 408000000}, {"date": "2009-12-31", "symbol": "BAC", "reportedCurrency": "USD", "cik": "0000070858", "fillingDate": "2010-02-26", "acceptedDate": "2010-02-26 07:51:04", "calendarYear": "2009", "period": "FY", "revenue": 109629000000, "costOfRevenue": 22352000000, "grossProfit": 87277000000, "grossProfitRatio": 0.7961123425, "researchAndDevelopmentExpenses": 0, "generalAndAdministrativeExpenses": 50439000000, "sellingAndMarketingExpenses": 1933000000, "sellingGeneralAndAdministrativeExpenses": 52372000000, "otherExpenses": 0, "operatingExpenses": 4214000000, "costAndExpenses": 26566000000, "interestIncome": 77916000000, "interestExpense": 30807000000, "depreciationAndAmortization": 1978000000, "ebitda": 6338000000, "ebitdaratio": 0.0578131699, "operatingIncome": 4360000000, "operatingIncomeRatio": 0.0397704987, "totalOtherIncomeExpensesNet": -46990000000, "incomeBeforeTax": 4360000000, "incomeBeforeTaxRatio": 0.0397704987, "incomeTaxExpense": -1916000000, "netIncome": 6276000000, "netIncomeRatio": 0.0572476261, "eps": -0.29, "epsdiluted": -0.29, "weightedAverageShsOut": 7728570000, "weightedAverageShsOutDil": 7728570000, "link": "https://www.sec.gov/Archives/edgar/data/70858/000119312510041666/0001193125-10-041666-index.htm", "finalLink": "https://www.sec.gov/Archives/edgar/data/70858/000119312510041666/d10k.htm", "calculatedOtherExpenses": 30545000000, "calculatedOperatingExpenses": 82917000000, "calculatedNetInterest": 47109000000, "calculatedOtherIncome": -47109000000, "calculatedIncomeNonControlling": 0, "calculatedEbitda": 6338000000}, {"date": "2008-12-31", "symbol": "BAC", "reportedCurrency": "USD", "cik": "0000070858", "fillingDate": "2009-02-27", "acceptedDate": "2009-02-27 16:56:02", "calendarYear": "2008", "period": "FY", "revenue": 72243000000, "costOfRevenue": 12777000000, "grossProfit": 59466000000, "grossProfitRatio": 0.823138574, "researchAndDevelopmentExpenses": 0, "generalAndAdministrativeExpenses": 29519000000, "sellingAndMarketingExpenses": 2368000000, "sellingGeneralAndAdministrativeExpenses": 31887000000, "otherExpenses": 0, "operatingExpenses": 3960000000, "costAndExpenses": 16737000000, "interestIncome": 85684000000, "interestExpense": 40324000000, "depreciationAndAmortization": 1834000000, "ebitda": 6262000000, "ebitdaratio": 0.0866796783, "operatingIncome": 4428000000, "operatingIncomeRatio": 0.0612931357, "totalOtherIncomeExpensesNet": -64519000000, "incomeBeforeTax": 4428000000, "incomeBeforeTaxRatio": 0.0612931357, "incomeTaxExpense": 420000000, "netIncome": 4008000000, "netIncomeRatio": 0.0554794236, "eps": 0.54, "epsdiluted": 0.54, "weightedAverageShsOut": 4592085000, "weightedAverageShsOutDil": 4596428000, "link": "https://www.sec.gov/Archives/edgar/data/70858/000119312509041126/0001193125-09-041126-index.htm", "finalLink": "https://www.sec.gov/Archives/edgar/data/70858/000119312509041126/d10k.htm", "calculatedOtherExpenses": 23151000000, "calculatedOperatingExpenses": 55038000000, "calculatedNetInterest": 45360000000, "calculatedOtherIncome": -45360000000, "calculatedIncomeNonControlling": 0, "calculatedEbitda": 6262000000}, {"date": "2007-12-31", "symbol": "BAC", "reportedCurrency": "USD", "cik": "0000070858", "fillingDate": "2008-02-28", "acceptedDate": "2008-02-28 15:41:45", "calendarYear": "2007", "period": "FY", "revenue": 62255000000, "costOfRevenue": 9666000000, "grossProfit": 52589000000, "grossProfitRatio": 0.8447353626, "researchAndDevelopmentExpenses": 0, "generalAndAdministrativeExpenses": 26965000000, "sellingAndMarketingExpenses": 2356000000, "sellingGeneralAndAdministrativeExpenses": 29321000000, "otherExpenses": 0, "operatingExpenses": 3530000000, "costAndExpenses": 13196000000, "interestIncome": 87304000000, "interestExpense": 52871000000, "depreciationAndAmortization": 2844000000, "ebitda": 23768000000, "ebitdaratio": 0.3817845956, "operatingIncome": 20924000000, "operatingIncomeRatio": 0.336101518, "totalOtherIncomeExpensesNet": -53184000000, "incomeBeforeTax": 20924000000, "incomeBeforeTaxRatio": 0.336101518, "incomeTaxExpense": 5942000000, "netIncome": 14982000000, "netIncomeRatio": 0.240655369, "eps": 3.32, "epsdiluted": 3.29, "weightedAverageShsOut": 4423579000, "weightedAverageShsOutDil": 4463213000, "link": "https://www.sec.gov/Archives/edgar/data/70858/000119312508041665/0001193125-08-041665-index.htm", "finalLink": "https://www.sec.gov/Archives/edgar/data/70858/000119312508041665/d10k.htm", "calculatedOtherExpenses": 2344000000, "calculatedOperatingExpenses": 31665000000, "calculatedNetInterest": 34433000000, "calculatedOtherIncome": -34433000000, "calculatedIncomeNonControlling": 0, "calculatedEbitda": 23768000000}, {"date": "2006-12-31", "symbol": "BAC", "reportedCurrency": "USD", "cik": "0000070858", "fillingDate": "2007-02-28", "acceptedDate": "2007-02-28 10:31:30", "calendarYear": "2006", "period": "FY", "revenue": 69391000000, "costOfRevenue": 8735000000, "grossProfit": 60656000000, "grossProfitRatio": 0.8741191221, "researchAndDevelopmentExpenses": 0, "generalAndAdministrativeExpenses": 25468000000, "sellingAndMarketingExpenses": 2336000000, "sellingGeneralAndAdministrativeExpenses": 27804000000, "otherExpenses": 0, "operatingExpenses": 3414000000, "costAndExpenses": 12149000000, "interestIncome": 78585000000, "interestExpense": 43994000000, "depreciationAndAmortization": 2869000000, "ebitda": 34842000000, "ebitdaratio": 0.5021112248, "operatingIncome": 31973000000, "operatingIncomeRatio": 0.4607658054, "totalOtherIncomeExpensesNet": -28901000000, "incomeBeforeTax": 31973000000, "incomeBeforeTaxRatio": 0.4607658054, "incomeTaxExpense": 10840000000, "netIncome": 21133000000, "netIncomeRatio": 0.3045495814, "eps": 4.66, "epsdiluted": 4.59, "weightedAverageShsOut": 4526637000, "weightedAverageShsOutDil": 4595896000, "link": "https://www.sec.gov/Archives/edgar/data/70858/000119312507042036/0001193125-07-042036-index.htm", "finalLink": "https://www.sec.gov/Archives/edgar/data/70858/000119312507042036/d10k.htm", "calculatedOtherExpenses": 879000000, "calculatedOperatingExpenses": 28683000000, "calculatedNetInterest": 34591000000, "calculatedOtherIncome": -34591000000, "calculatedIncomeNonControlling": 0, "calculatedEbitda": 34842000000}, {"date": "2005-12-31", "symbol": "BAC", "reportedCurrency": "USD", "cik": "0000070858", "fillingDate": "2006-03-16", "acceptedDate": "2006-03-16 10:48:00", "calendarYear": "2005", "period": "FY", "revenue": 57175000000, "costOfRevenue": 7907000000, "grossProfit": 49268000000, "grossProfitRatio": 0.8617052908, "researchAndDevelopmentExpenses": 0, "generalAndAdministrativeExpenses": 15054000000, "sellingAndMarketingExpenses": 1255000000, "sellingGeneralAndAdministrativeExpenses": 16309000000, "otherExpenses": 0, "operatingExpenses": 2185000000, "costAndExpenses": 10092000000, "interestIncome": 58626000000, "interestExpense": 27889000000, "depreciationAndAmortization": 1768000000, "ebitda": 26248000000, "ebitdaratio": 0.4590817665, "operatingIncome": 24480000000, "operatingIncomeRatio": 0.4281591605, "totalOtherIncomeExpensesNet": -21519000000, "incomeBeforeTax": 24480000000, "incomeBeforeTaxRatio": 0.4281591605, "incomeTaxExpense": 8015000000, "netIncome": 16465000000, "netIncomeRatio": 0.2879755138, "eps": 4.1, "epsdiluted": 4.04, "weightedAverageShsOut": 4008688000, "weightedAverageShsOutDil": 4068140000, "link": "https://www.sec.gov/Archives/edgar/data/70858/000119312506056053/0001193125-06-056053-index.htm", "finalLink": "https://www.sec.gov/Archives/edgar/data/70858/000119312506056053/d10k.htm", "calculatedOtherExpenses": 8479000000, "calculatedOperatingExpenses": 24788000000, "calculatedNetInterest": 30737000000, "calculatedOtherIncome": -30737000000, "calculatedIncomeNonControlling": 0, "calculatedEbitda": 26248000000}, {"date": "2004-12-31", "symbol": "BAC", "reportedCurrency": "USD", "cik": "0000070858", "fillingDate": "2005-03-01", "acceptedDate": "2005-03-01 16:46:19", "calendarYear": "2004", "period": "FY", "revenue": 51017000000, "costOfRevenue": 8032000000, "grossProfit": 42985000000, "grossProfitRatio": 0.8425622832, "researchAndDevelopmentExpenses": 0, "generalAndAdministrativeExpenses": 13473000000, "sellingAndMarketingExpenses": 1349000000, "sellingGeneralAndAdministrativeExpenses": 14822000000, "otherExpenses": 0, "operatingExpenses": 2185000000, "costAndExpenses": 10217000000, "interestIncome": 43227000000, "interestExpense": 14430000000, "depreciationAndAmortization": 1636000000, "ebitda": 22857000000, "ebitdaratio": 0.4480271282, "operatingIncome": 21221000000, "operatingIncomeRatio": 0.4159593861, "totalOtherIncomeExpensesNet": -17456000000, "incomeBeforeTax": 21221000000, "incomeBeforeTaxRatio": 0.4159593861, "incomeTaxExpense": 7078000000, "netIncome": 14143000000, "netIncomeRatio": 0.2772213184, "eps": 3.71, "epsdiluted": 3.64, "weightedAverageShsOut": 3758507000, "weightedAverageShsOutDil": 3823943000, "link": "https://www.sec.gov/Archives/edgar/data/70858/000119312505039878/0001193125-05-039878-index.htm", "finalLink": "https://www.sec.gov/Archives/edgar/data/70858/000119312505039878/d10k.htm", "calculatedOtherExpenses": 6942000000, "calculatedOperatingExpenses": 21764000000, "calculatedNetInterest": 28797000000, "calculatedOtherIncome": -28797000000, "calculatedIncomeNonControlling": 0, "calculatedEbitda": 22857000000}, {"date": "2003-12-31", "symbol": "BAC", "reportedCurrency": "USD", "cik": "0000070858", "fillingDate": "2004-03-01", "acceptedDate": "2004-03-01 16:38:59", "calendarYear": "2003", "period": "FY", "revenue": 38827000000, "costOfRevenue": 0, "grossProfit": 38827000000, "grossProfitRatio": 1, "researchAndDevelopmentExpenses": 0, "generalAndAdministrativeExpenses": 10446000000, "sellingAndMarketingExpenses": 985000000, "sellingGeneralAndAdministrativeExpenses": 11431000000, "otherExpenses": -34397000000, "operatingExpenses": -22966000000, "costAndExpenses": -22966000000, "interestIncome": 31643000000, "interestExpense": 10179000000, "depreciationAndAmortization": 1107000000, "ebitda": 16968000000, "ebitdaratio": 0.4370154789, "operatingIncome": 15861000000, "operatingIncomeRatio": 0.4085043913, "totalOtherIncomeExpensesNet": 0, "incomeBeforeTax": 15861000000, "incomeBeforeTaxRatio": 0.4085043913, "incomeTaxExpense": 5051000000, "netIncome": 10810000000, "netIncomeRatio": 0.2784145054, "eps": 3.64, "epsdiluted": 3.57, "weightedAverageShsOut": 2973406000, "weightedAverageShsOutDil": 3030356000, "link": "https://www.sec.gov/Archives/edgar/data/70858/000119312504032312/0001193125-04-032312-index.htm", "finalLink": "https://www.sec.gov/Archives/edgar/data/70858/000119312504032312/d10k.htm", "calculatedOtherExpenses": 11535000000, "calculatedOperatingExpenses": 22966000000, "calculatedNetInterest": 21464000000, "calculatedOtherIncome": -21464000000, "calculatedIncomeNonControlling": 0, "calculatedEbitda": 16968000000}, {"date": "2002-12-31", "symbol": "BAC", "reportedCurrency": "USD", "cik": "0000070858", "fillingDate": "2003-03-03", "acceptedDate": "2003-03-03 17:00:32", "calendarYear": "2002", "period": "FY", "revenue": 35124000000, "costOfRevenue": 0, "grossProfit": 35124000000, "grossProfitRatio": 1, "researchAndDevelopmentExpenses": 0, "generalAndAdministrativeExpenses": 9682000000, "sellingAndMarketingExpenses": 753000000, "sellingGeneralAndAdministrativeExpenses": 10435000000, "otherExpenses": -32568000000, "operatingExpenses": -22133000000, "costAndExpenses": -22133000000, "interestIncome": 32161000000, "interestExpense": 11238000000, "depreciationAndAmortization": 1104000000, "ebitda": 14095000000, "ebitdaratio": 0.4012925635, "operatingIncome": 12991000000, "operatingIncomeRatio": 0.3698610637, "totalOtherIncomeExpensesNet": 0, "incomeBeforeTax": 12991000000, "incomeBeforeTaxRatio": 0.3698610637, "incomeTaxExpense": 3742000000, "netIncome": 9249000000, "netIncomeRatio": 0.2633242228, "eps": 3.04, "epsdiluted": 2.96, "weightedAverageShsOut": 3040084000, "weightedAverageShsOutDil": 3130934000, "link": "https://www.sec.gov/Archives/edgar/data/70858/000102140803003673/0001021408-03-003673-index.htm", "finalLink": "https://www.sec.gov/Archives/edgar/data/70858/000102140803003673/d10k.htm", "calculatedOtherExpenses": 11698000000, "calculatedOperatingExpenses": 22133000000, "calculatedNetInterest": 20923000000, "calculatedOtherIncome": -20923000000, "calculatedIncomeNonControlling": 0, "calculatedEbitda": 14095000000}, {"date": "2001-12-31", "symbol": "BAC", "reportedCurrency": "USD", "cik": "0000070858", "fillingDate": "2002-03-27", "acceptedDate": "2002-03-27 00:00:00", "calendarYear": "2001", "period": "FY", "revenue": 35113000000, "costOfRevenue": 0, "grossProfit": 35113000000, "grossProfitRatio": 1, "researchAndDevelopmentExpenses": 0, "generalAndAdministrativeExpenses": 9829000000, "sellingAndMarketingExpenses": 682000000, "sellingGeneralAndAdministrativeExpenses": 10511000000, "otherExpenses": -35507000000, "operatingExpenses": -24996000000, "costAndExpenses": -24996000000, "interestIncome": 38293000000, "interestExpense": 18003000000, "depreciationAndAmortization": 1732000000, "ebitda": 11849000000, "ebitdaratio": 0.3374533649, "operatingIncome": 10117000000, "operatingIncomeRatio": 0.2881269046, "totalOtherIncomeExpensesNet": 0, "incomeBeforeTax": 10117000000, "incomeBeforeTaxRatio": 0.2881269046, "incomeTaxExpense": 3325000000, "netIncome": 6792000000, "netIncomeRatio": 0.1934326318, "eps": 2.13, "epsdiluted": 2.09, "weightedAverageShsOut": 3189914000, "weightedAverageShsOutDil": 3247368421, "link": "https://www.sec.gov/Archives/edgar/data/70858/000095016802000551/0000950168-02-000551-index.htm", "finalLink": "https://www.sec.gov/Archives/edgar/data/70858/000095016802000551/d10k.txt", "calculatedOtherExpenses": 14485000000, "calculatedOperatingExpenses": 24996000000, "calculatedNetInterest": 20290000000, "calculatedOtherIncome": -20290000000, "calculatedIncomeNonControlling": 0, "calculatedEbitda": 11849000000}, {"date": "2000-12-31", "symbol": "BAC", "reportedCurrency": "USD", "cik": "0000070858", "fillingDate": "2001-03-19", "acceptedDate": "2001-03-19 00:00:00", "calendarYear": "2000", "period": "FY", "revenue": 32956000000, "costOfRevenue": 0, "grossProfit": 32956000000, "grossProfitRatio": 1, "researchAndDevelopmentExpenses": 0, "generalAndAdministrativeExpenses": 9400000000, "sellingAndMarketingExpenses": 621000000, "sellingGeneralAndAdministrativeExpenses": 10021000000, "otherExpenses": -31189000000, "operatingExpenses": -21168000000, "costAndExpenses": -21168000000, "interestIncome": 43258000000, "interestExpense": 24816000000, "depreciationAndAmortization": 1784000000, "ebitda": 13572000000, "ebitdaratio": 0.411821823, "operatingIncome": 11788000000, "operatingIncomeRatio": 0.3576890399, "totalOtherIncomeExpensesNet": 0, "incomeBeforeTax": 11788000000, "incomeBeforeTaxRatio": 0.3576890399, "incomeTaxExpense": 4271000000, "netIncome": 7517000000, "netIncomeRatio": 0.2280920015, "eps": 2.28, "epsdiluted": 2.26, "weightedAverageShsOut": 3292796000, "weightedAverageShsOutDil": 3323451327, "link": "https://www.sec.gov/Archives/edgar/data/70858/000095016801000538/0000950168-01-000538-index.htm", "finalLink": "https://www.sec.gov/Archives/edgar/data/70858/000095016801000538/0000950168-01-000538-0001.txt", "calculatedOtherExpenses": 11147000000, "calculatedOperatingExpenses": 21168000000, "calculatedNetInterest": 18442000000, "calculatedOtherIncome": -18442000000, "calculatedIncomeNonControlling": 0, "calculatedEbitda": 13572000000}, {"date": "1999-12-31", "symbol": "BAC", "reportedCurrency": "USD", "cik": "0000070858", "fillingDate": "2000-03-20", "acceptedDate": "2000-03-20 00:00:00", "calendarYear": "1999", "period": "FY", "revenue": 32546000000, "costOfRevenue": 0, "grossProfit": 32546000000, "grossProfitRatio": 1, "researchAndDevelopmentExpenses": 0, "generalAndAdministrativeExpenses": 9308000000, "sellingAndMarketingExpenses": 537000000, "sellingGeneralAndAdministrativeExpenses": 9845000000, "otherExpenses": -30176000000, "operatingExpenses": -20331000000, "costAndExpenses": -20331000000, "interestIncome": 37323000000, "interestExpense": 19086000000, "depreciationAndAmortization": 1917000000, "ebitda": 14132000000, "ebitdaratio": 0.4342161863, "operatingIncome": 12215000000, "operatingIncomeRatio": 0.3753149389, "totalOtherIncomeExpensesNet": 0, "incomeBeforeTax": 12215000000, "incomeBeforeTaxRatio": 0.3753149389, "incomeTaxExpense": 4333000000, "netIncome": 7882000000, "netIncomeRatio": 0.2421802987, "eps": 2.28, "epsdiluted": 2.24, "weightedAverageShsOut": 3452012000, "weightedAverageShsOutDil": 3516071429, "link": "https://www.sec.gov/Archives/edgar/data/70858/000095016800000621/0000950168-00-000621-index.htm", "finalLink": "https://www.sec.gov/Archives/edgar/data/70858/000095016800000621/0000950168-00-000621.txt", "calculatedOtherExpenses": 10486000000, "calculatedOperatingExpenses": 20331000000, "calculatedNetInterest": 18237000000, "calculatedOtherIncome": -18237000000, "calculatedIncomeNonControlling": 0, "calculatedEbitda": 14132000000}, {"date": "1998-12-31", "symbol": "BAC", "reportedCurrency": "USD", "cik": "0000070858", "fillingDate": "1999-03-22", "acceptedDate": "1999-03-22 00:00:00", "calendarYear": "1998", "period": "FY", "revenue": 31504000000, "costOfRevenue": 0, "grossProfit": 31504000000, "grossProfitRatio": 1, "researchAndDevelopmentExpenses": 0, "generalAndAdministrativeExpenses": 9412000000, "sellingAndMarketingExpenses": 581000000, "sellingGeneralAndAdministrativeExpenses": 9993000000, "otherExpenses": -33449000000, "operatingExpenses": -23456000000, "costAndExpenses": -23456000000, "interestIncome": 38588000000, "interestExpense": 20290000000, "depreciationAndAmortization": 1998000000, "ebitda": 10046000000, "ebitdaratio": 0.3188801422, "operatingIncome": 8048000000, "operatingIncomeRatio": 0.2554596242, "totalOtherIncomeExpensesNet": 0, "incomeBeforeTax": 8048000000, "incomeBeforeTaxRatio": 0.2554596242, "incomeTaxExpense": 2883000000, "netIncome": 5165000000, "netIncomeRatio": 0.1639474352, "eps": 1.49, "epsdiluted": 1.45, "weightedAverageShsOut": 3464114000, "weightedAverageShsOutDil": 3544827586, "link": "https://www.sec.gov/Archives/edgar/data/70858/000095016899000782/0000950168-99-000782-index.htm", "finalLink": "https://www.sec.gov/Archives/edgar/data/70858/0000950168-99-000782.txt", "calculatedOtherExpenses": 13463000000, "calculatedOperatingExpenses": 23456000000, "calculatedNetInterest": 18298000000, "calculatedOtherIncome": -18298000000, "calculatedIncomeNonControlling": 0, "calculatedEbitda": 10046000000}, {"date": "1997-12-31", "symbol": "BAC", "reportedCurrency": "USD", "cik": "0000070858", "fillingDate": "1998-03-13", "acceptedDate": "1998-03-13 00:00:00", "calendarYear": "1997", "period": "FY", "revenue": 13053000000, "costOfRevenue": 0, "grossProfit": 13053000000, "grossProfitRatio": 1, "researchAndDevelopmentExpenses": 0, "generalAndAdministrativeExpenses": 3643000000, "sellingAndMarketingExpenses": 300000000, "sellingGeneralAndAdministrativeExpenses": 3943000000, "otherExpenses": -12200000000, "operatingExpenses": -8257000000, "costAndExpenses": -8257000000, "interestIncome": 16579000000, "interestExpense": 8681000000, "depreciationAndAmortization": 865000000, "ebitda": 5661000000, "ebitdaratio": 0.4336934038, "operatingIncome": 4796000000, "operatingIncomeRatio": 0.367425113, "totalOtherIncomeExpensesNet": 0, "incomeBeforeTax": 4796000000, "incomeBeforeTaxRatio": 0.367425113, "incomeTaxExpense": 1719000000, "netIncome": 3077000000, "netIncomeRatio": 0.2357312495, "eps": 1.86, "epsdiluted": 1.81, "weightedAverageShsOut": 3466388000, "weightedAverageShsOutDil": 3466388000, "link": "https://www.sec.gov/Archives/edgar/data/70858/000095016898000724/0000950168-98-000724-index.htm", "finalLink": "https://www.sec.gov/Archives/edgar/data/70858/0000950168-98-000724.txt", "calculatedOtherExpenses": 4314000000, "calculatedOperatingExpenses": 8257000000, "calculatedNetInterest": 7898000000, "calculatedOtherIncome": -7898000000, "calculatedIncomeNonControlling": 0, "calculatedEbitda": 5661000000}, {"date": "1996-12-31", "symbol": "BAC", "reportedCurrency": "USD", "cik": "0000070858", "fillingDate": "1997-03-28", "acceptedDate": "1997-03-28 00:00:00", "calendarYear": "1996", "period": "FY", "revenue": 10042000000, "costOfRevenue": 0, "grossProfit": 10042000000, "grossProfitRatio": 1, "researchAndDevelopmentExpenses": 0, "generalAndAdministrativeExpenses": 0, "sellingAndMarketingExpenses": 0, "sellingGeneralAndAdministrativeExpenses": 0, "otherExpenses": -6408000000, "operatingExpenses": -6408000000, "costAndExpenses": -6408000000, "interestIncome": 13796000000, "interestExpense": 7467000000, "depreciationAndAmortization": 442000000, "ebitda": 4076000000, "ebitdaratio": 0.40589524, "operatingIncome": 3634000000, "operatingIncomeRatio": 0.3618801036, "totalOtherIncomeExpensesNet": 0, "incomeBeforeTax": 3634000000, "incomeBeforeTaxRatio": 0.3618801036, "incomeTaxExpense": 1259000000, "netIncome": 2375000000, "netIncomeRatio": 0.236506672, "eps": 2, "epsdiluted": 1.96, "weightedAverageShsOut": 1180432000, "weightedAverageShsOutDil": 1202777778, "link": "https://www.sec.gov/Archives/edgar/data/70858/000095016897000739/0000950168-97-000739-index.htm", "finalLink": "https://www.sec.gov/Archives/edgar/data/70858/0000950168-97-000739.txt", "calculatedOtherExpenses": 6408000000, "calculatedOperatingExpenses": 6408000000, "calculatedNetInterest": 6329000000, "calculatedOtherIncome": -6329000000, "calculatedIncomeNonControlling": 0, "calculatedEbitda": 4076000000}, {"date": "1995-12-31", "symbol": "BAC", "reportedCurrency": "USD", "cik": "0000070858", "fillingDate": "1996-03-29", "acceptedDate": "1996-03-29 00:00:00", "calendarYear": "1995", "period": "FY", "revenue": 8536000000, "costOfRevenue": 0, "grossProfit": 8536000000, "grossProfitRatio": 1, "researchAndDevelopmentExpenses": 0, "generalAndAdministrativeExpenses": 0, "sellingAndMarketingExpenses": 0, "sellingGeneralAndAdministrativeExpenses": 0, "otherExpenses": -5545000000, "operatingExpenses": -5545000000, "costAndExpenses": -5545000000, "interestIncome": 13220000000, "interestExpense": 7773000000, "depreciationAndAmortization": 399000000, "ebitda": 3390000000, "ebitdaratio": 0.3971415183, "operatingIncome": 2991000000, "operatingIncomeRatio": 0.350398313, "totalOtherIncomeExpensesNet": 0, "incomeBeforeTax": 2991000000, "incomeBeforeTaxRatio": 0.350398313, "incomeTaxExpense": 1041000000, "netIncome": 1950000000, "netIncomeRatio": 0.2284442362, "eps": 1.78, "epsdiluted": 1.76, "weightedAverageShsOut": 1089918000, "weightedAverageShsOutDil": 1103409091, "link": "https://www.sec.gov/Archives/edgar/data/70858/000095016896000536/0000950168-96-000536-index.htm", "finalLink": "https://www.sec.gov/Archives/edgar/data/70858/0000950168-96-000536.txt", "calculatedOtherExpenses": 5545000000, "calculatedOperatingExpenses": 5545000000, "calculatedNetInterest": 5447000000, "calculatedOtherIncome": -5447000000, "calculatedIncomeNonControlling": 0, "calculatedEbitda": 3390000000}, {"date": "1994-12-31", "symbol": "BAC", "reportedCurrency": "USD", "cik": "0000070858", "fillingDate": "1995-03-30", "acceptedDate": "1995-03-30 00:00:00", "calendarYear": "1994", "period": "FY", "revenue": 7807000000, "costOfRevenue": 0, "grossProfit": 7807000000, "grossProfitRatio": 1, "researchAndDevelopmentExpenses": 0, "generalAndAdministrativeExpenses": 0, "sellingAndMarketingExpenses": 0, "sellingGeneralAndAdministrativeExpenses": 0, "otherExpenses": -5252000000, "operatingExpenses": -5252000000, "costAndExpenses": -5252000000, "interestIncome": 10529000000, "interestExpense": 5318000000, "depreciationAndAmortization": 406000000, "ebitda": 2961000000, "ebitdaratio": 0.3792750096, "operatingIncome": 2555000000, "operatingIncomeRatio": 0.3272703984, "totalOtherIncomeExpensesNet": 0, "incomeBeforeTax": 2555000000, "incomeBeforeTaxRatio": 0.3272703984, "incomeTaxExpense": 865000000, "netIncome": 1690000000, "netIncomeRatio": 0.2164723966, "eps": 1.53, "epsdiluted": 1.52, "weightedAverageShsOut": 1098624000, "weightedAverageShsOutDil": 1108910891, "link": "https://www.sec.gov/Archives/edgar/data/70858/000095016895000247/0000950168-95-000247-index.htm", "finalLink": "https://www.sec.gov/Archives/edgar/data/70858/000095016895000247/", "calculatedOtherExpenses": 5252000000, "calculatedOperatingExpenses": 5252000000, "calculatedNetInterest": 5211000000, "calculatedOtherIncome": -5211000000, "calculatedIncomeNonControlling": 0, "calculatedEbitda": 2961000000}, {"date": "1993-12-31", "symbol": "BAC", "reportedCurrency": "USD", "cik": "0000070858", "fillingDate": "1994-03-30", "acceptedDate": "1994-03-30 00:00:00", "calendarYear": "1993", "period": "FY", "revenue": 6822000000, "costOfRevenue": 0, "grossProfit": 6822000000, "grossProfitRatio": 1, "researchAndDevelopmentExpenses": 0, "generalAndAdministrativeExpenses": 0, "sellingAndMarketingExpenses": 0, "sellingGeneralAndAdministrativeExpenses": 0, "otherExpenses": -4631000000, "operatingExpenses": -4631000000, "costAndExpenses": -4631000000, "interestIncome": 8207000000, "interestExpense": 3570000000, "depreciationAndAmortization": 352000000, "ebitda": 2543000000, "ebitdaratio": 0.3727645852, "operatingIncome": 2191000000, "operatingIncomeRatio": 0.3211668133, "totalOtherIncomeExpensesNet": -200000000, "incomeBeforeTax": 1991000000, "incomeBeforeTaxRatio": 0.2918498974, "incomeTaxExpense": 690000000, "netIncome": 1501000000, "netIncomeRatio": 0.2200234535, "eps": 1.45, "epsdiluted": 1.43, "weightedAverageShsOut": 1031833910, "weightedAverageShsOutDil": 1042657343, "link": "https://www.sec.gov/Archives/edgar/data/70858/000095016894000099/0000950168-94-000099-index.htm", "finalLink": "https://www.sec.gov/Archives/edgar/data/70858/0000950168-94-000099.txt", "calculatedOtherExpenses": 4631000000, "calculatedOperatingExpenses": 4631000000, "calculatedNetInterest": 4637000000, "calculatedOtherIncome": -4837000000, "calculatedIncomeNonControlling": -200000000, "calculatedEbitda": 2543000000}, {"date": "1992-12-31", "symbol": "BAC", "reportedCurrency": "USD", "cik": "0000070858", "fillingDate": "1992-12-31", "acceptedDate": "1992-12-30 19:00:00", "calendarYear": "1992", "period": "FY", "revenue": 6260000000, "costOfRevenue": 0, "grossProfit": 6260000000, "grossProfitRatio": 1, "researchAndDevelopmentExpenses": 0, "generalAndAdministrativeExpenses": 0, "sellingAndMarketingExpenses": 0, "sellingGeneralAndAdministrativeExpenses": 0, "otherExpenses": -4864000000, "operatingExpenses": -4864000000, "costAndExpenses": -4864000000, "interestIncome": 7780000000, "interestExpense": 3682000000, "depreciationAndAmortization": 339000000, "ebitda": 1735000000, "ebitdaratio": 0.2771565495, "operatingIncome": 1396000000, "operatingIncomeRatio": 0.2230031949, "totalOtherIncomeExpensesNet": 0, "incomeBeforeTax": 1396000000, "incomeBeforeTaxRatio": 0.2230031949, "incomeTaxExpense": 251000000, "netIncome": 1145000000, "netIncomeRatio": 0.1829073482, "eps": 1.15, "epsdiluted": 1.13, "weightedAverageShsOut": 974782609, "weightedAverageShsOutDil": 992035398, "link": null, "finalLink": null, "calculatedOtherExpenses": 4864000000, "calculatedOperatingExpenses": 4864000000, "calculatedNetInterest": 4098000000, "calculatedOtherIncome": -4098000000, "calculatedIncomeNonControlling": 0, "calculatedEbitda": 1735000000}]}