{"originalCurrency": "USD", "convertedCurrency": "USD", "report": [{"date": "2023-03-31", "symbol": "BAH", "reportedCurrency": "USD", "cik": "0001443646", "fillingDate": "2023-05-26", "acceptedDate": "2023-05-26 06:50:12", "calendarYear": "2023", "period": "FY", "revenue": 9258911000, "costOfRevenue": 4304810000, "grossProfit": 4954101000, "grossProfitRatio": 0.5350630328, "researchAndDevelopmentExpenses": 0, "generalAndAdministrativeExpenses": 4341769000, "sellingAndMarketingExpenses": 0, "sellingGeneralAndAdministrativeExpenses": 4341769000, "otherExpenses": 165484000, "operatingExpenses": 4507253000, "costAndExpenses": 8812063000, "interestIncome": 110250000, "interestExpense": 116737000, "depreciationAndAmortization": 202085000, "ebitda": 648933000, "ebitdaratio": 0.0700874001, "operatingIncome": 446848000, "operatingIncomeRatio": 0.0482613992, "totalOtherIncomeExpensesNet": -78899000, "incomeBeforeTax": 367949000, "incomeBeforeTaxRatio": 0.0397399867, "incomeTaxExpense": 96734000, "netIncome": 271791000, "netIncomeRatio": 0.0293545321, "eps": 2.04, "epsdiluted": 2.03, "weightedAverageShsOut": 132161645, "weightedAverageShsOutDil": 132716435, "link": "https://www.sec.gov/Archives/edgar/data/1443646/000144364623000089/0001443646-23-000089-index.htm", "finalLink": "https://www.sec.gov/Archives/edgar/data/1443646/000144364623000089/bah-20230331.htm", "calculatedOtherExpenses": 165484000, "calculatedOperatingExpenses": 4507253000, "calculatedNetInterest": -6487000, "calculatedOtherIncome": -72412000, "calculatedIncomeNonControlling": -576000, "calculatedEbitda": 648933000}, {"date": "2022-03-31", "symbol": "BAH", "reportedCurrency": "USD", "cik": "0001443646", "fillingDate": "2022-05-20", "acceptedDate": "2022-05-20 06:50:34", "calendarYear": "2022", "period": "FY", "revenue": 8363700000, "costOfRevenue": 3899622000, "grossProfit": 4464078000, "grossProfitRatio": 0.5337443954, "researchAndDevelopmentExpenses": 0, "generalAndAdministrativeExpenses": 3633150000, "sellingAndMarketingExpenses": 0, "sellingGeneralAndAdministrativeExpenses": 3633150000, "otherExpenses": 145747000, "operatingExpenses": 3778897000, "costAndExpenses": 7678519000, "interestIncome": 92352000, "interestExpense": 70198000, "depreciationAndAmortization": 152342000, "ebitda": 837523000, "ebitdaratio": 0.1001378576, "operatingIncome": 685181000, "operatingIncomeRatio": 0.0819231919, "totalOtherIncomeExpensesNet": -81138000, "incomeBeforeTax": 604043000, "incomeBeforeTaxRatio": 0.0722219831, "incomeTaxExpense": 137466000, "netIncome": 466740000, "netIncomeRatio": 0.055805445, "eps": 3.46, "epsdiluted": 3.44, "weightedAverageShsOut": 134134034, "weightedAverageShsOutDil": 134850808, "link": "https://www.sec.gov/Archives/edgar/data/1443646/000144364622000058/0001443646-22-000058-index.htm", "finalLink": "https://www.sec.gov/Archives/edgar/data/1443646/000144364622000058/bah-20220331.htm", "calculatedOtherExpenses": 145747000, "calculatedOperatingExpenses": 3778897000, "calculatedNetInterest": 22154000, "calculatedOtherIncome": -103292000, "calculatedIncomeNonControlling": -163000, "calculatedEbitda": 837523000}, {"date": "2021-03-31", "symbol": "BAH", "reportedCurrency": "USD", "cik": "0001443646", "fillingDate": "2021-05-21", "acceptedDate": "2021-05-21 06:52:16", "calendarYear": "2021", "period": "FY", "revenue": 7858938000, "costOfRevenue": 3657530000, "grossProfit": 4201408000, "grossProfitRatio": 0.5346025125, "researchAndDevelopmentExpenses": 0, "generalAndAdministrativeExpenses": 3362722000, "sellingAndMarketingExpenses": 0, "sellingGeneralAndAdministrativeExpenses": 3362722000, "otherExpenses": 84315000, "operatingExpenses": 3447037000, "costAndExpenses": 7104567000, "interestIncome": 81270000, "interestExpense": 56316000, "depreciationAndAmortization": 69257000, "ebitda": 823628000, "ebitdaratio": 0.1048014375, "operatingIncome": 754371000, "operatingIncomeRatio": 0.0959889237, "totalOtherIncomeExpensesNet": -91932000, "incomeBeforeTax": 662439000, "incomeBeforeTaxRatio": 0.08429116, "incomeTaxExpense": 53481000, "netIncome": 608958000, "netIncomeRatio": 0.077486042, "eps": 4.4, "epsdiluted": 4.37, "weightedAverageShsOut": 137722589, "weightedAverageShsOutDil": 138703220, "link": "https://www.sec.gov/Archives/edgar/data/1443646/000144364621000079/0001443646-21-000079-index.htm", "finalLink": "https://www.sec.gov/Archives/edgar/data/1443646/000144364621000079/bah-20210331.htm", "calculatedOtherExpenses": 84315000, "calculatedOperatingExpenses": 3447037000, "calculatedNetInterest": 24954000, "calculatedOtherIncome": -116886000, "calculatedIncomeNonControlling": 0, "calculatedEbitda": 823628000}, {"date": "2020-03-31", "symbol": "BAH", "reportedCurrency": "USD", "cik": "0001443646", "fillingDate": "2020-05-26", "acceptedDate": "2020-05-26 07:00:36", "calendarYear": "2020", "period": "FY", "revenue": 7463841000, "costOfRevenue": 3379180000, "grossProfit": 4084661000, "grossProfitRatio": 0.5472599162, "researchAndDevelopmentExpenses": 0, "generalAndAdministrativeExpenses": 3334378000, "sellingAndMarketingExpenses": 0, "sellingGeneralAndAdministrativeExpenses": 3334378000, "otherExpenses": 81081000, "operatingExpenses": 3415459000, "costAndExpenses": 6794639000, "interestIncome": 96960000, "interestExpense": 90178000, "depreciationAndAmortization": 83585000, "ebitda": 752787000, "ebitdaratio": 0.1008578559, "operatingIncome": 669202000, "operatingIncomeRatio": 0.0896591983, "totalOtherIncomeExpensesNet": -89768000, "incomeBeforeTax": 579434000, "incomeBeforeTaxRatio": 0.0776321468, "incomeTaxExpense": 96831000, "netIncome": 482603000, "netIncomeRatio": 0.0646587997, "eps": 3.43, "epsdiluted": 3.41, "weightedAverageShsOut": 140059494, "weightedAverageShsOutDil": 141238135, "link": "https://www.sec.gov/Archives/edgar/data/1443646/000144364620000086/0001443646-20-000086-index.htm", "finalLink": "https://www.sec.gov/Archives/edgar/data/1443646/000144364620000086/bah-20200331x10k.htm", "calculatedOtherExpenses": 81081000, "calculatedOperatingExpenses": 3415459000, "calculatedNetInterest": 6782000, "calculatedOtherIncome": -96550000, "calculatedIncomeNonControlling": 0, "calculatedEbitda": 752787000}, {"date": "2019-03-31", "symbol": "BAH", "reportedCurrency": "USD", "cik": "0001443646", "fillingDate": "2019-05-28", "acceptedDate": "2019-05-28 07:08:00", "calendarYear": "2019", "period": "FY", "revenue": 6704037000, "costOfRevenue": 3100466000, "grossProfit": 3603571000, "grossProfitRatio": 0.5375225405, "researchAndDevelopmentExpenses": 0, "generalAndAdministrativeExpenses": 2932602000, "sellingAndMarketingExpenses": 0, "sellingGeneralAndAdministrativeExpenses": 2932602000, "otherExpenses": 2526000, "operatingExpenses": 3001177000, "costAndExpenses": 6101643000, "interestIncome": 89517000, "interestExpense": 84465000, "depreciationAndAmortization": 68575000, "ebitda": 668443000, "ebitdaratio": 0.0997075344, "operatingIncome": 602394000, "operatingIncomeRatio": 0.089855411, "totalOtherIncomeExpensesNet": 2526000, "incomeBeforeTax": 515403000, "incomeBeforeTaxRatio": 0.0768794981, "incomeTaxExpense": 96874000, "netIncome": 418529000, "netIncomeRatio": 0.0624293989, "eps": 2.95, "epsdiluted": 2.92, "weightedAverageShsOut": 141910799, "weightedAverageShsOutDil": 143156176, "link": "https://www.sec.gov/Archives/edgar/data/1443646/000144364619000093/0001443646-19-000093-index.htm", "finalLink": "https://www.sec.gov/Archives/edgar/data/1443646/000144364619000093/bah-20190331x10k.htm", "calculatedOtherExpenses": 68575000, "calculatedOperatingExpenses": 3001177000, "calculatedNetInterest": 5052000, "calculatedOtherIncome": -92043000, "calculatedIncomeNonControlling": 0, "calculatedEbitda": 670969000}, {"date": "2018-03-31", "symbol": "BAH", "reportedCurrency": "USD", "cik": "0001443646", "fillingDate": "2018-05-29", "acceptedDate": "2018-05-29 07:02:25", "calendarYear": "2018", "period": "FY", "revenue": 6171853000, "costOfRevenue": 2867103000, "grossProfit": 3304750000, "grossProfitRatio": 0.5354550732, "researchAndDevelopmentExpenses": 0, "generalAndAdministrativeExpenses": 2719909000, "sellingAndMarketingExpenses": 0, "sellingGeneralAndAdministrativeExpenses": 2719909000, "otherExpenses": 188000, "operatingExpenses": 2784665000, "costAndExpenses": 5651768000, "interestIncome": 0, "interestExpense": 82269000, "depreciationAndAmortization": 64756000, "ebitda": 585029000, "ebitdaratio": 0.0947898467, "operatingIncome": 520085000, "operatingIncomeRatio": 0.0842672371, "totalOtherIncomeExpensesNet": 188000, "incomeBeforeTax": 438004000, "incomeBeforeTaxRatio": 0.0709679897, "incomeTaxExpense": 132893000, "netIncome": 305111000, "netIncomeRatio": 0.0494358825, "eps": 2.09, "epsdiluted": 2.07, "weightedAverageShsOut": 145964574, "weightedAverageShsOutDil": 147750022, "link": "https://www.sec.gov/Archives/edgar/data/1443646/000144364618000100/0001443646-18-000100-index.htm", "finalLink": "https://www.sec.gov/Archives/edgar/data/1443646/000144364618000100/bah-20180331x10k.htm", "calculatedOtherExpenses": 64756000, "calculatedOperatingExpenses": 2784665000, "calculatedNetInterest": -82269000, "calculatedOtherIncome": 188000, "calculatedIncomeNonControlling": 0, "calculatedEbitda": 584841000}, {"date": "2017-03-31", "symbol": "BAH", "reportedCurrency": "USD", "cik": "0001443646", "fillingDate": "2017-05-22", "acceptedDate": "2017-05-22 15:32:55", "calendarYear": "2017", "period": "FY", "revenue": 5804284000, "costOfRevenue": 2691982000, "grossProfit": 3112302000, "grossProfitRatio": 0.536207739, "researchAndDevelopmentExpenses": 0, "generalAndAdministrativeExpenses": 2568511000, "sellingAndMarketingExpenses": 0, "sellingGeneralAndAdministrativeExpenses": 2568511000, "otherExpenses": -10049000, "operatingExpenses": 2628055000, "costAndExpenses": 5320037000, "interestIncome": 0, "interestExpense": 62298000, "depreciationAndAmortization": 59544000, "ebitda": 533742000, "ebitdaratio": 0.0919565617, "operatingIncome": 484247000, "operatingIncomeRatio": 0.0834292395, "totalOtherIncomeExpensesNet": -10049000, "incomeBeforeTax": 411900000, "incomeBeforeTaxRatio": 0.0709648253, "incomeTaxExpense": 159410000, "netIncome": 252490000, "netIncomeRatio": 0.0435006282, "eps": 1.69, "epsdiluted": 1.67, "weightedAverageShsOut": 149402367, "weightedAverageShsOutDil": 151191617, "link": "https://www.sec.gov/Archives/edgar/data/1443646/000144364617000050/0001443646-17-000050-index.htm", "finalLink": "https://www.sec.gov/Archives/edgar/data/1443646/000144364617000050/bah-20170331x10k.htm", "calculatedOtherExpenses": 59544000, "calculatedOperatingExpenses": 2628055000, "calculatedNetInterest": -62298000, "calculatedOtherIncome": -10049000, "calculatedIncomeNonControlling": 0, "calculatedEbitda": 543791000}, {"date": "2016-03-31", "symbol": "BAH", "reportedCurrency": "USD", "cik": "0001443646", "fillingDate": "2016-05-19", "acceptedDate": "2016-05-19 15:34:53", "calendarYear": "2016", "period": "FY", "revenue": 5405738000, "costOfRevenue": 2580026000, "grossProfit": 2825712000, "grossProfitRatio": 0.5227245568, "researchAndDevelopmentExpenses": 0, "generalAndAdministrativeExpenses": 2319592000, "sellingAndMarketingExpenses": 0, "sellingGeneralAndAdministrativeExpenses": 2319592000, "otherExpenses": 5693000, "operatingExpenses": 2381128000, "costAndExpenses": 4961154000, "interestIncome": 0, "interestExpense": 70815000, "depreciationAndAmortization": 61536000, "ebitda": 511813000, "ebitdaratio": 0.0946795794, "operatingIncome": 444584000, "operatingIncomeRatio": 0.0822429796, "totalOtherIncomeExpensesNet": 5693000, "incomeBeforeTax": 379462000, "incomeBeforeTaxRatio": 0.0701961508, "incomeTaxExpense": 85368000, "netIncome": 294094000, "netIncomeRatio": 0.0544040425, "eps": 1.98, "epsdiluted": 1.94, "weightedAverageShsOut": 148532323, "weightedAverageShsOutDil": 151594845, "link": "https://www.sec.gov/Archives/edgar/data/1443646/000144364616000138/0001443646-16-000138-index.htm", "finalLink": "https://www.sec.gov/Archives/edgar/data/1443646/000144364616000138/bah-20160331x10k.htm", "calculatedOtherExpenses": 61536000, "calculatedOperatingExpenses": 2381128000, "calculatedNetInterest": -70815000, "calculatedOtherIncome": 5693000, "calculatedIncomeNonControlling": 0, "calculatedEbitda": 506120000}, {"date": "2015-03-31", "symbol": "BAH", "reportedCurrency": "USD", "cik": "0001443646", "fillingDate": "2015-05-21", "acceptedDate": "2015-05-21 12:08:46", "calendarYear": "2015", "period": "FY", "revenue": 5274770000, "costOfRevenue": 2593849000, "grossProfit": 2680921000, "grossProfitRatio": 0.50825363, "researchAndDevelopmentExpenses": 0, "generalAndAdministrativeExpenses": 2159439000, "sellingAndMarketingExpenses": 0, "sellingGeneralAndAdministrativeExpenses": 2159439000, "otherExpenses": -1072000, "operatingExpenses": 2222099000, "costAndExpenses": 4815948000, "interestIncome": 0, "interestExpense": 71832000, "depreciationAndAmortization": 62660000, "ebitda": 520410000, "ebitdaratio": 0.0986602259, "operatingIncome": 458822000, "operatingIncomeRatio": 0.0869842666, "totalOtherIncomeExpensesNet": -1072000, "incomeBeforeTax": 385918000, "incomeBeforeTaxRatio": 0.0731630005, "incomeTaxExpense": 153349000, "netIncome": 232569000, "netIncomeRatio": 0.0440908324, "eps": 1.58, "epsdiluted": 1.52, "weightedAverageShsOut": 147195570, "weightedAverageShsOutDil": 153005921, "link": "https://www.sec.gov/Archives/edgar/data/1443646/000144364615000018/0001443646-15-000018-index.htm", "finalLink": "https://www.sec.gov/Archives/edgar/data/1443646/000144364615000018/bah-20150331x10k.htm", "calculatedOtherExpenses": 62660000, "calculatedOperatingExpenses": 2222099000, "calculatedNetInterest": -71832000, "calculatedOtherIncome": -1072000, "calculatedIncomeNonControlling": 0, "calculatedEbitda": 521482000}, {"date": "2014-03-31", "symbol": "BAH", "reportedCurrency": "USD", "cik": "0001443646", "fillingDate": "2014-05-22", "acceptedDate": "2014-05-22 15:50:53", "calendarYear": "2014", "period": "FY", "revenue": 5478693000, "costOfRevenue": 2716113000, "grossProfit": 2762580000, "grossProfitRatio": 0.5042407012, "researchAndDevelopmentExpenses": 0, "generalAndAdministrativeExpenses": 2229642000, "sellingAndMarketingExpenses": 0, "sellingGeneralAndAdministrativeExpenses": 2229642000, "otherExpenses": -1794000, "operatingExpenses": 2301969000, "costAndExpenses": 5018082000, "interestIncome": 0, "interestExpense": 78030000, "depreciationAndAmortization": 72327000, "ebitda": 531144000, "ebitdaratio": 0.0969472099, "operatingIncome": 460611000, "operatingIncomeRatio": 0.0840731539, "totalOtherIncomeExpensesNet": -1794000, "incomeBeforeTax": 380787000, "incomeBeforeTaxRatio": 0.0695032556, "incomeTaxExpense": 148599000, "netIncome": 232188000, "netIncomeRatio": 0.0423801808, "eps": 1.62, "epsdiluted": 1.54, "weightedAverageShsOut": 143325926, "weightedAverageShsOutDil": 150771429, "link": "https://www.sec.gov/Archives/edgar/data/1443646/000144364614000015/0001443646-14-000015-index.htm", "finalLink": "https://www.sec.gov/Archives/edgar/data/1443646/000144364614000015/bah-20140331x10k.htm", "calculatedOtherExpenses": 72327000, "calculatedOperatingExpenses": 2301969000, "calculatedNetInterest": -78030000, "calculatedOtherIncome": -1794000, "calculatedIncomeNonControlling": 0, "calculatedEbitda": 532938000}, {"date": "2013-03-31", "symbol": "BAH", "reportedCurrency": "USD", "cik": "0001443646", "fillingDate": "2013-05-23", "acceptedDate": "2013-05-23 15:46:01", "calendarYear": "2013", "period": "FY", "revenue": 5758059000, "costOfRevenue": 2871240000, "grossProfit": 2886819000, "grossProfitRatio": 0.5013527996, "researchAndDevelopmentExpenses": 0, "generalAndAdministrativeExpenses": 2366576000, "sellingAndMarketingExpenses": 0, "sellingGeneralAndAdministrativeExpenses": 2366576000, "otherExpenses": -7639000, "operatingExpenses": 2440585000, "costAndExpenses": 5311825000, "interestIncome": 0, "interestExpense": 70284000, "depreciationAndAmortization": 74009000, "ebitda": 512604000, "ebitdaratio": 0.0890237491, "operatingIncome": 446234000, "operatingIncomeRatio": 0.0774972955, "totalOtherIncomeExpensesNet": -7639000, "incomeBeforeTax": 368311000, "incomeBeforeTaxRatio": 0.0639644366, "incomeTaxExpense": 149253000, "netIncome": 219058000, "netIncomeRatio": 0.0380437227, "eps": 1.56, "epsdiluted": 1.45, "weightedAverageShsOut": 140421795, "weightedAverageShsOutDil": 151074483, "link": "https://www.sec.gov/Archives/edgar/data/1443646/000144364613000010/0001443646-13-000010-index.htm", "finalLink": "https://www.sec.gov/Archives/edgar/data/1443646/000144364613000010/bah-20130331x10k.htm", "calculatedOtherExpenses": 74009000, "calculatedOperatingExpenses": 2440585000, "calculatedNetInterest": -70284000, "calculatedOtherIncome": -7639000, "calculatedIncomeNonControlling": 0, "calculatedEbitda": 520243000}, {"date": "2012-03-31", "symbol": "BAH", "reportedCurrency": "USD", "cik": "0001443646", "fillingDate": "2012-05-30", "acceptedDate": "2012-05-30 17:18:10", "calendarYear": "2012", "period": "FY", "revenue": 5859218000, "costOfRevenue": 2934378000, "grossProfit": 2924840000, "grossProfitRatio": 0.4991860689, "researchAndDevelopmentExpenses": 0, "generalAndAdministrativeExpenses": 2446543000, "sellingAndMarketingExpenses": 0, "sellingGeneralAndAdministrativeExpenses": 2446543000, "otherExpenses": 75205000, "operatingExpenses": 2521748000, "costAndExpenses": 5456126000, "interestIncome": 0, "interestExpense": 48078000, "depreciationAndAmortization": 75205000, "ebitda": 478297000, "ebitdaratio": 0.081631542, "operatingIncome": 403092000, "operatingIncomeRatio": 0.0687962114, "totalOtherIncomeExpensesNet": -11140000, "incomeBeforeTax": 343874000, "incomeBeforeTaxRatio": 0.0586894019, "incomeTaxExpense": 103919000, "netIncome": 239955000, "netIncomeRatio": 0.0409534173, "eps": 1.83, "epsdiluted": 1.7, "weightedAverageShsOut": 130145689, "weightedAverageShsOutDil": 140812012, "link": "https://www.sec.gov/Archives/edgar/data/1443646/000119312512253723/0001193125-12-253723-index.htm", "finalLink": "https://www.sec.gov/Archives/edgar/data/1443646/000119312512253723/d288735d10k.htm", "calculatedOtherExpenses": 75205000, "calculatedOperatingExpenses": 2521748000, "calculatedNetInterest": -48078000, "calculatedOtherIncome": -11140000, "calculatedIncomeNonControlling": 0, "calculatedEbitda": 478297000}, {"date": "2011-03-31", "symbol": "BAH", "reportedCurrency": "USD", "cik": "0001443646", "fillingDate": "2011-06-08", "acceptedDate": "2011-06-08 16:39:41", "calendarYear": "2011", "period": "FY", "revenue": 5591296000, "costOfRevenue": 2836955000, "grossProfit": 2754341000, "grossProfitRatio": 0.4926122674, "researchAndDevelopmentExpenses": 0, "generalAndAdministrativeExpenses": 2354294000, "sellingAndMarketingExpenses": 0, "sellingGeneralAndAdministrativeExpenses": 2354294000, "otherExpenses": 80603000, "operatingExpenses": 2434897000, "costAndExpenses": 5271852000, "interestIncome": 0, "interestExpense": 131892000, "depreciationAndAmortization": 80603000, "ebitda": 340559000, "ebitdaratio": 0.0609087768, "operatingIncome": 319444000, "operatingIncomeRatio": 0.0571323715, "totalOtherIncomeExpensesNet": -191380000, "incomeBeforeTax": 128064000, "incomeBeforeTaxRatio": 0.0229041711, "incomeTaxExpense": 43370000, "netIncome": 84694000, "netIncomeRatio": 0.0151474721, "eps": 0.74, "epsdiluted": 0.66, "weightedAverageShsOut": 114478947, "weightedAverageShsOutDil": 127448700, "link": "https://www.sec.gov/Archives/edgar/data/1443646/000095012311057569/0000950123-11-057569-index.htm", "finalLink": "https://www.sec.gov/Archives/edgar/data/1443646/000095012311057569/w82973e10vk.htm", "calculatedOtherExpenses": 80603000, "calculatedOperatingExpenses": 2434897000, "calculatedNetInterest": -131892000, "calculatedOtherIncome": -59488000, "calculatedIncomeNonControlling": 0, "calculatedEbitda": 400047000}, {"date": "2010-03-31", "symbol": "BAH", "reportedCurrency": "USD", "cik": "0001443646", "fillingDate": "2010-03-31", "acceptedDate": "2010-03-30 20:00:00", "calendarYear": "2010", "period": "FY", "revenue": 5122633000, "costOfRevenue": 2654143000, "grossProfit": 2468490000, "grossProfitRatio": 0.481879143, "researchAndDevelopmentExpenses": 0, "generalAndAdministrativeExpenses": 2173173000, "sellingAndMarketingExpenses": 0, "sellingGeneralAndAdministrativeExpenses": 2173173000, "otherExpenses": 95763000, "operatingExpenses": 2268936000, "costAndExpenses": 4923079000, "interestIncome": 1466000, "interestExpense": 150734000, "depreciationAndAmortization": 95763000, "ebitda": 296783000, "ebitdaratio": 0.0579356358, "operatingIncome": 199554000, "operatingIncomeRatio": 0.0389553575, "totalOtherIncomeExpensesNet": -1292000, "incomeBeforeTax": 48994000, "incomeBeforeTaxRatio": 0.0095642221, "incomeTaxExpense": 23575000, "netIncome": 25419000, "netIncomeRatio": 0.0049620966, "eps": 0.24, "epsdiluted": 0.22, "weightedAverageShsOut": 106222403, "weightedAverageShsOutDil": 115082003, "link": "", "finalLink": "", "calculatedOtherExpenses": 95763000, "calculatedOperatingExpenses": 2268936000, "calculatedNetInterest": -149268000, "calculatedOtherIncome": -1292000, "calculatedIncomeNonControlling": 0, "calculatedEbitda": 295317000}, {"date": "2009-03-31", "symbol": "BAH", "reportedCurrency": "USD", "cik": "0001443646", "fillingDate": "2009-03-31", "acceptedDate": "2009-03-30 20:00:00", "calendarYear": "2009", "period": "FY", "revenue": 4351218000, "costOfRevenue": 2289749000, "grossProfit": 2061469000, "grossProfitRatio": 0.4737682644, "researchAndDevelopmentExpenses": 0, "generalAndAdministrativeExpenses": 2390475000, "sellingAndMarketingExpenses": 0, "sellingGeneralAndAdministrativeExpenses": 2390475000, "otherExpenses": 91595000, "operatingExpenses": 2482070000, "costAndExpenses": 4771819000, "interestIncome": 5312000, "interestExpense": 99112000, "depreciationAndAmortization": 91595000, "ebitda": -323694000, "ebitdaratio": -0.0743915841, "operatingIncome": -420601000, "operatingIncomeRatio": -0.0966628195, "totalOtherIncomeExpensesNet": -182000, "incomeBeforeTax": -514583000, "incomeBeforeTaxRatio": -0.1182618292, "incomeTaxExpense": -78256000, "netIncome": -1284698000, "netIncomeRatio": -0.2952502035, "eps": -18.04, "epsdiluted": -18.04, "weightedAverageShsOut": 71194560, "weightedAverageShsOutDil": 71194560, "link": "", "finalLink": "", "calculatedOtherExpenses": 91595000, "calculatedOperatingExpenses": 2482070000, "calculatedNetInterest": -93800000, "calculatedOtherIncome": -182000, "calculatedIncomeNonControlling": 848371000, "calculatedEbitda": -329006000}]}