{"originalCurrency": "USD", "convertedCurrency": "USD", "report": [{"date": "2023-12-31", "symbol": "BALL", "reportedCurrency": "USD", "cik": "0000009389", "fillingDate": "2024-02-20", "acceptedDate": "2024-02-20 12:45:05", "calendarYear": "2023", "period": "FY", "revenue": 14029000000, "costOfRevenue": 11359000000, "grossProfit": 2670000000, "grossProfitRatio": 0.1903200513, "researchAndDevelopmentExpenses": 55000000, "generalAndAdministrativeExpenses": 0, "sellingAndMarketingExpenses": 0, "sellingGeneralAndAdministrativeExpenses": 558000000, "otherExpenses": 0, "operatingExpenses": 1377000000, "costAndExpenses": 12736000000, "interestIncome": 459000000, "interestExpense": -459000000, "depreciationAndAmortization": 686000000, "ebitda": 2112000000, "ebitdaratio": 0.150545299, "operatingIncome": 1426000000, "operatingIncomeRatio": 0.1016465892, "totalOtherIncomeExpensesNet": -592000000, "incomeBeforeTax": 834000000, "incomeBeforeTaxRatio": 0.0594482857, "incomeTaxExpense": 123000000, "netIncome": 707000000, "netIncomeRatio": 0.0503956091, "eps": 2.25, "epsdiluted": 2.23, "weightedAverageShsOut": 314775000, "weightedAverageShsOutDil": 317022000, "link": "https://www.sec.gov/Archives/edgar/data/9389/000155837024001349/0001558370-24-001349-index.htm", "finalLink": "https://www.sec.gov/Archives/edgar/data/9389/000155837024001349/ball-20231231x10k.htm", "calculatedOtherExpenses": 631000000, "calculatedOperatingExpenses": 1244000000, "calculatedNetInterest": 918000000, "calculatedOtherIncome": -1510000000, "calculatedIncomeNonControlling": 4000000, "calculatedEbitda": 2112000000}, {"date": "2022-12-31", "symbol": "BALL", "reportedCurrency": "USD", "cik": "0000009389", "fillingDate": "2023-02-21", "acceptedDate": "2023-02-21 13:06:17", "calendarYear": "2022", "period": "FY", "revenue": 15349000000, "costOfRevenue": 12766000000, "grossProfit": 2583000000, "grossProfitRatio": 0.1682845788, "researchAndDevelopmentExpenses": 55000000, "generalAndAdministrativeExpenses": 0, "sellingAndMarketingExpenses": 0, "sellingGeneralAndAdministrativeExpenses": 626000000, "otherExpenses": 672000000, "operatingExpenses": 1298000000, "costAndExpenses": 14064000000, "interestIncome": 312000000, "interestExpense": 312000000, "depreciationAndAmortization": 672000000, "ebitda": 1939000000, "ebitdaratio": 0.126327448, "operatingIncome": 1267000000, "operatingIncomeRatio": 0.0825460942, "totalOtherIncomeExpensesNet": -383000000, "incomeBeforeTax": 884000000, "incomeBeforeTaxRatio": 0.0575933286, "incomeTaxExpense": 159000000, "netIncome": 719000000, "netIncomeRatio": 0.0468434426, "eps": 2.27, "epsdiluted": 2.25, "weightedAverageShsOut": 316433000, "weightedAverageShsOutDil": 320008000, "link": "https://www.sec.gov/Archives/edgar/data/9389/000000938923000011/0000009389-23-000011-index.htm", "finalLink": "https://www.sec.gov/Archives/edgar/data/9389/000000938923000011/bll-20221231x10k.htm", "calculatedOtherExpenses": 635000000, "calculatedOperatingExpenses": 1316000000, "calculatedNetInterest": 0, "calculatedOtherIncome": -383000000, "calculatedIncomeNonControlling": 6000000, "calculatedEbitda": 1939000000}, {"date": "2021-12-31", "symbol": "BALL", "reportedCurrency": "USD", "cik": "0000009389", "fillingDate": "2022-02-16", "acceptedDate": "2022-02-16 13:16:10", "calendarYear": "2021", "period": "FY", "revenue": 13811000000, "costOfRevenue": 11085000000, "grossProfit": 2726000000, "grossProfitRatio": 0.1973789009, "researchAndDevelopmentExpenses": 56000000, "generalAndAdministrativeExpenses": 0, "sellingAndMarketingExpenses": 0, "sellingGeneralAndAdministrativeExpenses": 593000000, "otherExpenses": 700000000, "operatingExpenses": 1293000000, "costAndExpenses": 12378000000, "interestIncome": 270000000, "interestExpense": 270000000, "depreciationAndAmortization": 700000000, "ebitda": 2120000000, "ebitdaratio": 0.1535008327, "operatingIncome": 1420000000, "operatingIncomeRatio": 0.1028165955, "totalOtherIncomeExpensesNet": -412000000, "incomeBeforeTax": 1008000000, "incomeBeforeTaxRatio": 0.0729853016, "incomeTaxExpense": 156000000, "netIncome": 878000000, "netIncomeRatio": 0.0635725147, "eps": 2.69, "epsdiluted": 2.65, "weightedAverageShsOut": 325989000, "weightedAverageShsOutDil": 331615000, "link": "https://www.sec.gov/Archives/edgar/data/9389/000155837022001251/0001558370-22-001251-index.htm", "finalLink": "https://www.sec.gov/Archives/edgar/data/9389/000155837022001251/bll-20211231x10k.htm", "calculatedOtherExpenses": 657000000, "calculatedOperatingExpenses": 1306000000, "calculatedNetInterest": 0, "calculatedOtherIncome": -412000000, "calculatedIncomeNonControlling": -26000000, "calculatedEbitda": 2120000000}, {"date": "2020-12-31", "symbol": "BALL", "reportedCurrency": "USD", "cik": "0000009389", "fillingDate": "2021-02-17", "acceptedDate": "2021-02-17 12:02:34", "calendarYear": "2020", "period": "FY", "revenue": 11781000000, "costOfRevenue": 9323000000, "grossProfit": 2458000000, "grossProfitRatio": 0.2086410322, "researchAndDevelopmentExpenses": 47000000, "generalAndAdministrativeExpenses": 0, "sellingAndMarketingExpenses": 0, "sellingGeneralAndAdministrativeExpenses": 525000000, "otherExpenses": 668000000, "operatingExpenses": 1193000000, "costAndExpenses": 10516000000, "interestIncome": 275000000, "interestExpense": 275000000, "depreciationAndAmortization": 668000000, "ebitda": 1892000000, "ebitdaratio": 0.1605975724, "operatingIncome": 1224000000, "operatingIncomeRatio": 0.1038961039, "totalOtherIncomeExpensesNet": -537000000, "incomeBeforeTax": 687000000, "incomeBeforeTaxRatio": 0.0583142348, "incomeTaxExpense": 99000000, "netIncome": 585000000, "netIncomeRatio": 0.0496562261, "eps": 1.79, "epsdiluted": 1.76, "weightedAverageShsOut": 326260000, "weightedAverageShsOutDil": 332815000, "link": "https://www.sec.gov/Archives/edgar/data/9389/000155837021001121/0001558370-21-001121-index.htm", "finalLink": "https://www.sec.gov/Archives/edgar/data/9389/000155837021001121/bll-20201231x10k.htm", "calculatedOtherExpenses": 662000000, "calculatedOperatingExpenses": 1234000000, "calculatedNetInterest": 0, "calculatedOtherIncome": -537000000, "calculatedIncomeNonControlling": 3000000, "calculatedEbitda": 1892000000}, {"date": "2019-12-31", "symbol": "BALL", "reportedCurrency": "USD", "cik": "0000009389", "fillingDate": "2020-02-19", "acceptedDate": "2020-02-19 17:20:47", "calendarYear": "2019", "period": "FY", "revenue": 11474000000, "costOfRevenue": 9203000000, "grossProfit": 2271000000, "grossProfitRatio": 0.1979257452, "researchAndDevelopmentExpenses": 44000000, "generalAndAdministrativeExpenses": 0, "sellingAndMarketingExpenses": 0, "sellingGeneralAndAdministrativeExpenses": 417000000, "otherExpenses": 678000000, "operatingExpenses": 1095000000, "costAndExpenses": 10298000000, "interestIncome": 317000000, "interestExpense": 317000000, "depreciationAndAmortization": 678000000, "ebitda": 1847000000, "ebitdaratio": 0.1609726338, "operatingIncome": 1169000000, "operatingIncomeRatio": 0.101882517, "totalOtherIncomeExpensesNet": -561000000, "incomeBeforeTax": 608000000, "incomeBeforeTaxRatio": 0.0529893673, "incomeTaxExpense": 71000000, "netIncome": 566000000, "netIncomeRatio": 0.0493289176, "eps": 1.71, "epsdiluted": 1.66, "weightedAverageShsOut": 331102000, "weightedAverageShsOutDil": 340121000, "link": "https://www.sec.gov/Archives/edgar/data/9389/000155837020001005/0001558370-20-001005-index.htm", "finalLink": "https://www.sec.gov/Archives/edgar/data/9389/000155837020001005/bll-20191231x10k1a847a.htm", "calculatedOtherExpenses": 641000000, "calculatedOperatingExpenses": 1102000000, "calculatedNetInterest": 0, "calculatedOtherIncome": -561000000, "calculatedIncomeNonControlling": -29000000, "calculatedEbitda": 1847000000}, {"date": "2018-12-31", "symbol": "BALL", "reportedCurrency": "USD", "cik": "0000009389", "fillingDate": "2019-02-22", "acceptedDate": "2019-02-22 15:17:23", "calendarYear": "2018", "period": "FY", "revenue": 11635000000, "costOfRevenue": 9329000000, "grossProfit": 2306000000, "grossProfitRatio": 0.198195101, "researchAndDevelopmentExpenses": 32000000, "generalAndAdministrativeExpenses": 0, "sellingAndMarketingExpenses": 0, "sellingGeneralAndAdministrativeExpenses": 478000000, "otherExpenses": 702000000, "operatingExpenses": 1180000000, "costAndExpenses": 10509000000, "interestIncome": 0, "interestExpense": 301000000, "depreciationAndAmortization": 702000000, "ebitda": 1827000000, "ebitdaratio": 0.157026214, "operatingIncome": 1126000000, "operatingIncomeRatio": 0.0967769661, "totalOtherIncomeExpensesNet": -191000000, "incomeBeforeTax": 633000000, "incomeBeforeTaxRatio": 0.0544048131, "incomeTaxExpense": 185000000, "netIncome": 454000000, "netIncomeRatio": 0.0390201977, "eps": 1.32, "epsdiluted": 1.29, "weightedAverageShsOut": 344796000, "weightedAverageShsOutDil": 352321000, "link": "https://www.sec.gov/Archives/edgar/data/9389/000155837019000909/0001558370-19-000909-index.htm", "finalLink": "https://www.sec.gov/Archives/edgar/data/9389/000155837019000909/bll-20181231x10k.htm", "calculatedOtherExpenses": 670000000, "calculatedOperatingExpenses": 1180000000, "calculatedNetInterest": -301000000, "calculatedOtherIncome": -192000000, "calculatedIncomeNonControlling": -6000000, "calculatedEbitda": 1828000000}, {"date": "2017-12-31", "symbol": "BALL", "reportedCurrency": "USD", "cik": "0000009389", "fillingDate": "2018-03-01", "acceptedDate": "2018-02-28 21:58:22", "calendarYear": "2017", "period": "FY", "revenue": 10983000000, "costOfRevenue": 8717000000, "grossProfit": 2266000000, "grossProfitRatio": 0.2063188564, "researchAndDevelopmentExpenses": 27000000, "generalAndAdministrativeExpenses": 0, "sellingAndMarketingExpenses": 0, "sellingGeneralAndAdministrativeExpenses": 514000000, "otherExpenses": 729000000, "operatingExpenses": 1243000000, "costAndExpenses": 9960000000, "interestIncome": 0, "interestExpense": 285000000, "depreciationAndAmortization": 729000000, "ebitda": 1749000000, "ebitdaratio": 0.1592461076, "operatingIncome": 1023000000, "operatingIncomeRatio": 0.0931439497, "totalOtherIncomeExpensesNet": -221000000, "incomeBeforeTax": 514000000, "incomeBeforeTaxRatio": 0.0467995994, "incomeTaxExpense": 140000000, "netIncome": 374000000, "netIncomeRatio": 0.0340526268, "eps": 1.14, "epsdiluted": 1.12, "weightedAverageShsOut": 350269000, "weightedAverageShsOutDil": 356985000, "link": "https://www.sec.gov/Archives/edgar/data/9389/000155837018001345/0001558370-18-001345-index.htm", "finalLink": "https://www.sec.gov/Archives/edgar/data/9389/000155837018001345/bll-20171231x10k.htm", "calculatedOtherExpenses": 702000000, "calculatedOperatingExpenses": 1243000000, "calculatedNetInterest": -285000000, "calculatedOtherIncome": -224000000, "calculatedIncomeNonControlling": 0, "calculatedEbitda": 1752000000}, {"date": "2016-12-31", "symbol": "BALL", "reportedCurrency": "USD", "cik": "0000009389", "fillingDate": "2017-03-02", "acceptedDate": "2017-03-02 17:21:35", "calendarYear": "2016", "period": "FY", "revenue": 9116000000, "costOfRevenue": 7351000000, "grossProfit": 1765000000, "grossProfitRatio": 0.1936156209, "researchAndDevelopmentExpenses": 28000000, "generalAndAdministrativeExpenses": 0, "sellingAndMarketingExpenses": 0, "sellingGeneralAndAdministrativeExpenses": 512000000, "otherExpenses": 453000000, "operatingExpenses": 965000000, "costAndExpenses": 8316000000, "interestIncome": 0, "interestExpense": 229000000, "depreciationAndAmortization": 453000000, "ebitda": 1144000000, "ebitdaratio": 0.1254936376, "operatingIncome": 800000000, "operatingIncomeRatio": 0.0877577885, "totalOtherIncomeExpensesNet": -359000000, "incomeBeforeTax": 103000000, "incomeBeforeTaxRatio": 0.0112988153, "incomeTaxExpense": -109000000, "netIncome": 263000000, "netIncomeRatio": 0.028850373, "eps": 0.71, "epsdiluted": 0.7, "weightedAverageShsOut": 316542000, "weightedAverageShsOutDil": 322884000, "link": "https://www.sec.gov/Archives/edgar/data/9389/000155837017001300/0001558370-17-001300-index.htm", "finalLink": "https://www.sec.gov/Archives/edgar/data/9389/000155837017001300/bll-20161231x10k.htm", "calculatedOtherExpenses": 425000000, "calculatedOperatingExpenses": 965000000, "calculatedNetInterest": -229000000, "calculatedOtherIncome": -468000000, "calculatedIncomeNonControlling": -51000000, "calculatedEbitda": 1253000000}, {"date": "2015-12-31", "symbol": "BALL", "reportedCurrency": "USD", "cik": "0000009389", "fillingDate": "2016-02-16", "acceptedDate": "2016-02-16 16:54:03", "calendarYear": "2015", "period": "FY", "revenue": 7997000000, "costOfRevenue": 6460300000, "grossProfit": 1536700000, "grossProfitRatio": 0.1921595598, "researchAndDevelopmentExpenses": 26000000, "generalAndAdministrativeExpenses": 0, "sellingAndMarketingExpenses": 0, "sellingGeneralAndAdministrativeExpenses": 451300000, "otherExpenses": 285500000, "operatingExpenses": 736800000, "costAndExpenses": 7197100000, "interestIncome": 0, "interestExpense": 143200000, "depreciationAndAmortization": 285500000, "ebitda": 968900000, "ebitdaratio": 0.1211579342, "operatingIncome": 799900000, "operatingIncomeRatio": 0.1000250094, "totalOtherIncomeExpensesNet": -194700000, "incomeBeforeTax": 345500000, "incomeBeforeTaxRatio": 0.0432037014, "incomeTaxExpense": 47000000, "netIncome": 281000000, "netIncomeRatio": 0.0351381768, "eps": 1.02, "epsdiluted": 1, "weightedAverageShsOut": 274600000, "weightedAverageShsOutDil": 281968000, "link": "https://www.sec.gov/Archives/edgar/data/9389/000110465916097390/0001104659-16-097390-index.htm", "finalLink": "https://www.sec.gov/Archives/edgar/data/9389/000110465916097390/a15-23354_110k.htm", "calculatedOtherExpenses": 259500000, "calculatedOperatingExpenses": 736800000, "calculatedNetInterest": -143200000, "calculatedOtherIncome": -311200000, "calculatedIncomeNonControlling": 17500000, "calculatedEbitda": 1085400000}, {"date": "2014-12-31", "symbol": "BALL", "reportedCurrency": "USD", "cik": "0000009389", "fillingDate": "2015-02-20", "acceptedDate": "2015-02-20 15:05:26", "calendarYear": "2014", "period": "FY", "revenue": 8570000000, "costOfRevenue": 6903500000, "grossProfit": 1666500000, "grossProfitRatio": 0.1944574096, "researchAndDevelopmentExpenses": 27000000, "generalAndAdministrativeExpenses": 0, "sellingAndMarketingExpenses": 0, "sellingGeneralAndAdministrativeExpenses": 466500000, "otherExpenses": 280900000, "operatingExpenses": 747400000, "costAndExpenses": 7650900000, "interestIncome": 0, "interestExpense": 159900000, "depreciationAndAmortization": 280900000, "ebitda": 1166900000, "ebitdaratio": 0.1361610268, "operatingIncome": 919100000, "operatingIncomeRatio": 0.1072462077, "totalOtherIncomeExpensesNet": -80500000, "incomeBeforeTax": 645600000, "incomeBeforeTaxRatio": 0.0753325554, "incomeTaxExpense": 149900000, "netIncome": 470000000, "netIncomeRatio": 0.0548424737, "eps": 1.7, "epsdiluted": 1.65, "weightedAverageShsOut": 277016000, "weightedAverageShsOutDil": 284860000, "link": "https://www.sec.gov/Archives/edgar/data/9389/000110465915012578/0001104659-15-012578-index.htm", "finalLink": "https://www.sec.gov/Archives/edgar/data/9389/000110465915012578/a14-26052_110k.htm", "calculatedOtherExpenses": 253900000, "calculatedOperatingExpenses": 747400000, "calculatedNetInterest": -159900000, "calculatedOtherIncome": -113600000, "calculatedIncomeNonControlling": 25700000, "calculatedEbitda": 1200000000}, {"date": "2013-12-31", "symbol": "BALL", "reportedCurrency": "USD", "cik": "0000009389", "fillingDate": "2014-02-24", "acceptedDate": "2014-02-24 13:11:42", "calendarYear": "2013", "period": "FY", "revenue": 8468100000, "costOfRevenue": 6875400000, "grossProfit": 1592700000, "grossProfitRatio": 0.1880823325, "researchAndDevelopmentExpenses": 0, "generalAndAdministrativeExpenses": 0, "sellingAndMarketingExpenses": 0, "sellingGeneralAndAdministrativeExpenses": 418600000, "otherExpenses": 299900000, "operatingExpenses": 718500000, "costAndExpenses": 7593900000, "interestIncome": 0, "interestExpense": 183800000, "depreciationAndAmortization": 299900000, "ebitda": 1146100000, "ebitdaratio": 0.1353432293, "operatingIncome": 874200000, "operatingIncomeRatio": 0.1032344918, "totalOtherIncomeExpensesNet": -78800000, "incomeBeforeTax": 583600000, "incomeBeforeTaxRatio": 0.0689174667, "incomeTaxExpense": 149600000, "netIncome": 406800000, "netIncomeRatio": 0.0480391115, "eps": 1.4, "epsdiluted": 1.37, "weightedAverageShsOut": 291886000, "weightedAverageShsOutDil": 298446000, "link": "https://www.sec.gov/Archives/edgar/data/9389/000110465914012614/0001104659-14-012614-index.htm", "finalLink": "https://www.sec.gov/Archives/edgar/data/9389/000110465914012614/a13-25784_110k.htm", "calculatedOtherExpenses": 299900000, "calculatedOperatingExpenses": 718500000, "calculatedNetInterest": -183800000, "calculatedOtherIncome": -106800000, "calculatedIncomeNonControlling": 27200000, "calculatedEbitda": 1174100000}, {"date": "2012-12-31", "symbol": "BALL", "reportedCurrency": "USD", "cik": "0000009389", "fillingDate": "2013-02-22", "acceptedDate": "2013-02-22 13:48:42", "calendarYear": "2012", "period": "FY", "revenue": 8735700000, "costOfRevenue": 7174000000, "grossProfit": 1561700000, "grossProfitRatio": 0.1787721648, "researchAndDevelopmentExpenses": 0, "generalAndAdministrativeExpenses": 0, "sellingAndMarketingExpenses": 0, "sellingGeneralAndAdministrativeExpenses": 385500000, "otherExpenses": 282900000, "operatingExpenses": 668400000, "costAndExpenses": 7842400000, "interestIncome": 0, "interestExpense": 179800000, "depreciationAndAmortization": 282900000, "ebitda": 1161100000, "ebitdaratio": 0.1329143629, "operatingIncome": 893300000, "operatingIncomeRatio": 0.1022585483, "totalOtherIncomeExpensesNet": -102800000, "incomeBeforeTax": 595600000, "incomeBeforeTaxRatio": 0.068179997, "incomeTaxExpense": 165000000, "netIncome": 396300000, "netIncomeRatio": 0.0453655689, "eps": 1.31, "epsdiluted": 1.27, "weightedAverageShsOut": 309296000, "weightedAverageShsOutDil": 316168000, "link": "https://www.sec.gov/Archives/edgar/data/9389/000110465913013165/0001104659-13-013165-index.htm", "finalLink": "https://www.sec.gov/Archives/edgar/data/9389/000110465913013165/a12-28116_110k.htm", "calculatedOtherExpenses": 282900000, "calculatedOperatingExpenses": 668400000, "calculatedNetInterest": -179800000, "calculatedOtherIncome": -117900000, "calculatedIncomeNonControlling": 34300000, "calculatedEbitda": 1176200000}, {"date": "2011-12-31", "symbol": "BALL", "reportedCurrency": "USD", "cik": "0000009389", "fillingDate": "2012-02-22", "acceptedDate": "2012-02-22 13:39:27", "calendarYear": "2011", "period": "FY", "revenue": 8630900000, "costOfRevenue": 7081200000, "grossProfit": 1549700000, "grossProfitRatio": 0.179552538, "researchAndDevelopmentExpenses": 0, "generalAndAdministrativeExpenses": 0, "sellingAndMarketingExpenses": 0, "sellingGeneralAndAdministrativeExpenses": 381400000, "otherExpenses": 301100000, "operatingExpenses": 682500000, "costAndExpenses": 7763700000, "interestIncome": 0, "interestExpense": 177100000, "depreciationAndAmortization": 301100000, "ebitda": 1168300000, "ebitdaratio": 0.1353624767, "operatingIncome": 867200000, "operatingIncomeRatio": 0.100476196, "totalOtherIncomeExpensesNet": -30300000, "incomeBeforeTax": 659800000, "incomeBeforeTaxRatio": 0.0764462571, "incomeTaxExpense": 201300000, "netIncome": 444000000, "netIncomeRatio": 0.0514430708, "eps": 1.35, "epsdiluted": 1.32, "weightedAverageShsOut": 330550000, "weightedAverageShsOutDil": 337180000, "link": "https://www.sec.gov/Archives/edgar/data/9389/000110465912011588/0001104659-12-011588-index.htm", "finalLink": "https://www.sec.gov/Archives/edgar/data/9389/000110465912011588/a12-2233_110k.htm", "calculatedOtherExpenses": 301100000, "calculatedOperatingExpenses": 682500000, "calculatedNetInterest": -177100000, "calculatedOtherIncome": -30300000, "calculatedIncomeNonControlling": 14500000, "calculatedEbitda": 1168300000}, {"date": "2010-12-31", "symbol": "BALL", "reportedCurrency": "USD", "cik": "0000009389", "fillingDate": "2011-02-28", "acceptedDate": "2011-02-28 16:50:48", "calendarYear": "2010", "period": "FY", "revenue": 7630000000, "costOfRevenue": 6254100000, "grossProfit": 1375900000, "grossProfitRatio": 0.180327654, "researchAndDevelopmentExpenses": 0, "generalAndAdministrativeExpenses": 0, "sellingAndMarketingExpenses": 0, "sellingGeneralAndAdministrativeExpenses": 356800000, "otherExpenses": 265500000, "operatingExpenses": 622300000, "costAndExpenses": 6876400000, "interestIncome": 0, "interestExpense": 158200000, "depreciationAndAmortization": 265500000, "ebitda": 1177300000, "ebitdaratio": 0.1542988204, "operatingIncome": 595400000, "operatingIncomeRatio": 0.078034076, "totalOtherIncomeExpensesNet": 129000000, "incomeBeforeTax": 764600000, "incomeBeforeTaxRatio": 0.1002096986, "incomeTaxExpense": 175800000, "netIncome": 468000000, "netIncomeRatio": 0.0613368283, "eps": 1.3, "epsdiluted": 1.27, "weightedAverageShsOut": 361492000, "weightedAverageShsOutDil": 367076000, "link": "https://www.sec.gov/Archives/edgar/data/9389/000000938911000014/0000009389-11-000014-index.htm", "finalLink": "https://www.sec.gov/Archives/edgar/data/9389/000000938911000014/f10-k.htm", "calculatedOtherExpenses": 423700000, "calculatedOperatingExpenses": 780500000, "calculatedNetInterest": -158200000, "calculatedOtherIncome": 327400000, "calculatedIncomeNonControlling": 120800000, "calculatedEbitda": 860900000}, {"date": "2009-12-31", "symbol": "BALL", "reportedCurrency": "USD", "cik": "0000009389", "fillingDate": "2010-02-25", "acceptedDate": "2010-02-25 15:01:13", "calendarYear": "2009", "period": "FY", "revenue": 7345300000, "costOfRevenue": 6071500000, "grossProfit": 1273800000, "grossProfitRatio": 0.173417015, "researchAndDevelopmentExpenses": 0, "generalAndAdministrativeExpenses": 0, "sellingAndMarketingExpenses": 0, "sellingGeneralAndAdministrativeExpenses": 328600000, "otherExpenses": 246100000, "operatingExpenses": 574700000, "costAndExpenses": 6646200000, "interestIncome": 0, "interestExpense": 117200000, "depreciationAndAmortization": 285200000, "ebitda": 1101500000, "ebitdaratio": 0.1499598383, "operatingIncome": 699100000, "operatingIncomeRatio": 0.0951765074, "totalOtherIncomeExpensesNet": -30700000, "incomeBeforeTax": 654600000, "incomeBeforeTaxRatio": 0.0891182116, "incomeTaxExpense": 162800000, "netIncome": 387900000, "netIncomeRatio": 0.0528092794, "eps": 1.03, "epsdiluted": 1.02, "weightedAverageShsOut": 375144000, "weightedAverageShsOutDil": 379956000, "link": "https://www.sec.gov/Archives/edgar/data/9389/000000938910000007/0000009389-10-000007-index.htm", "finalLink": "https://www.sec.gov/Archives/edgar/data/9389/000000938910000007/f10-k_main.htm", "calculatedOtherExpenses": 246100000, "calculatedOperatingExpenses": 574700000, "calculatedNetInterest": -117200000, "calculatedOtherIncome": 72700000, "calculatedIncomeNonControlling": 103900000, "calculatedEbitda": 984300000}, {"date": "2008-12-31", "symbol": "BALL", "reportedCurrency": "USD", "cik": "0000009389", "fillingDate": "2009-02-25", "acceptedDate": "2009-02-25 16:58:22", "calendarYear": "2008", "period": "FY", "revenue": 7561500000, "costOfRevenue": 6340400000, "grossProfit": 1221100000, "grossProfitRatio": 0.1614891225, "researchAndDevelopmentExpenses": 0, "generalAndAdministrativeExpenses": 0, "sellingAndMarketingExpenses": 0, "sellingGeneralAndAdministrativeExpenses": 288200000, "otherExpenses": 297400000, "operatingExpenses": 585600000, "costAndExpenses": 6926000000, "interestIncome": 0, "interestExpense": -137700000, "depreciationAndAmortization": 297400000, "ebitda": 977900000, "ebitdaratio": 0.1293261919, "operatingIncome": 635500000, "operatingIncomeRatio": 0.0840441711, "totalOtherIncomeExpensesNet": -30500000, "incomeBeforeTax": 452800000, "incomeBeforeTaxRatio": 0.0598822985, "incomeTaxExpense": 147400000, "netIncome": 319500000, "netIncomeRatio": 0.0422535211, "eps": 0.84, "epsdiluted": 0.83, "weightedAverageShsOut": 383428000, "weightedAverageShsOutDil": 388076000, "link": "https://www.sec.gov/Archives/edgar/data/9389/000000938909000006/0000009389-09-000006-index.htm", "finalLink": "https://www.sec.gov/Archives/edgar/data/9389/000000938909000006/f10k.htm", "calculatedOtherExpenses": 297400000, "calculatedOperatingExpenses": 585600000, "calculatedNetInterest": 137700000, "calculatedOtherIncome": -320400000, "calculatedIncomeNonControlling": -14100000, "calculatedEbitda": 932900000}, {"date": "2007-12-31", "symbol": "BALL", "reportedCurrency": "USD", "cik": "0000009389", "fillingDate": "2008-02-25", "acceptedDate": "2008-02-25 17:08:32", "calendarYear": "2007", "period": "FY", "revenue": 7389700000, "costOfRevenue": 6226500000, "grossProfit": 1163200000, "grossProfitRatio": 0.1574082845, "researchAndDevelopmentExpenses": 0, "generalAndAdministrativeExpenses": 0, "sellingAndMarketingExpenses": 0, "sellingGeneralAndAdministrativeExpenses": 323700000, "otherExpenses": 281000000, "operatingExpenses": 604700000, "costAndExpenses": 6831200000, "interestIncome": 0, "interestExpense": -149400000, "depreciationAndAmortization": 281000000, "ebitda": 884100000, "ebitdaratio": 0.1196394982, "operatingIncome": 558500000, "operatingIncomeRatio": 0.0755781696, "totalOtherIncomeExpensesNet": -31700000, "incomeBeforeTax": 364500000, "incomeBeforeTaxRatio": 0.0493254124, "incomeTaxExpense": 95700000, "netIncome": 281300000, "netIncomeRatio": 0.038066498, "eps": 0.7, "epsdiluted": 0.69, "weightedAverageShsOut": 404744000, "weightedAverageShsOutDil": 411040000, "link": "https://www.sec.gov/Archives/edgar/data/9389/000000938908000054/0000009389-08-000054-index.htm", "finalLink": "https://www.sec.gov/Archives/edgar/data/9389/000000938908000054/f10-k.htm", "calculatedOtherExpenses": 281000000, "calculatedOperatingExpenses": 604700000, "calculatedNetInterest": 149400000, "calculatedOtherIncome": -343400000, "calculatedIncomeNonControlling": -12500000, "calculatedEbitda": 839500000}, {"date": "2006-12-31", "symbol": "BALL", "reportedCurrency": "USD", "cik": "0000009389", "fillingDate": "2007-02-22", "acceptedDate": "2007-02-22 17:20:08", "calendarYear": "2006", "period": "FY", "revenue": 6621500000, "costOfRevenue": 5540400000, "grossProfit": 1081100000, "grossProfitRatio": 0.1632711621, "researchAndDevelopmentExpenses": 0, "generalAndAdministrativeExpenses": 0, "sellingAndMarketingExpenses": 0, "sellingGeneralAndAdministrativeExpenses": 287200000, "otherExpenses": 252600000, "operatingExpenses": 539800000, "costAndExpenses": 6080200000, "interestIncome": 0, "interestExpense": 0, "depreciationAndAmortization": 252600000, "ebitda": 753900000, "ebitdaratio": 0.113856377, "operatingIncome": 541300000, "operatingIncomeRatio": 0.0817488484, "totalOtherIncomeExpensesNet": 54700000, "incomeBeforeTax": 446900000, "incomeBeforeTaxRatio": 0.0674922601, "incomeTaxExpense": 131600000, "netIncome": 329600000, "netIncomeRatio": 0.0497772408, "eps": 0.8, "epsdiluted": 0.79, "weightedAverageShsOut": 413352000, "weightedAverageShsOutDil": 419804000, "link": "https://www.sec.gov/Archives/edgar/data/9389/000000938907000049/0000009389-07-000049-index.htm", "finalLink": "https://www.sec.gov/Archives/edgar/data/9389/000000938907000049/f10_k.htm", "calculatedOtherExpenses": 252600000, "calculatedOperatingExpenses": 539800000, "calculatedNetInterest": 0, "calculatedOtherIncome": -94400000, "calculatedIncomeNonControlling": -14300000, "calculatedEbitda": 793900000}, {"date": "2005-12-31", "symbol": "BALL", "reportedCurrency": "USD", "cik": "0000009389", "fillingDate": "2005-12-31", "acceptedDate": "2005-12-30 19:00:00", "calendarYear": "2005", "period": "FY", "revenue": 5751200000, "costOfRevenue": 4822400000, "grossProfit": 928800000, "grossProfitRatio": 0.1614967311, "researchAndDevelopmentExpenses": 0, "generalAndAdministrativeExpenses": 0, "sellingAndMarketingExpenses": 0, "sellingGeneralAndAdministrativeExpenses": 231600000, "otherExpenses": 234700000, "operatingExpenses": 466300000, "costAndExpenses": 5288700000, "interestIncome": 0, "interestExpense": 0, "depreciationAndAmortization": 213500000, "ebitda": 716500000, "ebitdaratio": 0.1245826958, "operatingIncome": 462500000, "operatingIncomeRatio": 0.0804179997, "totalOtherIncomeExpensesNet": -25000000, "incomeBeforeTax": 462500000, "incomeBeforeTaxRatio": 0.0804179997, "incomeTaxExpense": 99300000, "netIncome": 272100000, "netIncomeRatio": 0.0473118653, "eps": 0.63, "epsdiluted": 0.62, "weightedAverageShsOut": 431032000, "weightedAverageShsOutDil": 438928000, "link": "", "finalLink": "", "calculatedOtherExpenses": 234700000, "calculatedOperatingExpenses": 466300000, "calculatedNetInterest": 0, "calculatedOtherIncome": 0, "calculatedIncomeNonControlling": 91100000, "calculatedEbitda": 676000000}, {"date": "2004-12-31", "symbol": "BALL", "reportedCurrency": "USD", "cik": "0000009389", "fillingDate": "2005-02-23", "acceptedDate": "2005-02-23 15:39:36", "calendarYear": "2004", "period": "FY", "revenue": 5440200000, "costOfRevenue": 4433500000, "grossProfit": 1006700000, "grossProfitRatio": 0.1850483438, "researchAndDevelopmentExpenses": 0, "generalAndAdministrativeExpenses": 0, "sellingAndMarketingExpenses": 0, "sellingGeneralAndAdministrativeExpenses": 267900000, "otherExpenses": 199900000, "operatingExpenses": 467800000, "costAndExpenses": 4901300000, "interestIncome": 0, "interestExpense": 103700000, "depreciationAndAmortization": 215100000, "ebitda": 738800000, "ebitdaratio": 0.1358038307, "operatingIncome": 538900000, "operatingIncomeRatio": 0.0990588581, "totalOtherIncomeExpensesNet": 15800000, "incomeBeforeTax": 435200000, "incomeBeforeTaxRatio": 0.0799970589, "incomeTaxExpense": 139200000, "netIncome": 302100000, "netIncomeRatio": 0.0555310467, "eps": 0.68, "epsdiluted": 0.66, "weightedAverageShsOut": 443384000, "weightedAverageShsOutDil": 455160000, "link": "https://www.sec.gov/Archives/edgar/data/9389/000000938905000060/0000009389-05-000060-index.htm", "finalLink": "https://www.sec.gov/Archives/edgar/data/9389/000000938905000060/f10-k_2004.htm", "calculatedOtherExpenses": 199900000, "calculatedOperatingExpenses": 467800000, "calculatedNetInterest": -103700000, "calculatedOtherIncome": 0, "calculatedIncomeNonControlling": -6100000, "calculatedEbitda": 754000000}, {"date": "2003-12-31", "symbol": "BALL", "reportedCurrency": "USD", "cik": "0000009389", "fillingDate": "2004-03-12", "acceptedDate": "2004-03-12 16:48:51", "calendarYear": "2003", "period": "FY", "revenue": 4977000000, "costOfRevenue": 4092800000, "grossProfit": 884200000, "grossProfitRatio": 0.1776572232, "researchAndDevelopmentExpenses": 0, "generalAndAdministrativeExpenses": 0, "sellingAndMarketingExpenses": 0, "sellingGeneralAndAdministrativeExpenses": 221600000, "otherExpenses": 201800000, "operatingExpenses": 423400000, "costAndExpenses": 4516200000, "interestIncome": 0, "interestExpense": 0, "depreciationAndAmortization": 205500000, "ebitda": 677800000, "ebitdaratio": 0.1361864577, "operatingIncome": 460800000, "operatingIncomeRatio": 0.0925858951, "totalOtherIncomeExpensesNet": -200000, "incomeBeforeTax": 319700000, "incomeBeforeTaxRatio": 0.0642354832, "incomeTaxExpense": 100100000, "netIncome": 229900000, "netIncomeRatio": 0.0461924854, "eps": 0.52, "epsdiluted": 0.5, "weightedAverageShsOut": 446840000, "weightedAverageShsOutDil": 457096000, "link": "https://www.sec.gov/Archives/edgar/data/9389/000000938904000059/0000009389-04-000059-index.htm", "finalLink": "https://www.sec.gov/Archives/edgar/data/9389/000000938904000059/f10k_4qtr2003.htm", "calculatedOtherExpenses": 201800000, "calculatedOperatingExpenses": 423400000, "calculatedNetInterest": 0, "calculatedOtherIncome": -141100000, "calculatedIncomeNonControlling": -10300000, "calculatedEbitda": 666300000}, {"date": "2002-12-31", "symbol": "BALL", "reportedCurrency": "USD", "cik": "0000009389", "fillingDate": "2003-03-27", "acceptedDate": "2003-03-27 17:13:50", "calendarYear": "2002", "period": "FY", "revenue": 3858900000, "costOfRevenue": 3230400000, "grossProfit": 628500000, "grossProfitRatio": 0.162870248, "researchAndDevelopmentExpenses": 0, "generalAndAdministrativeExpenses": 0, "sellingAndMarketingExpenses": 0, "sellingGeneralAndAdministrativeExpenses": 165900000, "otherExpenses": 151600000, "operatingExpenses": 317500000, "costAndExpenses": 3547900000, "interestIncome": 0, "interestExpense": 0, "depreciationAndAmortization": 149200000, "ebitda": 453300000, "ebitdaratio": 0.1174687087, "operatingIncome": 311000000, "operatingIncomeRatio": 0.0805929151, "totalOtherIncomeExpensesNet": 6900000, "incomeBeforeTax": 235400000, "incomeBeforeTaxRatio": 0.0610018399, "incomeTaxExpense": 83900000, "netIncome": 156100000, "netIncomeRatio": 0.0404519423, "eps": 0.35, "epsdiluted": 0.34, "weightedAverageShsOut": 450830325, "weightedAverageShsOutDil": 460811808, "link": "https://www.sec.gov/Archives/edgar/data/9389/000000938903000044/0000009389-03-000044-index.htm", "finalLink": "https://www.sec.gov/Archives/edgar/data/9389/000000938903000044/f10k_2002.htm", "calculatedOtherExpenses": 151600000, "calculatedOperatingExpenses": 317500000, "calculatedNetInterest": 0, "calculatedOtherIncome": -75600000, "calculatedIncomeNonControlling": -4600000, "calculatedEbitda": 460200000}, {"date": "2001-12-31", "symbol": "BALL", "reportedCurrency": "USD", "cik": "0000009389", "fillingDate": "2002-03-28", "acceptedDate": "2002-03-28 00:00:00", "calendarYear": "2001", "period": "FY", "revenue": 3686100000, "costOfRevenue": 3142200000, "grossProfit": 543900000, "grossProfitRatio": 0.1475543257, "researchAndDevelopmentExpenses": 0, "generalAndAdministrativeExpenses": 0, "sellingAndMarketingExpenses": 0, "sellingGeneralAndAdministrativeExpenses": 145600000, "otherExpenses": 423700000, "operatingExpenses": 569300000, "costAndExpenses": 3711500000, "interestIncome": 0, "interestExpense": 0, "depreciationAndAmortization": 152500000, "ebitda": 398300000, "ebitdaratio": 0.1080545834, "operatingIncome": -25400000, "operatingIncomeRatio": -0.0068907517, "totalOtherIncomeExpensesNet": -267200000, "incomeBeforeTax": -113700000, "incomeBeforeTaxRatio": -0.0308456092, "incomeTaxExpense": -9700000, "netIncome": -99200000, "netIncomeRatio": -0.0269119123, "eps": -0.23, "epsdiluted": -0.23, "weightedAverageShsOut": 438592965, "weightedAverageShsOutDil": 438592965, "link": "https://www.sec.gov/Archives/edgar/data/9389/000000938902000010/0000009389-02-000010-index.htm", "finalLink": "https://www.sec.gov/Archives/edgar/data/9389/000000938902000010/f10k_2001.htm", "calculatedOtherExpenses": 423700000, "calculatedOperatingExpenses": 569300000, "calculatedNetInterest": 0, "calculatedOtherIncome": -88300000, "calculatedIncomeNonControlling": -4800000, "calculatedEbitda": 127100000}, {"date": "2000-12-31", "symbol": "BALL", "reportedCurrency": "USD", "cik": "0000009389", "fillingDate": "2001-03-30", "acceptedDate": "2001-03-30 00:00:00", "calendarYear": "2000", "period": "FY", "revenue": 3664700000, "costOfRevenue": 3064100000, "grossProfit": 600600000, "grossProfitRatio": 0.1638879035, "researchAndDevelopmentExpenses": 0, "generalAndAdministrativeExpenses": 0, "sellingAndMarketingExpenses": 0, "sellingGeneralAndAdministrativeExpenses": 141900000, "otherExpenses": 159100000, "operatingExpenses": 301000000, "costAndExpenses": 3365100000, "interestIncome": 0, "interestExpense": 0, "depreciationAndAmortization": 159100000, "ebitda": 553100000, "ebitdaratio": 0.150926406, "operatingIncome": 299600000, "operatingIncomeRatio": 0.0817529402, "totalOtherIncomeExpensesNet": -94400000, "incomeBeforeTax": 111000000, "incomeBeforeTaxRatio": 0.0302889732, "incomeTaxExpense": 42800000, "netIncome": 68200000, "netIncomeRatio": 0.0186099817, "eps": 0.035, "epsdiluted": 0.0331, "weightedAverageShsOut": 1858560000, "weightedAverageShsOutDil": 1985088000, "link": "https://www.sec.gov/Archives/edgar/data/9389/000000938901500003/0000009389-01-500003-index.htm", "finalLink": "https://www.sec.gov/Archives/edgar/data/9389/000000938901500003/f10k2000.htm", "calculatedOtherExpenses": 159100000, "calculatedOperatingExpenses": 301000000, "calculatedNetInterest": 0, "calculatedOtherIncome": -188600000, "calculatedIncomeNonControlling": 0, "calculatedEbitda": 458700000}, {"date": "1999-12-31", "symbol": "BALL", "reportedCurrency": "USD", "cik": "0000009389", "fillingDate": "2000-03-30", "acceptedDate": "2000-03-30 00:00:00", "calendarYear": "1999", "period": "FY", "revenue": 3584200000, "costOfRevenue": 2988000000, "grossProfit": 596200000, "grossProfitRatio": 0.166341164, "researchAndDevelopmentExpenses": 0, "generalAndAdministrativeExpenses": 0, "sellingAndMarketingExpenses": 0, "sellingGeneralAndAdministrativeExpenses": 154500000, "otherExpenses": 162900000, "operatingExpenses": 317400000, "costAndExpenses": 3305400000, "interestIncome": 0, "interestExpense": 0, "depreciationAndAmortization": 162900000, "ebitda": 441900000, "ebitdaratio": 0.123291111, "operatingIncome": 278800000, "operatingIncomeRatio": 0.0777858378, "totalOtherIncomeExpensesNet": -200000, "incomeBeforeTax": 169100000, "incomeBeforeTaxRatio": 0.0471792869, "incomeTaxExpense": 64900000, "netIncome": 104200000, "netIncomeRatio": 0.0290720384, "eps": 0.11, "epsdiluted": 0.0988, "weightedAverageShsOut": 965440000, "weightedAverageShsOutDil": 965440000, "link": "https://www.sec.gov/Archives/edgar/data/9389/0000009389-00-000011-index.html", "finalLink": "https://www.sec.gov/Archives/edgar/data/9389/000000938900000011/0000009389-00-000011.txt", "calculatedOtherExpenses": 162900000, "calculatedOperatingExpenses": 317400000, "calculatedNetInterest": 0, "calculatedOtherIncome": -109700000, "calculatedIncomeNonControlling": 0, "calculatedEbitda": 441700000}, {"date": "1998-12-31", "symbol": "BALL", "reportedCurrency": "USD", "cik": "0000009389", "fillingDate": "1999-03-29", "acceptedDate": "1999-03-29 00:00:00", "calendarYear": "1998", "period": "FY", "revenue": 2896400000, "costOfRevenue": 2425500000, "grossProfit": 470900000, "grossProfitRatio": 0.1625811352, "researchAndDevelopmentExpenses": 0, "generalAndAdministrativeExpenses": 0, "sellingAndMarketingExpenses": 0, "sellingGeneralAndAdministrativeExpenses": 210400000, "otherExpenses": 154600000, "operatingExpenses": 365000000, "costAndExpenses": 2790500000, "interestIncome": 0, "interestExpense": 0, "depreciationAndAmortization": 154600000, "ebitda": 254900000, "ebitdaratio": 0.0880058003, "operatingIncome": 105900000, "operatingIncomeRatio": 0.0365626295, "totalOtherIncomeExpensesNet": 5600000, "incomeBeforeTax": 40800000, "incomeBeforeTaxRatio": 0.0140864521, "incomeTaxExpense": 8800000, "netIncome": 16600000, "netIncomeRatio": 0.0057312526, "eps": 0.0144, "epsdiluted": 0.0138, "weightedAverageShsOut": 487280000, "weightedAverageShsOutDil": 487280000, "link": "https://www.sec.gov/Archives/edgar/data/9389/000000938999000005/0000009389-99-000005-index.html", "finalLink": "https://www.sec.gov/Archives/edgar/data/9389/", "calculatedOtherExpenses": 154600000, "calculatedOperatingExpenses": 365000000, "calculatedNetInterest": 0, "calculatedOtherIncome": -65100000, "calculatedIncomeNonControlling": 15400000, "calculatedEbitda": 260500000}, {"date": "1997-12-31", "symbol": "BALL", "reportedCurrency": "USD", "cik": "0000009389", "fillingDate": "1998-03-31", "acceptedDate": "1998-03-31 00:00:00", "calendarYear": "1997", "period": "FY", "revenue": 2388500000, "costOfRevenue": 2003700000, "grossProfit": 384800000, "grossProfitRatio": 0.1611052962, "researchAndDevelopmentExpenses": 0, "generalAndAdministrativeExpenses": 0, "sellingAndMarketingExpenses": 0, "sellingGeneralAndAdministrativeExpenses": 136900000, "otherExpenses": 117500000, "operatingExpenses": 254400000, "costAndExpenses": 2258100000, "interestIncome": 0, "interestExpense": 0, "depreciationAndAmortization": 117500000, "ebitda": 239600000, "ebitdaratio": 0.1003140046, "operatingIncome": 130400000, "operatingIncomeRatio": 0.0545949341, "totalOtherIncomeExpensesNet": 8300000, "incomeBeforeTax": 90300000, "incomeBeforeTaxRatio": 0.0378061545, "incomeTaxExpense": 32000000, "netIncome": 58300000, "netIncomeRatio": 0.0244086247, "eps": 0.12, "epsdiluted": 0.11, "weightedAverageShsOut": 482608696, "weightedAverageShsOutDil": 510344828, "link": "https://www.sec.gov/Archives/edgar/data/9389/000000938998000005/0000009389-98-000005-index.html", "finalLink": "https://www.sec.gov/Archives/edgar/data/9389/", "calculatedOtherExpenses": 117500000, "calculatedOperatingExpenses": 254400000, "calculatedNetInterest": 0, "calculatedOtherIncome": -40100000, "calculatedIncomeNonControlling": 0, "calculatedEbitda": 247900000}, {"date": "1996-12-31", "symbol": "BALL", "reportedCurrency": "USD", "cik": "0000009389", "fillingDate": "1997-03-31", "acceptedDate": "1997-03-31 00:00:00", "calendarYear": "1996", "period": "FY", "revenue": 2184400000, "costOfRevenue": 1913800000, "grossProfit": 270600000, "grossProfitRatio": 0.1238784105, "researchAndDevelopmentExpenses": 0, "generalAndAdministrativeExpenses": 0, "sellingAndMarketingExpenses": 0, "sellingGeneralAndAdministrativeExpenses": 93200000, "otherExpenses": 93500000, "operatingExpenses": 186700000, "costAndExpenses": 2100500000, "interestIncome": 0, "interestExpense": 0, "depreciationAndAmortization": 93500000, "ebitda": 207900000, "ebitdaratio": 0.0951748764, "operatingIncome": 83900000, "operatingIncomeRatio": 0.0384087164, "totalOtherIncomeExpensesNet": -30500000, "incomeBeforeTax": 20300000, "incomeBeforeTaxRatio": 0.0092931697, "incomeTaxExpense": 7200000, "netIncome": 24200000, "netIncomeRatio": 0.011078557, "eps": 0.0438, "epsdiluted": 0.0425, "weightedAverageShsOut": 486857143, "weightedAverageShsOutDil": 501176471, "link": "https://www.sec.gov/Archives/edgar/data/9389/000000938997000006/0000009389-97-000006-index.html", "finalLink": "https://www.sec.gov/Archives/edgar/data/9389/", "calculatedOtherExpenses": 93500000, "calculatedOperatingExpenses": 186700000, "calculatedNetInterest": 0, "calculatedOtherIncome": -63600000, "calculatedIncomeNonControlling": -11100000, "calculatedEbitda": 177400000}, {"date": "1995-12-31", "symbol": "BALL", "reportedCurrency": "USD", "cik": "0000009389", "fillingDate": "1996-04-01", "acceptedDate": "1996-04-01 00:00:00", "calendarYear": "1995", "period": "FY", "revenue": 2591700000, "costOfRevenue": 2225800000, "grossProfit": 365900000, "grossProfitRatio": 0.1411814639, "researchAndDevelopmentExpenses": 0, "generalAndAdministrativeExpenses": 0, "sellingAndMarketingExpenses": 0, "sellingGeneralAndAdministrativeExpenses": 112100000, "otherExpenses": 113600000, "operatingExpenses": 225700000, "costAndExpenses": 2451500000, "interestIncome": 0, "interestExpense": 0, "depreciationAndAmortization": 113600000, "ebitda": 370300000, "ebitdaratio": 0.1428791913, "operatingIncome": 140200000, "operatingIncomeRatio": 0.0540957673, "totalOtherIncomeExpensesNet": -116500000, "incomeBeforeTax": -18700000, "incomeBeforeTaxRatio": -0.0072153413, "incomeTaxExpense": -100000, "netIncome": -18600000, "netIncomeRatio": -0.0071767566, "eps": -0.0097, "epsdiluted": -0.0097, "weightedAverageShsOut": 1920640000, "weightedAverageShsOutDil": 1920640000, "link": "https://www.sec.gov/Archives/edgar/data/9389/000000938996000002/0000009389-96-000002-index.html", "finalLink": "https://www.sec.gov/Archives/edgar/data/9389/", "calculatedOtherExpenses": 113600000, "calculatedOperatingExpenses": 225700000, "calculatedNetInterest": 0, "calculatedOtherIncome": -158900000, "calculatedIncomeNonControlling": 0, "calculatedEbitda": 253800000}, {"date": "1994-12-31", "symbol": "BALL", "reportedCurrency": "USD", "cik": "0000009389", "fillingDate": "1995-03-29", "acceptedDate": "1995-03-29 00:00:00", "calendarYear": "1994", "period": "FY", "revenue": 2594700000, "costOfRevenue": 2184300000, "grossProfit": 410400000, "grossProfitRatio": 0.1581685744, "researchAndDevelopmentExpenses": 0, "generalAndAdministrativeExpenses": 0, "sellingAndMarketingExpenses": 0, "sellingGeneralAndAdministrativeExpenses": 114500000, "otherExpenses": 127000000, "operatingExpenses": 241500000, "costAndExpenses": 2425800000, "interestIncome": 0, "interestExpense": 0, "depreciationAndAmortization": 127000000, "ebitda": 300200000, "ebitdaratio": 0.1156973831, "operatingIncome": 168900000, "operatingIncomeRatio": 0.0650942305, "totalOtherIncomeExpensesNet": -4300000, "incomeBeforeTax": 117700000, "incomeBeforeTaxRatio": 0.0453616988, "incomeTaxExpense": 44700000, "netIncome": 73000000, "netIncomeRatio": 0.0281342737, "eps": 0.15, "epsdiluted": 0.14, "weightedAverageShsOut": 475234043, "weightedAverageShsOutDil": 507636364, "link": "https://www.sec.gov/Archives/edgar/data/9389/000000938995000006/0000009389-95-000006-index.html", "finalLink": "https://www.sec.gov/Archives/edgar/data/9389/", "calculatedOtherExpenses": 127000000, "calculatedOperatingExpenses": 241500000, "calculatedNetInterest": 0, "calculatedOtherIncome": -51200000, "calculatedIncomeNonControlling": 0, "calculatedEbitda": 295900000}, {"date": "1993-12-31", "symbol": "BALL", "reportedCurrency": "USD", "cik": "0000009389", "fillingDate": "1994-03-29", "acceptedDate": "1994-03-29 00:00:00", "calendarYear": "1993", "period": "FY", "revenue": 2440900000, "costOfRevenue": 2042300000, "grossProfit": 398600000, "grossProfitRatio": 0.163300422, "researchAndDevelopmentExpenses": 0, "generalAndAdministrativeExpenses": 0, "sellingAndMarketingExpenses": 0, "sellingGeneralAndAdministrativeExpenses": 287800000, "otherExpenses": 116300000, "operatingExpenses": 404100000, "costAndExpenses": 2446400000, "interestIncome": 0, "interestExpense": 0, "depreciationAndAmortization": 116300000, "ebitda": 109500000, "ebitdaratio": 0.0448605023, "operatingIncome": -5500000, "operatingIncomeRatio": -0.0022532672, "totalOtherIncomeExpensesNet": 1300000, "incomeBeforeTax": -53700000, "incomeBeforeTaxRatio": -0.0220000819, "incomeTaxExpense": -21200000, "netIncome": -65100000, "netIncomeRatio": -0.0266704904, "eps": -0.14, "epsdiluted": -0.14, "weightedAverageShsOut": 459392000, "weightedAverageShsOutDil": 459392000, "link": "https://www.sec.gov/Archives/edgar/data/9389/000000938994000005/0000009389-94-000005-index.html", "finalLink": "https://www.sec.gov/Archives/edgar/data/9389/", "calculatedOtherExpenses": 116300000, "calculatedOperatingExpenses": 404100000, "calculatedNetInterest": 0, "calculatedOtherIncome": -48200000, "calculatedIncomeNonControlling": 32600000, "calculatedEbitda": 110800000}, {"date": "1992-12-31", "symbol": "BALL", "reportedCurrency": "USD", "cik": "0000009389", "fillingDate": "1992-12-31", "acceptedDate": "1992-12-30 19:00:00", "calendarYear": "1992", "period": "FY", "revenue": 2177800000, "costOfRevenue": 1775700000, "grossProfit": 402100000, "grossProfitRatio": 0.1846358711, "researchAndDevelopmentExpenses": 0, "generalAndAdministrativeExpenses": 0, "sellingAndMarketingExpenses": 0, "sellingGeneralAndAdministrativeExpenses": 157100000, "otherExpenses": 105500000, "operatingExpenses": 262600000, "costAndExpenses": 2038300000, "interestIncome": 0, "interestExpense": 0, "depreciationAndAmortization": 105500000, "ebitda": 244400000, "ebitdaratio": 0.1122233447, "operatingIncome": 139500000, "operatingIncomeRatio": 0.0640554688, "totalOtherIncomeExpensesNet": 600000, "incomeBeforeTax": 99100000, "incomeBeforeTaxRatio": 0.0455046377, "incomeTaxExpense": 36200000, "netIncome": 69100000, "netIncomeRatio": 0.0317292681, "eps": 0.0383, "epsdiluted": 0.0366, "weightedAverageShsOut": 422864000, "weightedAverageShsOutDil": 422864000, "link": "", "finalLink": "", "calculatedOtherExpenses": 105500000, "calculatedOperatingExpenses": 262600000, "calculatedNetInterest": 0, "calculatedOtherIncome": -40400000, "calculatedIncomeNonControlling": -6200000, "calculatedEbitda": 245000000}, {"date": "1991-12-31", "symbol": "BALL", "reportedCurrency": "USD", "cik": "0000009389", "fillingDate": "1991-12-31", "acceptedDate": "1991-12-30 19:00:00", "calendarYear": "1991", "period": "FY", "revenue": 2267400000, "costOfRevenue": 1835400000, "grossProfit": 432000000, "grossProfitRatio": 0.1905265943, "researchAndDevelopmentExpenses": 0, "generalAndAdministrativeExpenses": 0, "sellingAndMarketingExpenses": 0, "sellingGeneralAndAdministrativeExpenses": 173000000, "otherExpenses": 108000000, "operatingExpenses": 281000000, "costAndExpenses": 2116400000, "interestIncome": 0, "interestExpense": 0, "depreciationAndAmortization": 108000000, "ebitda": 259800000, "ebitdaratio": 0.1145805769, "operatingIncome": 151000000, "operatingIncomeRatio": 0.0665961013, "totalOtherIncomeExpensesNet": -800000, "incomeBeforeTax": 106400000, "incomeBeforeTaxRatio": 0.0469259945, "incomeTaxExpense": 40200000, "netIncome": 66200000, "netIncomeRatio": 0.0291964364, "eps": 0.0378, "epsdiluted": 0.0358, "weightedAverageShsOut": 412288000, "weightedAverageShsOutDil": 412288000, "link": "", "finalLink": "", "calculatedOtherExpenses": 108000000, "calculatedOperatingExpenses": 281000000, "calculatedNetInterest": 0, "calculatedOtherIncome": -44600000, "calculatedIncomeNonControlling": 0, "calculatedEbitda": 259000000}, {"date": "1990-12-31", "symbol": "BALL", "reportedCurrency": "USD", "cik": "0000009389", "fillingDate": "1990-12-31", "acceptedDate": "1990-12-30 19:00:00", "calendarYear": "1990", "period": "FY", "revenue": 1357200000, "costOfRevenue": 1111700000, "grossProfit": 245500000, "grossProfitRatio": 0.1808871205, "researchAndDevelopmentExpenses": 0, "generalAndAdministrativeExpenses": 0, "sellingAndMarketingExpenses": 0, "sellingGeneralAndAdministrativeExpenses": 106500000, "otherExpenses": 53500000, "operatingExpenses": 160000000, "costAndExpenses": 1271700000, "interestIncome": 0, "interestExpense": 0, "depreciationAndAmortization": 53500000, "ebitda": 132400000, "ebitdaratio": 0.0975537872, "operatingIncome": 85500000, "operatingIncomeRatio": 0.0629973475, "totalOtherIncomeExpensesNet": 6600000, "incomeBeforeTax": 69900000, "incomeBeforeTaxRatio": 0.0515030946, "incomeTaxExpense": 19700000, "netIncome": 50200000, "netIncomeRatio": 0.0369879163, "eps": 0.0317, "epsdiluted": 0.0305, "weightedAverageShsOut": 353472000, "weightedAverageShsOutDil": 353472000, "link": "", "finalLink": "", "calculatedOtherExpenses": 53500000, "calculatedOperatingExpenses": 160000000, "calculatedNetInterest": 0, "calculatedOtherIncome": -15600000, "calculatedIncomeNonControlling": 0, "calculatedEbitda": 139000000}, {"date": "1989-12-31", "symbol": "BALL", "reportedCurrency": "USD", "cik": "0000009389", "fillingDate": "1989-12-31", "acceptedDate": "1989-12-30 19:00:00", "calendarYear": "1989", "period": "FY", "revenue": 1222400000, "costOfRevenue": 1028400000, "grossProfit": 194000000, "grossProfitRatio": 0.1587041885, "researchAndDevelopmentExpenses": 0, "generalAndAdministrativeExpenses": 0, "sellingAndMarketingExpenses": 0, "sellingGeneralAndAdministrativeExpenses": 84200000, "otherExpenses": 50100000, "operatingExpenses": 134300000, "costAndExpenses": 1162700000, "interestIncome": 0, "interestExpense": 0, "depreciationAndAmortization": 50100000, "ebitda": 100600000, "ebitdaratio": 0.0822971204, "operatingIncome": 59700000, "operatingIncomeRatio": 0.0488383508, "totalOtherIncomeExpensesNet": 9200000, "incomeBeforeTax": 48600000, "incomeBeforeTaxRatio": 0.0397578534, "incomeTaxExpense": 12800000, "netIncome": 35800000, "netIncomeRatio": 0.0292866492, "eps": 0.0225, "epsdiluted": 0.0225, "weightedAverageShsOut": 352352000, "weightedAverageShsOutDil": 352352000, "link": "", "finalLink": "", "calculatedOtherExpenses": 50100000, "calculatedOperatingExpenses": 134300000, "calculatedNetInterest": 0, "calculatedOtherIncome": -11100000, "calculatedIncomeNonControlling": 0, "calculatedEbitda": 109800000}, {"date": "1988-12-31", "symbol": "BALL", "reportedCurrency": "USD", "cik": "0000009389", "fillingDate": "1988-12-31", "acceptedDate": "1988-12-30 19:00:00", "calendarYear": "1988", "period": "FY", "revenue": 1073000000, "costOfRevenue": 867400000, "grossProfit": 205600000, "grossProfitRatio": 0.191612302, "researchAndDevelopmentExpenses": 0, "generalAndAdministrativeExpenses": 0, "sellingAndMarketingExpenses": 0, "sellingGeneralAndAdministrativeExpenses": 111300000, "otherExpenses": 43900000, "operatingExpenses": 155200000, "costAndExpenses": 1022600000, "interestIncome": 0, "interestExpense": 0, "depreciationAndAmortization": 43900000, "ebitda": 85900000, "ebitdaratio": 0.080055918, "operatingIncome": 50400000, "operatingIncomeRatio": 0.046971109, "totalOtherIncomeExpensesNet": 8400000, "incomeBeforeTax": 48100000, "incomeBeforeTaxRatio": 0.0448275862, "incomeTaxExpense": 15400000, "netIncome": 32700000, "netIncomeRatio": 0.0304753029, "eps": 0.0219, "epsdiluted": 0.0219, "weightedAverageShsOut": 376256000, "weightedAverageShsOutDil": 376256000, "link": "", "finalLink": "", "calculatedOtherExpenses": 43900000, "calculatedOperatingExpenses": 155200000, "calculatedNetInterest": 0, "calculatedOtherIncome": -2300000, "calculatedIncomeNonControlling": 0, "calculatedEbitda": 94300000}, {"date": "1987-12-31", "symbol": "BALL", "reportedCurrency": "USD", "cik": "0000009389", "fillingDate": "1987-12-31", "acceptedDate": "1987-12-30 19:00:00", "calendarYear": "1987", "period": "FY", "revenue": 1054100000, "costOfRevenue": 817400000, "grossProfit": 236700000, "grossProfitRatio": 0.2245517503, "researchAndDevelopmentExpenses": 0, "generalAndAdministrativeExpenses": 0, "sellingAndMarketingExpenses": 0, "sellingGeneralAndAdministrativeExpenses": 76500000, "otherExpenses": 41300000, "operatingExpenses": 117800000, "costAndExpenses": 935200000, "interestIncome": 0, "interestExpense": 0, "depreciationAndAmortization": 41300000, "ebitda": 160200000, "ebitdaratio": 0.1519779907, "operatingIncome": 118900000, "operatingIncomeRatio": 0.1127976473, "totalOtherIncomeExpensesNet": -5400000, "incomeBeforeTax": 113500000, "incomeBeforeTaxRatio": 0.1076747937, "incomeTaxExpense": 47200000, "netIncome": 66300000, "netIncomeRatio": 0.0628972583, "eps": 0.0438, "epsdiluted": 0.0438, "weightedAverageShsOut": 373248000, "weightedAverageShsOutDil": 373248000, "link": "", "finalLink": "", "calculatedOtherExpenses": 41300000, "calculatedOperatingExpenses": 117800000, "calculatedNetInterest": 0, "calculatedOtherIncome": -5400000, "calculatedIncomeNonControlling": 0, "calculatedEbitda": 160200000}, {"date": "1986-12-31", "symbol": "BALL", "reportedCurrency": "USD", "cik": "0000009389", "fillingDate": "1986-12-31", "acceptedDate": "1986-12-30 19:00:00", "calendarYear": "1986", "period": "FY", "revenue": 1070300000, "costOfRevenue": 828300000, "grossProfit": 242000000, "grossProfitRatio": 0.2261048304, "researchAndDevelopmentExpenses": 0, "generalAndAdministrativeExpenses": 0, "sellingAndMarketingExpenses": 0, "sellingGeneralAndAdministrativeExpenses": 81200000, "otherExpenses": 44200000, "operatingExpenses": 125400000, "costAndExpenses": 953700000, "interestIncome": 0, "interestExpense": 0, "depreciationAndAmortization": 44200000, "ebitda": 160800000, "ebitdaratio": 0.150238251, "operatingIncome": 116600000, "operatingIncomeRatio": 0.1089414183, "totalOtherIncomeExpensesNet": -6300000, "incomeBeforeTax": 110300000, "incomeBeforeTaxRatio": 0.1030552182, "incomeTaxExpense": 51400000, "netIncome": 58900000, "netIncomeRatio": 0.0550312996, "eps": 0.04, "epsdiluted": 0.04, "weightedAverageShsOut": 368832000, "weightedAverageShsOutDil": 368832000, "link": "", "finalLink": "", "calculatedOtherExpenses": 44200000, "calculatedOperatingExpenses": 125400000, "calculatedNetInterest": 0, "calculatedOtherIncome": -6300000, "calculatedIncomeNonControlling": 0, "calculatedEbitda": 160800000}, {"date": "1985-12-31", "symbol": "BALL", "reportedCurrency": "USD", "cik": "0000009389", "fillingDate": "1985-12-31", "acceptedDate": "1985-12-30 19:00:00", "calendarYear": "1985", "period": "FY", "revenue": 1106200000, "costOfRevenue": 882300000, "grossProfit": 223900000, "grossProfitRatio": 0.2024046285, "researchAndDevelopmentExpenses": 0, "generalAndAdministrativeExpenses": 0, "sellingAndMarketingExpenses": 0, "sellingGeneralAndAdministrativeExpenses": 83200000, "otherExpenses": 39200000, "operatingExpenses": 122400000, "costAndExpenses": 1004700000, "interestIncome": 0, "interestExpense": 0, "depreciationAndAmortization": 39200000, "ebitda": 140700000, "ebitdaratio": 0.1271921895, "operatingIncome": 101500000, "operatingIncomeRatio": 0.0917555596, "totalOtherIncomeExpensesNet": -8900000, "incomeBeforeTax": 92600000, "incomeBeforeTaxRatio": 0.0837099982, "incomeTaxExpense": 41400000, "netIncome": 51200000, "netIncomeRatio": 0.0462845778, "eps": 0.035, "epsdiluted": 0.035, "weightedAverageShsOut": 368128000, "weightedAverageShsOutDil": 368128000, "link": "", "finalLink": "", "calculatedOtherExpenses": 39200000, "calculatedOperatingExpenses": 122400000, "calculatedNetInterest": 0, "calculatedOtherIncome": -8900000, "calculatedIncomeNonControlling": 0, "calculatedEbitda": 140700000}]}