{"originalCurrency": "USD", "convertedCurrency": "USD", "report": [{"date": "2023-12-31", "symbol": "BANC", "reportedCurrency": "USD", "cik": "0001169770", "fillingDate": "2024-02-29", "acceptedDate": "2024-02-29 15:30:25", "calendarYear": "2023", "period": "FY", "revenue": 1524796000, "costOfRevenue": 1363000, "grossProfit": 1523433000, "grossProfitRatio": 0.9991061099, "researchAndDevelopmentExpenses": 0, "generalAndAdministrativeExpenses": 332353000, "sellingAndMarketingExpenses": 0, "sellingGeneralAndAdministrativeExpenses": 332353000, "otherExpenses": -510548000, "operatingExpenses": 510548000, "costAndExpenses": 2216765000, "interestIncome": 1971000000, "interestExpense": 475449000, "depreciationAndAmortization": 58262000, "ebitda": 45662000, "ebitdaratio": 0.029946301, "operatingIncome": -12600000, "operatingIncomeRatio": -0.0082634005, "totalOtherIncomeExpensesNet": -2211338000, "incomeBeforeTax": -2211338000, "incomeBeforeTaxRatio": -1.4502517058, "incomeTaxExpense": -312201000, "netIncome": -1899137000, "netIncomeRatio": -1.2455023492, "eps": -22.24, "epsdiluted": -22.24, "weightedAverageShsOut": 85394000, "weightedAverageShsOutDil": 85394000, "link": "https://www.sec.gov/Archives/edgar/data/1169770/000162828024007933/0001628280-24-007933-index.htm", "finalLink": "https://www.sec.gov/Archives/edgar/data/1169770/000162828024007933/banc-20231231.htm", "calculatedOtherExpenses": 1203680000, "calculatedOperatingExpenses": 1536033000, "calculatedNetInterest": 1495551000, "calculatedOtherIncome": -3694289000, "calculatedIncomeNonControlling": 0, "calculatedEbitda": 45662000}, {"date": "2022-12-31", "symbol": "BANC", "reportedCurrency": "USD", "cik": "0001169770", "fillingDate": "2023-02-27", "acceptedDate": "2023-02-27 13:39:44", "calendarYear": "2022", "period": "FY", "revenue": 331715000, "costOfRevenue": 0, "grossProfit": 331715000, "grossProfitRatio": 1, "researchAndDevelopmentExpenses": 0, "generalAndAdministrativeExpenses": 113060000, "sellingAndMarketingExpenses": 0, "sellingGeneralAndAdministrativeExpenses": 113060000, "otherExpenses": -45113000, "operatingExpenses": 15001000, "costAndExpenses": 15001000, "interestIncome": 372772000, "interestExpense": 58407000, "depreciationAndAmortization": 1705000, "ebitda": 244342000, "ebitdaratio": 0.7366022037, "operatingIncome": 242637000, "operatingIncomeRatio": 0.7314622492, "totalOtherIncomeExpensesNet": -73753000, "incomeBeforeTax": 168884000, "incomeBeforeTaxRatio": 0.509123796, "incomeTaxExpense": 47945000, "netIncome": 120939000, "netIncomeRatio": 0.3645870702, "eps": 2.27, "epsdiluted": 2.27, "weightedAverageShsOut": 53302926, "weightedAverageShsOutDil": 53302926, "link": "https://www.sec.gov/Archives/edgar/data/1169770/000116977023000021/0001169770-23-000021-index.htm", "finalLink": "https://www.sec.gov/Archives/edgar/data/1169770/000116977023000021/banc-20221231.htm", "calculatedOtherExpenses": -23982000, "calculatedOperatingExpenses": 89078000, "calculatedNetInterest": 314365000, "calculatedOtherIncome": -388118000, "calculatedIncomeNonControlling": 0, "calculatedEbitda": 244342000}, {"date": "2021-12-31", "symbol": "BANC", "reportedCurrency": "USD", "cik": "0001169770", "fillingDate": "2022-03-01", "acceptedDate": "2022-03-01 12:29:47", "calendarYear": "2021", "period": "FY", "revenue": 272708000, "costOfRevenue": 0, "grossProfit": 272708000, "grossProfitRatio": 1, "researchAndDevelopmentExpenses": 0, "generalAndAdministrativeExpenses": 103358000, "sellingAndMarketingExpenses": 491000, "sellingGeneralAndAdministrativeExpenses": 103849000, "otherExpenses": -293935000, "operatingExpenses": -190086000, "costAndExpenses": -190086000, "interestIncome": 291659000, "interestExpense": 37881000, "depreciationAndAmortization": 1276000, "ebitda": 83898000, "ebitdaratio": 0.3076477404, "operatingIncome": 82622000, "operatingIncomeRatio": 0.3029687431, "totalOtherIncomeExpensesNet": 82622000, "incomeBeforeTax": 82622000, "incomeBeforeTaxRatio": 0.3029687431, "incomeTaxExpense": 20276000, "netIncome": 62346000, "netIncomeRatio": 0.2286181557, "eps": 1.18, "epsdiluted": 1.17, "weightedAverageShsOut": 53050980, "weightedAverageShsOutDil": 53302926, "link": "https://www.sec.gov/Archives/edgar/data/1169770/000116977022000011/0001169770-22-000011-index.htm", "finalLink": "https://www.sec.gov/Archives/edgar/data/1169770/000116977022000011/banc-20211231.htm", "calculatedOtherExpenses": 86237000, "calculatedOperatingExpenses": 190086000, "calculatedNetInterest": 253778000, "calculatedOtherIncome": -253778000, "calculatedIncomeNonControlling": 0, "calculatedEbitda": 83898000}, {"date": "2020-12-31", "symbol": "BANC", "reportedCurrency": "USD", "cik": "0001169770", "fillingDate": "2021-02-26", "acceptedDate": "2021-02-26 15:22:25", "calendarYear": "2020", "period": "FY", "revenue": 243112000, "costOfRevenue": 0, "grossProfit": 243112000, "grossProfitRatio": 1, "researchAndDevelopmentExpenses": 0, "generalAndAdministrativeExpenses": 96809000, "sellingAndMarketingExpenses": 3303000, "sellingGeneralAndAdministrativeExpenses": 100112000, "otherExpenses": -328864000, "operatingExpenses": -228752000, "costAndExpenses": -228752000, "interestIncome": 290607000, "interestExpense": 66013000, "depreciationAndAmortization": 1518000, "ebitda": 15878000, "ebitdaratio": 0.0653114614, "operatingIncome": 14360000, "operatingIncomeRatio": 0.0590674257, "totalOtherIncomeExpensesNet": 1786000, "incomeBeforeTax": 14360000, "incomeBeforeTaxRatio": 0.0590674257, "incomeTaxExpense": 1786000, "netIncome": 12574000, "netIncomeRatio": 0.0517210175, "eps": 0.25, "epsdiluted": 0.25, "weightedAverageShsOut": 50182096, "weightedAverageShsOutDil": 50182096, "link": "https://www.sec.gov/Archives/edgar/data/1169770/000116977021000009/0001169770-21-000009-index.htm", "finalLink": "https://www.sec.gov/Archives/edgar/data/1169770/000116977021000009/banc-20201231.htm", "calculatedOtherExpenses": 128640000, "calculatedOperatingExpenses": 228752000, "calculatedNetInterest": 224594000, "calculatedOtherIncome": -224594000, "calculatedIncomeNonControlling": 0, "calculatedEbitda": 15878000}, {"date": "2019-12-31", "symbol": "BANC", "reportedCurrency": "USD", "cik": "0001169770", "fillingDate": "2020-03-02", "acceptedDate": "2020-03-02 14:18:35", "calendarYear": "2019", "period": "FY", "revenue": 260279000, "costOfRevenue": 0, "grossProfit": 260279000, "grossProfitRatio": 1, "researchAndDevelopmentExpenses": 0, "generalAndAdministrativeExpenses": 105915000, "sellingAndMarketingExpenses": 8422000, "sellingGeneralAndAdministrativeExpenses": 114337000, "otherExpenses": -346638000, "operatingExpenses": -232301000, "costAndExpenses": -232301000, "interestIncome": 391111000, "interestExpense": 142948000, "depreciationAndAmortization": 2195000, "ebitda": 30173000, "ebitdaratio": 0.1159256029, "operatingIncome": 27978000, "operatingIncomeRatio": 0.1074923448, "totalOtherIncomeExpensesNet": 4219000, "incomeBeforeTax": 27978000, "incomeBeforeTaxRatio": 0.1074923448, "incomeTaxExpense": 4219000, "netIncome": 23759000, "netIncomeRatio": 0.0912828157, "eps": 0.47, "epsdiluted": 0.47, "weightedAverageShsOut": 50621785, "weightedAverageShsOutDil": 50724951, "link": "https://www.sec.gov/Archives/edgar/data/1169770/000116977020000007/0001169770-20-000007-index.htm", "finalLink": "https://www.sec.gov/Archives/edgar/data/1169770/000116977020000007/banc-12312019x10k.htm", "calculatedOtherExpenses": 117964000, "calculatedOperatingExpenses": 232301000, "calculatedNetInterest": 248163000, "calculatedOtherIncome": -248163000, "calculatedIncomeNonControlling": 0, "calculatedEbitda": 30173000}, {"date": "2018-12-31", "symbol": "BANC", "reportedCurrency": "USD", "cik": "0001169770", "fillingDate": "2019-03-01", "acceptedDate": "2019-02-28 20:02:44", "calendarYear": "2018", "period": "FY", "revenue": 309991000, "costOfRevenue": 2407000, "grossProfit": 307584000, "grossProfitRatio": 0.9922352584, "researchAndDevelopmentExpenses": 0, "generalAndAdministrativeExpenses": 109974000, "sellingAndMarketingExpenses": 12664000, "sellingGeneralAndAdministrativeExpenses": 122638000, "otherExpenses": -257815000, "operatingExpenses": -120548000, "costAndExpenses": -120548000, "interestIncome": 422796000, "interestExpense": 136720000, "depreciationAndAmortization": 3007000, "ebitda": 200921000, "ebitdaratio": 0.6481510754, "operatingIncome": 187036000, "operatingIncomeRatio": 0.6033594524, "totalOtherIncomeExpensesNet": -140045000, "incomeBeforeTax": 46991000, "incomeBeforeTaxRatio": 0.1515882719, "incomeTaxExpense": 4844000, "netIncome": 45472000, "netIncomeRatio": 0.1466881297, "eps": 0.9, "epsdiluted": 0.89, "weightedAverageShsOut": 50623222, "weightedAverageShsOutDil": 50851594, "link": "https://www.sec.gov/Archives/edgar/data/1169770/000116977019000005/0001169770-19-000005-index.htm", "finalLink": "https://www.sec.gov/Archives/edgar/data/1169770/000116977019000005/banc-12312018x10k.htm", "calculatedOtherExpenses": -2090000, "calculatedOperatingExpenses": 120548000, "calculatedNetInterest": 286076000, "calculatedOtherIncome": -426121000, "calculatedIncomeNonControlling": -3325000, "calculatedEbitda": 190043000}, {"date": "2017-12-31", "symbol": "BANC", "reportedCurrency": "USD", "cik": "0001169770", "fillingDate": "2018-02-28", "acceptedDate": "2018-02-28 16:07:02", "calendarYear": "2017", "period": "FY", "revenue": 348860000, "costOfRevenue": 5840000, "grossProfit": 343020000, "grossProfitRatio": 0.9832597604, "researchAndDevelopmentExpenses": 0, "generalAndAdministrativeExpenses": 129153000, "sellingAndMarketingExpenses": 5313000, "sellingGeneralAndAdministrativeExpenses": 129153000, "otherExpenses": -102337000, "operatingExpenses": 47730000, "costAndExpenses": 53570000, "interestIncome": 389190000, "interestExpense": 85000000, "depreciationAndAmortization": 3928000, "ebitda": 132481000, "ebitdaratio": 0.3797540561, "operatingIncome": 53474000, "operatingIncomeRatio": 0.1532821189, "totalOtherIncomeExpensesNet": -26581000, "incomeBeforeTax": 26893000, "incomeBeforeTaxRatio": 0.0770882302, "incomeTaxExpense": -26581000, "netIncome": 57709000, "netIncomeRatio": 0.1654216591, "eps": 0.72, "epsdiluted": 0.71, "weightedAverageShsOut": 50254595, "weightedAverageShsOutDil": 50819790, "link": "https://www.sec.gov/Archives/edgar/data/1169770/000116977018000004/0001169770-18-000004-index.htm", "finalLink": "https://www.sec.gov/Archives/edgar/data/1169770/000116977018000004/banc-12312017x10k.htm", "calculatedOtherExpenses": 160393000, "calculatedOperatingExpenses": 289546000, "calculatedNetInterest": 304190000, "calculatedOtherIncome": -330771000, "calculatedIncomeNonControlling": -4235000, "calculatedEbitda": 57402000}, {"date": "2016-12-31", "symbol": "BANC", "reportedCurrency": "USD", "cik": "0001169770", "fillingDate": "2017-03-01", "acceptedDate": "2017-03-01 16:42:47", "calendarYear": "2016", "period": "FY", "revenue": 597353000, "costOfRevenue": 19375000, "grossProfit": 577978000, "grossProfitRatio": 0.967565242, "researchAndDevelopmentExpenses": 0, "generalAndAdministrativeExpenses": 257918000, "sellingAndMarketingExpenses": 10740000, "sellingGeneralAndAdministrativeExpenses": 257918000, "otherExpenses": -86783000, "operatingExpenses": 42033000, "costAndExpenses": 61408000, "interestIncome": 376523000, "interestExpense": 59499000, "depreciationAndAmortization": 4851000, "ebitda": 225436000, "ebitdaratio": 0.3773915926, "operatingIncome": 220585000, "operatingIncomeRatio": 0.3692707662, "totalOtherIncomeExpensesNet": -71179000, "incomeBeforeTax": 149406000, "incomeBeforeTaxRatio": 0.250113417, "incomeTaxExpense": 33990000, "netIncome": 115416000, "netIncomeRatio": 0.1932123887, "eps": 1.97, "epsdiluted": 1.94, "weightedAverageShsOut": 48478173, "weightedAverageShsOutDil": 49227835, "link": "https://www.sec.gov/Archives/edgar/data/1169770/000116977017000008/0001169770-17-000008-index.htm", "finalLink": "https://www.sec.gov/Archives/edgar/data/1169770/000116977017000008/banc-12312016x10k.htm", "calculatedOtherExpenses": 99475000, "calculatedOperatingExpenses": 357393000, "calculatedNetInterest": 317024000, "calculatedOtherIncome": -388203000, "calculatedIncomeNonControlling": 0, "calculatedEbitda": 225436000}, {"date": "2015-12-31", "symbol": "BANC", "reportedCurrency": "USD", "cik": "0001169770", "fillingDate": "2016-02-18", "acceptedDate": "2016-02-18 06:11:15", "calendarYear": "2015", "period": "FY", "revenue": 434017000, "costOfRevenue": 1183000, "grossProfit": 432834000, "grossProfitRatio": 0.9972743003, "researchAndDevelopmentExpenses": 0, "generalAndAdministrativeExpenses": 213114000, "sellingAndMarketingExpenses": 6156000, "sellingGeneralAndAdministrativeExpenses": 213114000, "otherExpenses": 0, "operatingExpenses": 26349000, "costAndExpenses": 27532000, "interestIncome": 261819000, "interestExpense": 42621000, "depreciationAndAmortization": 5836000, "ebitda": 161877000, "ebitdaratio": 0.3729738697, "operatingIncome": 156041000, "operatingIncomeRatio": 0.3595273918, "totalOtherIncomeExpensesNet": -51775000, "incomeBeforeTax": 104266000, "incomeBeforeTaxRatio": 0.2402348295, "incomeTaxExpense": 42194000, "netIncome": 62072000, "netIncomeRatio": 0.1430174394, "eps": 1.36, "epsdiluted": 1.34, "weightedAverageShsOut": 38418382, "weightedAverageShsOutDil": 38991791, "link": "https://www.sec.gov/Archives/edgar/data/1169770/000116977016000016/0001169770-16-000016-index.htm", "finalLink": "https://www.sec.gov/Archives/edgar/data/1169770/000116977016000016/banc-12312015x10k.htm", "calculatedOtherExpenses": 63679000, "calculatedOperatingExpenses": 276793000, "calculatedNetInterest": 219198000, "calculatedOtherIncome": -270973000, "calculatedIncomeNonControlling": 0, "calculatedEbitda": 161877000}, {"date": "2014-12-31", "symbol": "BANC", "reportedCurrency": "USD", "cik": "0001169770", "fillingDate": "2015-03-16", "acceptedDate": "2015-03-16 16:39:54", "calendarYear": "2014", "period": "FY", "revenue": 300914000, "costOfRevenue": 1488000, "grossProfit": 299426000, "grossProfitRatio": 0.9950550656, "researchAndDevelopmentExpenses": 0, "generalAndAdministrativeExpenses": 162879000, "sellingAndMarketingExpenses": 5016000, "sellingGeneralAndAdministrativeExpenses": 162879000, "otherExpenses": 0, "operatingExpenses": 24263000, "costAndExpenses": 25751000, "interestIncome": 185919000, "interestExpense": 32862000, "depreciationAndAmortization": 10913000, "ebitda": 69552000, "ebitdaratio": 0.2311358062, "operatingIncome": 58639000, "operatingIncomeRatio": 0.1948696305, "totalOtherIncomeExpensesNet": -32862000, "incomeBeforeTax": 25777000, "incomeBeforeTaxRatio": 0.0856623487, "incomeTaxExpense": -4541000, "netIncome": 30318000, "netIncomeRatio": 0.1007530391, "eps": 0.91, "epsdiluted": 0.91, "weightedAverageShsOut": 28248231, "weightedAverageShsOutDil": 29316484, "link": "https://www.sec.gov/Archives/edgar/data/1169770/000116977015000004/0001169770-15-000004-index.htm", "finalLink": "https://www.sec.gov/Archives/edgar/data/1169770/000116977015000004/banc-12312014x10k.htm", "calculatedOtherExpenses": 77908000, "calculatedOperatingExpenses": 240787000, "calculatedNetInterest": 153057000, "calculatedOtherIncome": -185919000, "calculatedIncomeNonControlling": 0, "calculatedEbitda": 69552000}, {"date": "2013-12-31", "symbol": "BANC", "reportedCurrency": "USD", "cik": "0001169770", "fillingDate": "2014-03-17", "acceptedDate": "2014-03-17 16:10:30", "calendarYear": "2013", "period": "FY", "revenue": 193972000, "costOfRevenue": 12642000, "grossProfit": 181330000, "grossProfitRatio": 0.9348256449, "researchAndDevelopmentExpenses": 0, "generalAndAdministrativeExpenses": 110687000, "sellingAndMarketingExpenses": 4361000, "sellingGeneralAndAdministrativeExpenses": 110687000, "otherExpenses": 0, "operatingExpenses": 18225000, "costAndExpenses": 30867000, "interestIncome": 119305000, "interestExpense": 23282000, "depreciationAndAmortization": 6934000, "ebitda": 37555000, "ebitdaratio": 0.193610418, "operatingIncome": 30621000, "operatingIncomeRatio": 0.1578629905, "totalOtherIncomeExpensesNet": -23282000, "incomeBeforeTax": 7339000, "incomeBeforeTaxRatio": 0.0378353577, "incomeTaxExpense": 7260000, "netIncome": 79000, "netIncomeRatio": 0.0004072753, "eps": -0.14, "epsdiluted": -0.14, "weightedAverageShsOut": 15042857, "weightedAverageShsOutDil": 15042857, "link": "https://www.sec.gov/Archives/edgar/data/1169770/000119312514102322/0001193125-14-102322-index.htm", "finalLink": "https://www.sec.gov/Archives/edgar/data/1169770/000119312514102322/d652491d10k.htm", "calculatedOtherExpenses": 40022000, "calculatedOperatingExpenses": 150709000, "calculatedNetInterest": 96023000, "calculatedOtherIncome": -119305000, "calculatedIncomeNonControlling": 0, "calculatedEbitda": 37555000}, {"date": "2012-12-31", "symbol": "BANC", "reportedCurrency": "USD", "cik": "0001169770", "fillingDate": "2013-03-28", "acceptedDate": "2013-03-28 17:23:33", "calendarYear": "2012", "period": "FY", "revenue": 83171000, "costOfRevenue": 12846000, "grossProfit": 70325000, "grossProfitRatio": 0.8455471258, "researchAndDevelopmentExpenses": 0, "generalAndAdministrativeExpenses": 41891000, "sellingAndMarketingExpenses": 1046000, "sellingGeneralAndAdministrativeExpenses": 41891000, "otherExpenses": -97626000, "operatingExpenses": -55735000, "costAndExpenses": 12846000, "interestIncome": 54678000, "interestExpense": 8479000, "depreciationAndAmortization": 2410000, "ebitda": 17000000, "ebitdaratio": 0.2043981676, "operatingIncome": 14590000, "operatingIncomeRatio": 0.1754217215, "totalOtherIncomeExpensesNet": -8480000, "incomeBeforeTax": 6110000, "incomeBeforeTaxRatio": 0.0734631061, "incomeTaxExpense": 115000, "netIncome": 5995000, "netIncomeRatio": 0.0720804126, "eps": 0.4, "epsdiluted": 0.4, "weightedAverageShsOut": 11590000, "weightedAverageShsOutDil": 11590000, "link": "https://www.sec.gov/Archives/edgar/data/1169770/000119312513132678/0001193125-13-132678-index.htm", "finalLink": "https://www.sec.gov/Archives/edgar/data/1169770/000119312513132678/d453853d10k.htm", "calculatedOtherExpenses": 13844000, "calculatedOperatingExpenses": 55735000, "calculatedNetInterest": 46199000, "calculatedOtherIncome": -54679000, "calculatedIncomeNonControlling": 0, "calculatedEbitda": 17000000}, {"date": "2011-12-31", "symbol": "BANC", "reportedCurrency": "USD", "cik": "0001169770", "fillingDate": "2012-03-30", "acceptedDate": "2012-03-30 16:06:25", "calendarYear": "2011", "period": "FY", "revenue": 34053000, "costOfRevenue": 0, "grossProfit": 34053000, "grossProfitRatio": 1, "researchAndDevelopmentExpenses": 0, "generalAndAdministrativeExpenses": 19045000, "sellingAndMarketingExpenses": 477000, "sellingGeneralAndAdministrativeExpenses": 19522000, "otherExpenses": -50562000, "operatingExpenses": -31040000, "costAndExpenses": -31040000, "interestIncome": 34960000, "interestExpense": 6037000, "depreciationAndAmortization": 650000, "ebitda": 3663000, "ebitdaratio": 0.1075676152, "operatingIncome": 3013000, "operatingIncomeRatio": 0.0884797228, "totalOtherIncomeExpensesNet": -6037000, "incomeBeforeTax": -3024000, "incomeBeforeTaxRatio": -0.0888027487, "incomeTaxExpense": -296000, "netIncome": -2728000, "netIncomeRatio": -0.0801104161, "eps": -0.24, "epsdiluted": -0.24, "weightedAverageShsOut": 11597315, "weightedAverageShsOutDil": 11597484, "link": "https://www.sec.gov/Archives/edgar/data/1169770/000119312512143562/0001193125-12-143562-index.htm", "finalLink": "https://www.sec.gov/Archives/edgar/data/1169770/000119312512143562/d270236d10k.htm", "calculatedOtherExpenses": 11518000, "calculatedOperatingExpenses": 31040000, "calculatedNetInterest": 28923000, "calculatedOtherIncome": -34960000, "calculatedIncomeNonControlling": 0, "calculatedEbitda": 3663000}, {"date": "2010-12-31", "symbol": "BANC", "reportedCurrency": "USD", "cik": "0001169770", "fillingDate": "2011-02-25", "acceptedDate": "2011-02-25 16:05:42", "calendarYear": "2010", "period": "FY", "revenue": 35035000, "costOfRevenue": 0, "grossProfit": 35035000, "grossProfitRatio": 1, "researchAndDevelopmentExpenses": 0, "generalAndAdministrativeExpenses": 13432000, "sellingAndMarketingExpenses": 232000, "sellingGeneralAndAdministrativeExpenses": 13664000, "otherExpenses": -34050000, "operatingExpenses": -20386000, "costAndExpenses": -20386000, "interestIncome": 40728000, "interestExpense": 10788000, "depreciationAndAmortization": 390000, "ebitda": 15039000, "ebitdaratio": 0.4292564578, "operatingIncome": 14649000, "operatingIncomeRatio": 0.4181247324, "totalOtherIncomeExpensesNet": -10788000, "incomeBeforeTax": 3861000, "incomeBeforeTaxRatio": 0.1102040816, "incomeTaxExpense": 1036000, "netIncome": 2825000, "netIncomeRatio": 0.0806336521, "eps": 0.37, "epsdiluted": 0.37, "weightedAverageShsOut": 5108075, "weightedAverageShsOutDil": 5108075, "link": "https://www.sec.gov/Archives/edgar/data/1169770/000119312511047390/0001193125-11-047390-index.htm", "finalLink": "https://www.sec.gov/Archives/edgar/data/1169770/000119312511047390/d10k.htm", "calculatedOtherExpenses": 6722000, "calculatedOperatingExpenses": 20386000, "calculatedNetInterest": 29940000, "calculatedOtherIncome": -40728000, "calculatedIncomeNonControlling": 0, "calculatedEbitda": 15039000}, {"date": "2009-12-31", "symbol": "BANC", "reportedCurrency": "USD", "cik": "0001169770", "fillingDate": "2010-03-10", "acceptedDate": "2010-03-10 16:32:32", "calendarYear": "2009", "period": "FY", "revenue": 30503000, "costOfRevenue": 0, "grossProfit": 30503000, "grossProfitRatio": 1, "researchAndDevelopmentExpenses": 0, "generalAndAdministrativeExpenses": 9381000, "sellingAndMarketingExpenses": 178000, "sellingGeneralAndAdministrativeExpenses": 9559000, "otherExpenses": -24780000, "operatingExpenses": -15221000, "costAndExpenses": -15221000, "interestIncome": 46578000, "interestExpense": 17976000, "depreciationAndAmortization": 446000, "ebitda": 15728000, "ebitdaratio": 0.5156214143, "operatingIncome": 15282000, "operatingIncomeRatio": 0.5009999016, "totalOtherIncomeExpensesNet": -17976000, "incomeBeforeTax": -2694000, "incomeBeforeTaxRatio": -0.0883191817, "incomeTaxExpense": -1695000, "netIncome": -999000, "netIncomeRatio": -0.032750877, "eps": -0.24, "epsdiluted": -0.24, "weightedAverageShsOut": 4158044, "weightedAverageShsOutDil": 4158044, "link": "https://www.sec.gov/Archives/edgar/data/1169770/000119312510052670/0001193125-10-052670-index.htm", "finalLink": "https://www.sec.gov/Archives/edgar/data/1169770/000119312510052670/d10k.htm", "calculatedOtherExpenses": 5662000, "calculatedOperatingExpenses": 15221000, "calculatedNetInterest": 28602000, "calculatedOtherIncome": -46578000, "calculatedIncomeNonControlling": 0, "calculatedEbitda": 15728000}, {"date": "2008-12-31", "symbol": "BANC", "reportedCurrency": "USD", "cik": "0001169770", "fillingDate": "2009-03-06", "acceptedDate": "2009-03-06 08:34:29", "calendarYear": "2008", "period": "FY", "revenue": 25077000, "costOfRevenue": 0, "grossProfit": 25077000, "grossProfitRatio": 1, "researchAndDevelopmentExpenses": 0, "generalAndAdministrativeExpenses": 6727000, "sellingAndMarketingExpenses": 319000, "sellingGeneralAndAdministrativeExpenses": 7046000, "otherExpenses": -11094000, "operatingExpenses": -4048000, "costAndExpenses": -4048000, "interestIncome": 45896000, "interestExpense": 23021000, "depreciationAndAmortization": 447000, "ebitda": 21476000, "ebitdaratio": 0.856402281, "operatingIncome": 21029000, "operatingIncomeRatio": 0.8385771823, "totalOtherIncomeExpensesNet": -23021000, "incomeBeforeTax": -1992000, "incomeBeforeTaxRatio": -0.0794353392, "incomeTaxExpense": -1463000, "netIncome": -529000, "netIncomeRatio": -0.0210950273, "eps": -0.13, "epsdiluted": -0.13, "weightedAverageShsOut": 4160263, "weightedAverageShsOutDil": 4160263, "link": "https://www.sec.gov/Archives/edgar/data/1169770/000119312509046811/0001193125-09-046811-index.htm", "finalLink": "https://www.sec.gov/Archives/edgar/data/1169770/000119312509046811/d10k.htm", "calculatedOtherExpenses": -2998000, "calculatedOperatingExpenses": 4048000, "calculatedNetInterest": 22875000, "calculatedOtherIncome": -45896000, "calculatedIncomeNonControlling": 0, "calculatedEbitda": 21476000}, {"date": "2007-12-31", "symbol": "BANC", "reportedCurrency": "USD", "cik": "0001169770", "fillingDate": "2008-03-10", "acceptedDate": "2008-03-10 06:19:36", "calendarYear": "2007", "period": "FY", "revenue": 19255000, "costOfRevenue": 0, "grossProfit": 19255000, "grossProfitRatio": 1, "researchAndDevelopmentExpenses": 0, "generalAndAdministrativeExpenses": 7271000, "sellingAndMarketingExpenses": 353000, "sellingGeneralAndAdministrativeExpenses": 7624000, "otherExpenses": 5553000, "operatingExpenses": 13177000, "costAndExpenses": 13177000, "interestIncome": 45711000, "interestExpense": 28847000, "depreciationAndAmortization": 434000, "ebitda": 32866000, "ebitdaratio": 1.7068813295, "operatingIncome": 32432000, "operatingIncomeRatio": 1.6843417294, "totalOtherIncomeExpensesNet": -28847000, "incomeBeforeTax": 3585000, "incomeBeforeTaxRatio": 0.1861854064, "incomeTaxExpense": 624000, "netIncome": 2961000, "netIncomeRatio": 0.1537782394, "eps": 0.71, "epsdiluted": 0.7, "weightedAverageShsOut": 4170423, "weightedAverageShsOutDil": 4230000, "link": "https://www.sec.gov/Archives/edgar/data/1169770/000119312508050815/0001193125-08-050815-index.htm", "finalLink": "https://www.sec.gov/Archives/edgar/data/1169770/000119312508050815/d10k.htm", "calculatedOtherExpenses": -20801000, "calculatedOperatingExpenses": -13177000, "calculatedNetInterest": 16864000, "calculatedOtherIncome": -45711000, "calculatedIncomeNonControlling": 0, "calculatedEbitda": 32866000}, {"date": "2006-12-31", "symbol": "BANC", "reportedCurrency": "USD", "cik": "0001169770", "fillingDate": "2007-02-28", "acceptedDate": "2007-02-28 06:14:32", "calendarYear": "2006", "period": "FY", "revenue": 20786000, "costOfRevenue": 0, "grossProfit": 20786000, "grossProfitRatio": 1, "researchAndDevelopmentExpenses": 0, "generalAndAdministrativeExpenses": 7449000, "sellingAndMarketingExpenses": 364000, "sellingGeneralAndAdministrativeExpenses": 7813000, "otherExpenses": 5591000, "operatingExpenses": 13404000, "costAndExpenses": 13404000, "interestIncome": 45514000, "interestExpense": 26945000, "depreciationAndAmortization": 441000, "ebitda": 34631000, "ebitdaratio": 1.6660733186, "operatingIncome": 34190000, "operatingIncomeRatio": 1.6448571154, "totalOtherIncomeExpensesNet": -26945000, "incomeBeforeTax": 7245000, "incomeBeforeTaxRatio": 0.3485519099, "incomeTaxExpense": 2531000, "netIncome": 4714000, "netIncomeRatio": 0.2267872607, "eps": 1.15, "epsdiluted": 1.12, "weightedAverageShsOut": 4099130, "weightedAverageShsOutDil": 4208929, "link": "https://www.sec.gov/Archives/edgar/data/1169770/000119312507041688/0001193125-07-041688-index.htm", "finalLink": "https://www.sec.gov/Archives/edgar/data/1169770/000119312507041688/d10k.htm", "calculatedOtherExpenses": -21217000, "calculatedOperatingExpenses": -13404000, "calculatedNetInterest": 18569000, "calculatedOtherIncome": -45514000, "calculatedIncomeNonControlling": 0, "calculatedEbitda": 34631000}, {"date": "2005-12-31", "symbol": "BANC", "reportedCurrency": "USD", "cik": "0001169770", "fillingDate": "2006-03-09", "acceptedDate": "2006-03-09 09:06:28", "calendarYear": "2005", "period": "FY", "revenue": 21092000, "costOfRevenue": 0, "grossProfit": 21092000, "grossProfitRatio": 1, "researchAndDevelopmentExpenses": 0, "generalAndAdministrativeExpenses": 7282000, "sellingAndMarketingExpenses": 429000, "sellingGeneralAndAdministrativeExpenses": 7711000, "otherExpenses": -4668000, "operatingExpenses": 3043000, "costAndExpenses": 3043000, "interestIncome": 35651000, "interestExpense": 16703000, "depreciationAndAmortization": 508000, "ebitda": 24643000, "ebitdaratio": 1.1683576712, "operatingIncome": 24135000, "operatingIncomeRatio": 1.14427271, "totalOtherIncomeExpensesNet": -16703000, "incomeBeforeTax": 7432000, "incomeBeforeTaxRatio": 0.3523610848, "incomeTaxExpense": 2625000, "netIncome": 4807000, "netIncomeRatio": 0.2279063152, "eps": 1.16, "epsdiluted": 1.13, "weightedAverageShsOut": 4143966, "weightedAverageShsOutDil": 4253982, "link": "https://www.sec.gov/Archives/edgar/data/1169770/000119312506049134/0001193125-06-049134-index.htm", "finalLink": "https://www.sec.gov/Archives/edgar/data/1169770/000119312506049134/d10k.htm", "calculatedOtherExpenses": -10754000, "calculatedOperatingExpenses": -3043000, "calculatedNetInterest": 18948000, "calculatedOtherIncome": -35651000, "calculatedIncomeNonControlling": 0, "calculatedEbitda": 24643000}, {"date": "2004-12-31", "symbol": "BANC", "reportedCurrency": "USD", "cik": "0001169770", "fillingDate": "2005-03-16", "acceptedDate": "2005-03-16 17:03:28", "calendarYear": "2004", "period": "FY", "revenue": 21857000, "costOfRevenue": 0, "grossProfit": 21857000, "grossProfitRatio": 1, "researchAndDevelopmentExpenses": 0, "generalAndAdministrativeExpenses": 7069000, "sellingAndMarketingExpenses": 344000, "sellingGeneralAndAdministrativeExpenses": 7413000, "otherExpenses": -8883000, "operatingExpenses": -1470000, "costAndExpenses": -1470000, "interestIncome": 31733000, "interestExpense": 11426000, "depreciationAndAmortization": 502000, "ebitda": 20889000, "ebitdaratio": 0.9557121288, "operatingIncome": 20387000, "operatingIncomeRatio": 0.9327446585, "totalOtherIncomeExpensesNet": -11426000, "incomeBeforeTax": 8961000, "incomeBeforeTaxRatio": 0.4099830718, "incomeTaxExpense": 3886000, "netIncome": 5075000, "netIncomeRatio": 0.2321910601, "eps": 1.18, "epsdiluted": 1.16, "weightedAverageShsOut": 4300847, "weightedAverageShsOutDil": 4375000, "link": "https://www.sec.gov/Archives/edgar/data/1169770/000119312505052871/0001193125-05-052871-index.htm", "finalLink": "https://www.sec.gov/Archives/edgar/data/1169770/000119312505052871/d10k.htm", "calculatedOtherExpenses": -5943000, "calculatedOperatingExpenses": 1470000, "calculatedNetInterest": 20307000, "calculatedOtherIncome": -31733000, "calculatedIncomeNonControlling": 0, "calculatedEbitda": 20889000}, {"date": "2003-12-31", "symbol": "BANC", "reportedCurrency": "USD", "cik": "0001169770", "fillingDate": "2004-03-15", "acceptedDate": "2004-03-15 14:21:53", "calendarYear": "2003", "period": "FY", "revenue": 19843000, "costOfRevenue": 0, "grossProfit": 19843000, "grossProfitRatio": 1, "researchAndDevelopmentExpenses": 0, "generalAndAdministrativeExpenses": 6004000, "sellingAndMarketingExpenses": 399000, "sellingGeneralAndAdministrativeExpenses": 6403000, "otherExpenses": -10026000, "operatingExpenses": -3623000, "costAndExpenses": -3623000, "interestIncome": 27721000, "interestExpense": 9159000, "depreciationAndAmortization": 635000, "ebitda": 16855000, "ebitdaratio": 0.8494179308, "operatingIncome": 16220000, "operatingIncomeRatio": 0.8174167213, "totalOtherIncomeExpensesNet": -9159000, "incomeBeforeTax": 7061000, "incomeBeforeTaxRatio": 0.3558433705, "incomeTaxExpense": 2960000, "netIncome": 4101000, "netIncomeRatio": 0.2066723782, "eps": 0.86, "epsdiluted": 0.85, "weightedAverageShsOut": 4768605, "weightedAverageShsOutDil": 4824706, "link": "https://www.sec.gov/Archives/edgar/data/1169770/000119312504042022/0001193125-04-042022-index.htm", "finalLink": "https://www.sec.gov/Archives/edgar/data/1169770/000119312504042022/d10k.htm", "calculatedOtherExpenses": -2780000, "calculatedOperatingExpenses": 3623000, "calculatedNetInterest": 18562000, "calculatedOtherIncome": -27721000, "calculatedIncomeNonControlling": 0, "calculatedEbitda": 16855000}, {"date": "2002-12-31", "symbol": "BANC", "reportedCurrency": "USD", "cik": "0001169770", "fillingDate": "2003-03-21", "acceptedDate": "2003-03-21 08:16:43", "calendarYear": "2002", "period": "FY", "revenue": 14731000, "costOfRevenue": 0, "grossProfit": 14731000, "grossProfitRatio": 1, "researchAndDevelopmentExpenses": 0, "generalAndAdministrativeExpenses": 4605000, "sellingAndMarketingExpenses": 282000, "sellingGeneralAndAdministrativeExpenses": 4887000, "otherExpenses": -6915000, "operatingExpenses": -2028000, "costAndExpenses": -2028000, "interestIncome": 21834000, "interestExpense": 8110000, "depreciationAndAmortization": 675000, "ebitda": 13378000, "ebitdaratio": 0.9081528749, "operatingIncome": 12703000, "operatingIncomeRatio": 0.8623311384, "totalOtherIncomeExpensesNet": -8110000, "incomeBeforeTax": 4593000, "incomeBeforeTaxRatio": 0.3117914602, "incomeTaxExpense": 1957000, "netIncome": 2636000, "netIncomeRatio": 0.1789423664, "eps": 0.23, "epsdiluted": 0.23, "weightedAverageShsOut": 5290000, "weightedAverageShsOutDil": 5290000, "link": "https://www.sec.gov/Archives/edgar/data/1169770/000101706203000485/0001017062-03-000485-index.htm", "finalLink": "https://www.sec.gov/Archives/edgar/data/1169770/000101706203000485/d10k.htm", "calculatedOtherExpenses": -2859000, "calculatedOperatingExpenses": 2028000, "calculatedNetInterest": 13724000, "calculatedOtherIncome": -21834000, "calculatedIncomeNonControlling": 0, "calculatedEbitda": 13378000}, {"date": "2001-12-31", "symbol": "BANC", "reportedCurrency": "USD", "cik": "0001169770", "fillingDate": "2001-12-31", "acceptedDate": "2001-12-30 19:00:00", "calendarYear": "2001", "period": "FY", "revenue": 1099000, "costOfRevenue": 0, "grossProfit": 1099000, "grossProfitRatio": 1, "researchAndDevelopmentExpenses": 0, "generalAndAdministrativeExpenses": 829000, "sellingAndMarketingExpenses": 282000, "sellingGeneralAndAdministrativeExpenses": 1111000, "otherExpenses": 12971000, "operatingExpenses": 14082000, "costAndExpenses": 14082000, "interestIncome": 21822000, "interestExpense": 11573000, "depreciationAndAmortization": 445000, "ebitda": 15626000, "ebitdaratio": 14.2183803458, "operatingIncome": 15181000, "operatingIncomeRatio": 13.813466788, "totalOtherIncomeExpensesNet": -11573000, "incomeBeforeTax": 3608000, "incomeBeforeTaxRatio": 3.2829845314, "incomeTaxExpense": 1512000, "netIncome": 2096000, "netIncomeRatio": 1.907188353, "eps": 0.4, "epsdiluted": 0.4, "weightedAverageShsOut": 5290000, "weightedAverageShsOutDil": 5290000, "link": "", "finalLink": "", "calculatedOtherExpenses": -15193000, "calculatedOperatingExpenses": -14082000, "calculatedNetInterest": 10249000, "calculatedOtherIncome": -21822000, "calculatedIncomeNonControlling": 0, "calculatedEbitda": 15626000}, {"date": "2000-12-31", "symbol": "BANC", "reportedCurrency": "USD", "cik": "0001169770", "fillingDate": "2000-12-31", "acceptedDate": "2000-12-30 19:00:00", "calendarYear": "2000", "period": "FY", "revenue": 1531000, "costOfRevenue": 0, "grossProfit": 1531000, "grossProfitRatio": 1, "researchAndDevelopmentExpenses": 0, "generalAndAdministrativeExpenses": 0, "sellingAndMarketingExpenses": 0, "sellingGeneralAndAdministrativeExpenses": 0, "otherExpenses": 10527000, "operatingExpenses": 10527000, "costAndExpenses": 10527000, "interestIncome": 18696000, "interestExpense": 10315000, "depreciationAndAmortization": 0, "ebitda": 12058000, "ebitdaratio": 7.8758981058, "operatingIncome": 12058000, "operatingIncomeRatio": 7.8758981058, "totalOtherIncomeExpensesNet": -10015000, "incomeBeforeTax": 2043000, "incomeBeforeTaxRatio": 1.3344219464, "incomeTaxExpense": 300000, "netIncome": 1743000, "netIncomeRatio": 1.1384715872, "eps": 0.33, "epsdiluted": 0.33, "weightedAverageShsOut": 5290000, "weightedAverageShsOutDil": 5290000, "link": "", "finalLink": "", "calculatedOtherExpenses": -10527000, "calculatedOperatingExpenses": -10527000, "calculatedNetInterest": 8381000, "calculatedOtherIncome": -18396000, "calculatedIncomeNonControlling": 0, "calculatedEbitda": 12058000}]}