{"originalCurrency": "USD", "convertedCurrency": "USD", "report": [{"date": "2023-12-31", "symbol": "BANF", "reportedCurrency": "USD", "cik": "0000760498", "fillingDate": "2024-02-27", "acceptedDate": "2024-02-27 13:53:11", "calendarYear": "2023", "period": "FY", "revenue": 792705000, "costOfRevenue": 198779000, "grossProfit": 593926000, "grossProfitRatio": 0.7492396289, "researchAndDevelopmentExpenses": 0, "generalAndAdministrativeExpenses": 205813000, "sellingAndMarketingExpenses": 9114000, "sellingGeneralAndAdministrativeExpenses": 214927000, "otherExpenses": -76850000, "operatingExpenses": 76850000, "costAndExpenses": 522756999, "interestIncome": 623936000, "interestExpense": 4122000, "depreciationAndAmortization": 22189000, "ebitda": 22189000, "ebitdaratio": 0.0279914975, "operatingIncome": 295245000, "operatingIncomeRatio": 0.3724525517, "totalOtherIncomeExpensesNet": 269948000, "incomeBeforeTax": 269948000, "incomeBeforeTaxRatio": 0.3405403019, "incomeTaxExpense": 57483000, "netIncome": 212465000, "netIncomeRatio": 0.2680253058, "eps": 6.45, "epsdiluted": 6.34, "weightedAverageShsOut": 32919348, "weightedAverageShsOutDil": 33494487, "link": "https://www.sec.gov/Archives/edgar/data/760498/000095017024020908/0000950170-24-020908-index.htm", "finalLink": "https://www.sec.gov/Archives/edgar/data/760498/000095017024020908/banf-20231231.htm", "calculatedOtherExpenses": 83754000, "calculatedOperatingExpenses": 298681000, "calculatedNetInterest": 619814000, "calculatedOtherIncome": -645111000, "calculatedIncomeNonControlling": 0, "calculatedEbitda": 317434000}, {"date": "2022-12-31", "symbol": "BANF", "reportedCurrency": "USD", "cik": "0000760498", "fillingDate": "2023-02-24", "acceptedDate": "2023-02-24 16:11:56", "calendarYear": "2022", "period": "FY", "revenue": 557420000, "costOfRevenue": 0, "grossProfit": 557420000, "grossProfitRatio": 1, "researchAndDevelopmentExpenses": 0, "generalAndAdministrativeExpenses": 189711000, "sellingAndMarketingExpenses": 8074000, "sellingGeneralAndAdministrativeExpenses": 197785000, "otherExpenses": -517773000, "operatingExpenses": -319988000, "costAndExpenses": -319988000, "interestIncome": 373673000, "interestExpense": 46147000, "depreciationAndAmortization": 22048000, "ebitda": 259480000, "ebitdaratio": 0.465501776, "operatingIncome": 237432000, "operatingIncomeRatio": 0.4259481181, "totalOtherIncomeExpensesNet": 237432000, "incomeBeforeTax": 237432000, "incomeBeforeTaxRatio": 0.4259481181, "incomeTaxExpense": 44332000, "netIncome": 193100000, "netIncomeRatio": 0.3464174231, "eps": 5.89, "epsdiluted": 5.77, "weightedAverageShsOut": 32778354, "weightedAverageShsOutDil": 33439496, "link": "https://www.sec.gov/Archives/edgar/data/760498/000095017023004378/0000950170-23-004378-index.htm", "finalLink": "https://www.sec.gov/Archives/edgar/data/760498/000095017023004378/banf-20221231.htm", "calculatedOtherExpenses": 122203000, "calculatedOperatingExpenses": 319988000, "calculatedNetInterest": 327526000, "calculatedOtherIncome": -327526000, "calculatedIncomeNonControlling": 0, "calculatedEbitda": 259480000}, {"date": "2021-12-31", "symbol": "BANF", "reportedCurrency": "USD", "cik": "0000760498", "fillingDate": "2022-02-25", "acceptedDate": "2022-02-25 10:42:04", "calendarYear": "2021", "period": "FY", "revenue": 485689000, "costOfRevenue": 0, "grossProfit": 485689000, "grossProfitRatio": 1, "researchAndDevelopmentExpenses": 0, "generalAndAdministrativeExpenses": 170179000, "sellingAndMarketingExpenses": 7403000, "sellingGeneralAndAdministrativeExpenses": 177582000, "otherExpenses": -454873000, "operatingExpenses": -277291000, "costAndExpenses": -277291000, "interestIncome": 315657000, "interestExpense": 11364000, "depreciationAndAmortization": 20041000, "ebitda": 228439000, "ebitdaratio": 0.4703400736, "operatingIncome": 208398000, "operatingIncomeRatio": 0.4290770431, "totalOtherIncomeExpensesNet": 208398000, "incomeBeforeTax": 208398000, "incomeBeforeTaxRatio": 0.4290770431, "incomeTaxExpense": 40768000, "netIncome": 167630000, "netIncomeRatio": 0.3451385557, "eps": 5.12, "epsdiluted": 5.03, "weightedAverageShsOut": 32716099, "weightedAverageShsOutDil": 33314146, "link": "https://www.sec.gov/Archives/edgar/data/760498/000095017022002052/0000950170-22-002052-index.htm", "finalLink": "https://www.sec.gov/Archives/edgar/data/760498/000095017022002052/banf-20211231.htm", "calculatedOtherExpenses": 99709000, "calculatedOperatingExpenses": 277291000, "calculatedNetInterest": 304293000, "calculatedOtherIncome": -304293000, "calculatedIncomeNonControlling": 0, "calculatedEbitda": 228439000}, {"date": "2020-12-31", "symbol": "BANF", "reportedCurrency": "USD", "cik": "0000760498", "fillingDate": "2021-02-26", "acceptedDate": "2021-02-26 12:21:22", "calendarYear": "2020", "period": "FY", "revenue": 443890000, "costOfRevenue": 0, "grossProfit": 443890000, "grossProfitRatio": 1, "researchAndDevelopmentExpenses": 0, "generalAndAdministrativeExpenses": 166808000, "sellingAndMarketingExpenses": 6996000, "sellingGeneralAndAdministrativeExpenses": 173804000, "otherExpenses": -494182000, "operatingExpenses": -320378000, "costAndExpenses": -320378000, "interestIncome": 306668000, "interestExpense": 20446000, "depreciationAndAmortization": 18424000, "ebitda": 141936000, "ebitdaratio": 0.3197548942, "operatingIncome": 123512000, "operatingIncomeRatio": 0.2782491158, "totalOtherIncomeExpensesNet": 123512000, "incomeBeforeTax": 123512000, "incomeBeforeTaxRatio": 0.2782491158, "incomeTaxExpense": 23926000, "netIncome": 99586000, "netIncomeRatio": 0.2243483746, "eps": 3.05, "epsdiluted": 3, "weightedAverageShsOut": 32672522, "weightedAverageShsOutDil": 33210952, "link": "https://www.sec.gov/Archives/edgar/data/760498/000156459021009287/0001564590-21-009287-index.htm", "finalLink": "https://www.sec.gov/Archives/edgar/data/760498/000156459021009287/banf-10k_20201231.htm", "calculatedOtherExpenses": 146574000, "calculatedOperatingExpenses": 320378000, "calculatedNetInterest": 286222000, "calculatedOtherIncome": -286222000, "calculatedIncomeNonControlling": 0, "calculatedEbitda": 141936000}, {"date": "2019-12-31", "symbol": "BANF", "reportedCurrency": "USD", "cik": "0000760498", "fillingDate": "2020-02-28", "acceptedDate": "2020-02-28 15:12:04", "calendarYear": "2019", "period": "FY", "revenue": 419150000, "costOfRevenue": 0, "grossProfit": 419150000, "grossProfitRatio": 1, "researchAndDevelopmentExpenses": 0, "generalAndAdministrativeExpenses": 154167000, "sellingAndMarketingExpenses": 8554000, "sellingGeneralAndAdministrativeExpenses": 162721000, "otherExpenses": -412309000, "operatingExpenses": -249588000, "costAndExpenses": -249588000, "interestIncome": 281921000, "interestExpense": 54736000, "depreciationAndAmortization": 16342000, "ebitda": 185904000, "ebitdaratio": 0.4435261839, "operatingIncome": 169562000, "operatingIncomeRatio": 0.404537755, "totalOtherIncomeExpensesNet": 169562000, "incomeBeforeTax": 169562000, "incomeBeforeTaxRatio": 0.404537755, "incomeTaxExpense": 34683000, "netIncome": 134879000, "netIncomeRatio": 0.3217917213, "eps": 4.13, "epsdiluted": 4.05, "weightedAverageShsOut": 32639395, "weightedAverageShsOutDil": 33329844, "link": "https://www.sec.gov/Archives/edgar/data/760498/000156459020007763/0001564590-20-007763-index.htm", "finalLink": "https://www.sec.gov/Archives/edgar/data/760498/000156459020007763/banf-10k_20191231.htm", "calculatedOtherExpenses": 86867000, "calculatedOperatingExpenses": 249588000, "calculatedNetInterest": 227185000, "calculatedOtherIncome": -227185000, "calculatedIncomeNonControlling": 0, "calculatedEbitda": 185904000}, {"date": "2018-12-31", "symbol": "BANF", "reportedCurrency": "USD", "cik": "0000760498", "fillingDate": "2019-02-26", "acceptedDate": "2019-02-26 14:32:57", "calendarYear": "2018", "period": "FY", "revenue": 385675000, "costOfRevenue": 0, "grossProfit": 385675000, "grossProfitRatio": 1, "researchAndDevelopmentExpenses": 0, "generalAndAdministrativeExpenses": 141974000, "sellingAndMarketingExpenses": 8028000, "sellingGeneralAndAdministrativeExpenses": 150002000, "otherExpenses": -338153000, "operatingExpenses": -183195000, "costAndExpenses": -183195000, "interestIncome": 260476000, "interestExpense": 42728000, "depreciationAndAmortization": 13546000, "ebitda": 216026000, "ebitdaratio": 0.5601244571, "operatingIncome": 202480000, "operatingIncomeRatio": 0.5250016205, "totalOtherIncomeExpensesNet": -42728000, "incomeBeforeTax": 159752000, "incomeBeforeTaxRatio": 0.4142140403, "incomeTaxExpense": 33938000, "netIncome": 125814000, "netIncomeRatio": 0.3262176703, "eps": 3.85, "epsdiluted": 3.76, "weightedAverageShsOut": 32689228, "weightedAverageShsOutDil": 33430714, "link": "https://www.sec.gov/Archives/edgar/data/760498/000156459019004389/0001564590-19-004389-index.htm", "finalLink": "https://www.sec.gov/Archives/edgar/data/760498/000156459019004389/banf-10k_20181231.htm", "calculatedOtherExpenses": 33193000, "calculatedOperatingExpenses": 183195000, "calculatedNetInterest": 217748000, "calculatedOtherIncome": -260476000, "calculatedIncomeNonControlling": 0, "calculatedEbitda": 216026000}, {"date": "2017-12-31", "symbol": "BANF", "reportedCurrency": "USD", "cik": "0000760498", "fillingDate": "2018-03-01", "acceptedDate": "2018-03-01 12:27:58", "calendarYear": "2017", "period": "FY", "revenue": 345209000, "costOfRevenue": 0, "grossProfit": 345209000, "grossProfitRatio": 1, "researchAndDevelopmentExpenses": 0, "generalAndAdministrativeExpenses": 127410000, "sellingAndMarketingExpenses": 7389000, "sellingGeneralAndAdministrativeExpenses": 134799000, "otherExpenses": -52628000, "operatingExpenses": 7389000, "costAndExpenses": 7389000, "interestIncome": 227139000, "interestExpense": 20929000, "depreciationAndAmortization": 11791000, "ebitda": 169025000, "ebitdaratio": 0.4896309192, "operatingIncome": 157234000, "operatingIncomeRatio": 0.4554747993, "totalOtherIncomeExpensesNet": -20929000, "incomeBeforeTax": 136305000, "incomeBeforeTaxRatio": 0.3948477589, "incomeTaxExpense": 49866000, "netIncome": 86439000, "netIncomeRatio": 0.2503961368, "eps": 2.72, "epsdiluted": 2.65, "weightedAverageShsOut": 31813572, "weightedAverageShsOutDil": 32568105, "link": "https://www.sec.gov/Archives/edgar/data/760498/000156459018004014/0001564590-18-004014-index.htm", "finalLink": "https://www.sec.gov/Archives/edgar/data/760498/000156459018004014/banf-10k_20171231.htm", "calculatedOtherExpenses": 53176000, "calculatedOperatingExpenses": 187975000, "calculatedNetInterest": 206210000, "calculatedOtherIncome": -227139000, "calculatedIncomeNonControlling": 0, "calculatedEbitda": 169025000}, {"date": "2016-12-31", "symbol": "BANF", "reportedCurrency": "USD", "cik": "0000760498", "fillingDate": "2017-03-07", "acceptedDate": "2017-03-07 14:06:46", "calendarYear": "2016", "period": "FY", "revenue": 310860000, "costOfRevenue": 0, "grossProfit": 310860000, "grossProfitRatio": 1, "researchAndDevelopmentExpenses": 0, "generalAndAdministrativeExpenses": 122566000, "sellingAndMarketingExpenses": 7236000, "sellingGeneralAndAdministrativeExpenses": 129802000, "otherExpenses": -50062000, "operatingExpenses": 7236000, "costAndExpenses": 7236000, "interestIncome": 203828000, "interestExpense": 14741000, "depreciationAndAmortization": 12383000, "ebitda": 135061000, "ebitdaratio": 0.4344753265, "operatingIncome": 122678000, "operatingIncomeRatio": 0.3946406743, "totalOtherIncomeExpensesNet": -14741000, "incomeBeforeTax": 107937000, "incomeBeforeTaxRatio": 0.3472206138, "incomeTaxExpense": 37263000, "netIncome": 70674000, "netIncomeRatio": 0.2273499324, "eps": 2.26, "epsdiluted": 2.22, "weightedAverageShsOut": 31230340, "weightedAverageShsOutDil": 31822524, "link": "https://www.sec.gov/Archives/edgar/data/760498/000156459017003546/0001564590-17-003546-index.htm", "finalLink": "https://www.sec.gov/Archives/edgar/data/760498/000156459017003546/banf-10k_20161231.htm", "calculatedOtherExpenses": 58380000, "calculatedOperatingExpenses": 188182000, "calculatedNetInterest": 189087000, "calculatedOtherIncome": -203828000, "calculatedIncomeNonControlling": 0, "calculatedEbitda": 135061000}, {"date": "2015-12-31", "symbol": "BANF", "reportedCurrency": "USD", "cik": "0000760498", "fillingDate": "2016-03-11", "acceptedDate": "2016-03-11 15:42:15", "calendarYear": "2015", "period": "FY", "revenue": 294600000, "costOfRevenue": 0, "grossProfit": 294600000, "grossProfitRatio": 1, "researchAndDevelopmentExpenses": 0, "generalAndAdministrativeExpenses": 116441000, "sellingAndMarketingExpenses": 6986000, "sellingGeneralAndAdministrativeExpenses": 123427000, "otherExpenses": 0, "operatingExpenses": 6986000, "costAndExpenses": 6986000, "interestIncome": 188792000, "interestExpense": 12253000, "depreciationAndAmortization": 11901000, "ebitda": 125364000, "ebitdaratio": 0.4255397149, "operatingIncome": 113463000, "operatingIncomeRatio": 0.3851425662, "totalOtherIncomeExpensesNet": -12253000, "incomeBeforeTax": 101210000, "incomeBeforeTaxRatio": 0.3435505771, "incomeTaxExpense": 35040000, "netIncome": 66170000, "netIncomeRatio": 0.2246096402, "eps": 2.13, "epsdiluted": 2.08, "weightedAverageShsOut": 31118118, "weightedAverageShsOutDil": 31772490, "link": "https://www.sec.gov/Archives/edgar/data/760498/000156459016014556/0001564590-16-014556-index.htm", "finalLink": "https://www.sec.gov/Archives/edgar/data/760498/000156459016014556/banf-10k_20151231.htm", "calculatedOtherExpenses": 57710000, "calculatedOperatingExpenses": 181137000, "calculatedNetInterest": 176539000, "calculatedOtherIncome": -188792000, "calculatedIncomeNonControlling": 0, "calculatedEbitda": 125364000}, {"date": "2014-12-31", "symbol": "BANF", "reportedCurrency": "USD", "cik": "0000760498", "fillingDate": "2015-03-13", "acceptedDate": "2015-03-13 13:02:50", "calendarYear": "2014", "period": "FY", "revenue": 277764000, "costOfRevenue": 0, "grossProfit": 277764000, "grossProfitRatio": 1, "researchAndDevelopmentExpenses": 0, "generalAndAdministrativeExpenses": 111931000, "sellingAndMarketingExpenses": 7024000, "sellingGeneralAndAdministrativeExpenses": 118955000, "otherExpenses": 0, "operatingExpenses": 7024000, "costAndExpenses": 7024000, "interestIncome": 181351000, "interestExpense": 12802000, "depreciationAndAmortization": 11349000, "ebitda": 115322000, "ebitdaratio": 0.4151797929, "operatingIncome": 103973000, "operatingIncomeRatio": 0.3743213663, "totalOtherIncomeExpensesNet": -12802000, "incomeBeforeTax": 91171000, "incomeBeforeTaxRatio": 0.3282318803, "incomeTaxExpense": 27284000, "netIncome": 63887000, "netIncomeRatio": 0.2300046082, "eps": 2.07, "epsdiluted": 2.02, "weightedAverageShsOut": 30861546, "weightedAverageShsOutDil": 31588806, "link": "https://www.sec.gov/Archives/edgar/data/760498/000156459015001644/0001564590-15-001644-index.htm", "finalLink": "https://www.sec.gov/Archives/edgar/data/760498/000156459015001644/banf-10k_20141231.htm", "calculatedOtherExpenses": 54836000, "calculatedOperatingExpenses": 173791000, "calculatedNetInterest": 168549000, "calculatedOtherIncome": -181351000, "calculatedIncomeNonControlling": 0, "calculatedEbitda": 115322000}, {"date": "2013-12-31", "symbol": "BANF", "reportedCurrency": "USD", "cik": "0000760498", "fillingDate": "2014-03-14", "acceptedDate": "2014-03-14 12:36:40", "calendarYear": "2013", "period": "FY", "revenue": 253674000, "costOfRevenue": 0, "grossProfit": 253674000, "grossProfitRatio": 1, "researchAndDevelopmentExpenses": 0, "generalAndAdministrativeExpenses": 105168000, "sellingAndMarketingExpenses": 6652000, "sellingGeneralAndAdministrativeExpenses": 111820000, "otherExpenses": 0, "operatingExpenses": 6652000, "costAndExpenses": 6652000, "interestIncome": 163519000, "interestExpense": 13767000, "depreciationAndAmortization": 11077000, "ebitda": 105686000, "ebitdaratio": 0.4166213329, "operatingIncome": 94609000, "operatingIncomeRatio": 0.3729550525, "totalOtherIncomeExpensesNet": -13767000, "incomeBeforeTax": 80842000, "incomeBeforeTaxRatio": 0.318684611, "incomeTaxExpense": 26525000, "netIncome": 54317000, "netIncomeRatio": 0.2141212738, "eps": 1.78, "epsdiluted": 1.75, "weightedAverageShsOut": 30537686, "weightedAverageShsOutDil": 31097640, "link": "https://www.sec.gov/Archives/edgar/data/760498/000119312514099358/0001193125-14-099358-index.htm", "finalLink": "https://www.sec.gov/Archives/edgar/data/760498/000119312514099358/d639060d10k.htm", "calculatedOtherExpenses": 47245000, "calculatedOperatingExpenses": 159065000, "calculatedNetInterest": 149752000, "calculatedOtherIncome": -163519000, "calculatedIncomeNonControlling": 0, "calculatedEbitda": 105686000}, {"date": "2012-12-31", "symbol": "BANF", "reportedCurrency": "USD", "cik": "0000760498", "fillingDate": "2013-03-18", "acceptedDate": "2013-03-18 15:50:33", "calendarYear": "2012", "period": "FY", "revenue": 252532000, "costOfRevenue": 0, "grossProfit": 252532000, "grossProfitRatio": 1, "researchAndDevelopmentExpenses": 0, "generalAndAdministrativeExpenses": 102484000, "sellingAndMarketingExpenses": 7327000, "sellingGeneralAndAdministrativeExpenses": 109811000, "otherExpenses": 0, "operatingExpenses": 7327000, "costAndExpenses": 7327000, "interestIncome": 164815000, "interestExpense": 17772000, "depreciationAndAmortization": 10840000, "ebitda": 107616000, "ebitdaratio": 0.4261479733, "operatingIncome": 96776000, "operatingIncomeRatio": 0.3832227203, "totalOtherIncomeExpensesNet": -17772000, "incomeBeforeTax": 79004000, "incomeBeforeTaxRatio": 0.3128474807, "incomeTaxExpense": 27104000, "netIncome": 51900000, "netIncomeRatio": 0.2055185085, "eps": 1.71, "epsdiluted": 1.68, "weightedAverageShsOut": 30344914, "weightedAverageShsOutDil": 30887292, "link": "https://www.sec.gov/Archives/edgar/data/760498/000119312513112436/0001193125-13-112436-index.htm", "finalLink": "https://www.sec.gov/Archives/edgar/data/760498/000119312513112436/d450770d10k.htm", "calculatedOtherExpenses": 45945000, "calculatedOperatingExpenses": 155756000, "calculatedNetInterest": 147043000, "calculatedOtherIncome": -164815000, "calculatedIncomeNonControlling": 0, "calculatedEbitda": 107616000}, {"date": "2011-12-31", "symbol": "BANF", "reportedCurrency": "USD", "cik": "0000760498", "fillingDate": "2012-03-15", "acceptedDate": "2012-03-15 13:56:12", "calendarYear": "2011", "period": "FY", "revenue": 233858000, "costOfRevenue": 0, "grossProfit": 233858000, "grossProfitRatio": 1, "researchAndDevelopmentExpenses": 0, "generalAndAdministrativeExpenses": 100847000, "sellingAndMarketingExpenses": 6552000, "sellingGeneralAndAdministrativeExpenses": 107399000, "otherExpenses": 0, "operatingExpenses": 6552000, "costAndExpenses": 6552000, "interestIncome": 181892000, "interestExpense": 24995000, "depreciationAndAmortization": 9682000, "ebitda": 105374000, "ebitdaratio": 0.4505896741, "operatingIncome": 95692000, "operatingIncomeRatio": 0.4091884819, "totalOtherIncomeExpensesNet": -24995000, "incomeBeforeTax": 70697000, "incomeBeforeTaxRatio": 0.3023073831, "incomeTaxExpense": 25076000, "netIncome": 45621000, "netIncomeRatio": 0.1950799203, "eps": 1.5, "epsdiluted": 1.47, "weightedAverageShsOut": 30515719, "weightedAverageShsOutDil": 31140614, "link": "https://www.sec.gov/Archives/edgar/data/760498/000119312512116946/0001193125-12-116946-index.htm", "finalLink": "https://www.sec.gov/Archives/edgar/data/760498/000119312512116946/d281231d10k.htm", "calculatedOtherExpenses": 30767000, "calculatedOperatingExpenses": 138166000, "calculatedNetInterest": 156897000, "calculatedOtherIncome": -181892000, "calculatedIncomeNonControlling": 0, "calculatedEbitda": 105374000}, {"date": "2010-12-31", "symbol": "BANF", "reportedCurrency": "USD", "cik": "0000760498", "fillingDate": "2011-03-15", "acceptedDate": "2011-03-15 16:48:50", "calendarYear": "2010", "period": "FY", "revenue": 212695000, "costOfRevenue": 0, "grossProfit": 212695000, "grossProfitRatio": 1, "researchAndDevelopmentExpenses": 0, "generalAndAdministrativeExpenses": 86711000, "sellingAndMarketingExpenses": 5887000, "sellingGeneralAndAdministrativeExpenses": 92598000, "otherExpenses": 0, "operatingExpenses": 5887000, "costAndExpenses": 5887000, "interestIncome": 170917000, "interestExpense": 28141000, "depreciationAndAmortization": 8531000, "ebitda": 102318000, "ebitdaratio": 0.4810550319, "operatingIncome": 93787000, "operatingIncomeRatio": 0.4409459555, "totalOtherIncomeExpensesNet": -28141000, "incomeBeforeTax": 65646000, "incomeBeforeTaxRatio": 0.3086391312, "incomeTaxExpense": 23337000, "netIncome": 42309000, "netIncomeRatio": 0.1989186394, "eps": 1.38, "epsdiluted": 1.35, "weightedAverageShsOut": 30658696, "weightedAverageShsOutDil": 31340000, "link": "https://www.sec.gov/Archives/edgar/data/760498/000119312511067276/0001193125-11-067276-index.htm", "finalLink": "https://www.sec.gov/Archives/edgar/data/760498/000119312511067276/d10k.htm", "calculatedOtherExpenses": 26310000, "calculatedOperatingExpenses": 118908000, "calculatedNetInterest": 142776000, "calculatedOtherIncome": -170917000, "calculatedIncomeNonControlling": 0, "calculatedEbitda": 102318000}, {"date": "2009-12-31", "symbol": "BANF", "reportedCurrency": "USD", "cik": "0000760498", "fillingDate": "2010-03-16", "acceptedDate": "2010-03-16 17:23:46", "calendarYear": "2009", "period": "FY", "revenue": 198185000, "costOfRevenue": 0, "grossProfit": 198185000, "grossProfitRatio": 1, "researchAndDevelopmentExpenses": 0, "generalAndAdministrativeExpenses": 82655000, "sellingAndMarketingExpenses": 5529000, "sellingGeneralAndAdministrativeExpenses": 88184000, "otherExpenses": 0, "operatingExpenses": 5529000, "costAndExpenses": 5529000, "interestIncome": 169806000, "interestExpense": 38485000, "depreciationAndAmortization": 8440000, "ebitda": 95604000, "ebitdaratio": 0.4823977597, "operatingIncome": 87164000, "operatingIncomeRatio": 0.4398112874, "totalOtherIncomeExpensesNet": -38485000, "incomeBeforeTax": 48679000, "incomeBeforeTaxRatio": 0.2456240381, "incomeTaxExpense": 16070000, "netIncome": 32609000, "netIncomeRatio": 0.164538184, "eps": 1.07, "epsdiluted": 1.04, "weightedAverageShsOut": 30618779, "weightedAverageShsOutDil": 31204785, "link": "https://www.sec.gov/Archives/edgar/data/760498/000119312510058608/0001193125-10-058608-index.htm", "finalLink": "https://www.sec.gov/Archives/edgar/data/760498/000119312510058608/d10k.htm", "calculatedOtherExpenses": 22837000, "calculatedOperatingExpenses": 111021000, "calculatedNetInterest": 131321000, "calculatedOtherIncome": -169806000, "calculatedIncomeNonControlling": 0, "calculatedEbitda": 95604000}, {"date": "2008-12-31", "symbol": "BANF", "reportedCurrency": "USD", "cik": "0000760498", "fillingDate": "2009-03-16", "acceptedDate": "2009-03-16 14:41:49", "calendarYear": "2008", "period": "FY", "revenue": 213492000, "costOfRevenue": 0, "grossProfit": 213492000, "grossProfitRatio": 1, "researchAndDevelopmentExpenses": 0, "generalAndAdministrativeExpenses": 79886000, "sellingAndMarketingExpenses": 6271000, "sellingGeneralAndAdministrativeExpenses": 86157000, "otherExpenses": 0, "operatingExpenses": 6271000, "costAndExpenses": 6271000, "interestIncome": 197924000, "interestExpense": 58817000, "depreciationAndAmortization": 9245000, "ebitda": 135872000, "ebitdaratio": 0.6364266577, "operatingIncome": 126627000, "operatingIncomeRatio": 0.5931229273, "totalOtherIncomeExpensesNet": -58817000, "incomeBeforeTax": 67810000, "incomeBeforeTaxRatio": 0.3176231428, "incomeTaxExpense": 23452000, "netIncome": 44358000, "netIncomeRatio": 0.2077735934, "eps": 1.46, "epsdiluted": 1.42, "weightedAverageShsOut": 30437670, "weightedAverageShsOutDil": 31156926, "link": "https://www.sec.gov/Archives/edgar/data/760498/000119312509055226/0001193125-09-055226-index.htm", "finalLink": "https://www.sec.gov/Archives/edgar/data/760498/000119312509055226/d10k.htm", "calculatedOtherExpenses": 708000, "calculatedOperatingExpenses": 86865000, "calculatedNetInterest": 139107000, "calculatedOtherIncome": -197924000, "calculatedIncomeNonControlling": 0, "calculatedEbitda": 135872000}, {"date": "2007-12-31", "symbol": "BANF", "reportedCurrency": "USD", "cik": "0000760498", "fillingDate": "2008-03-14", "acceptedDate": "2008-03-14 13:50:25", "calendarYear": "2007", "period": "FY", "revenue": 219424000, "costOfRevenue": 0, "grossProfit": 219424000, "grossProfitRatio": 1, "researchAndDevelopmentExpenses": 0, "generalAndAdministrativeExpenses": 76814000, "sellingAndMarketingExpenses": 7606000, "sellingGeneralAndAdministrativeExpenses": 84420000, "otherExpenses": 0, "operatingExpenses": 7606000, "costAndExpenses": 7606000, "interestIncome": 230749000, "interestExpense": 82463000, "depreciationAndAmortization": 10388000, "ebitda": 174500000, "ebitdaratio": 0.7952639638, "operatingIncome": 164112000, "operatingIncomeRatio": 0.7479218317, "totalOtherIncomeExpensesNet": -82463000, "incomeBeforeTax": 81649000, "incomeBeforeTaxRatio": 0.3721060595, "incomeTaxExpense": 28556000, "netIncome": 53093000, "netIncomeRatio": 0.2419653274, "eps": 1.71, "epsdiluted": 1.66, "weightedAverageShsOut": 31139589, "weightedAverageShsOutDil": 31887688, "link": "https://www.sec.gov/Archives/edgar/data/760498/000119312508057057/0001193125-08-057057-index.htm", "finalLink": "https://www.sec.gov/Archives/edgar/data/760498/000119312508057057/d10k.htm", "calculatedOtherExpenses": -29108000, "calculatedOperatingExpenses": 55312000, "calculatedNetInterest": 148286000, "calculatedOtherIncome": -230749000, "calculatedIncomeNonControlling": 0, "calculatedEbitda": 174500000}, {"date": "2006-12-31", "symbol": "BANF", "reportedCurrency": "USD", "cik": "0000760498", "fillingDate": "2007-03-15", "acceptedDate": "2007-03-15 16:03:23", "calendarYear": "2006", "period": "FY", "revenue": 202112000, "costOfRevenue": 0, "grossProfit": 202112000, "grossProfitRatio": 1, "researchAndDevelopmentExpenses": 0, "generalAndAdministrativeExpenses": 70336000, "sellingAndMarketingExpenses": 6544000, "sellingGeneralAndAdministrativeExpenses": 76880000, "otherExpenses": 0, "operatingExpenses": 6544000, "costAndExpenses": 6544000, "interestIncome": 213225000, "interestExpense": 69537000, "depreciationAndAmortization": 10378000, "ebitda": 155680000, "ebitdaratio": 0.7702659911, "operatingIncome": 145302000, "operatingIncomeRatio": 0.7189182236, "totalOtherIncomeExpensesNet": -69537000, "incomeBeforeTax": 75765000, "incomeBeforeTaxRatio": 0.3748664107, "incomeTaxExpense": 26413000, "netIncome": 49352000, "netIncomeRatio": 0.244181444, "eps": 1.57, "epsdiluted": 1.54, "weightedAverageShsOut": 31434395, "weightedAverageShsOutDil": 32151140, "link": "https://www.sec.gov/Archives/edgar/data/760498/000119312507055631/0001193125-07-055631-index.htm", "finalLink": "https://www.sec.gov/Archives/edgar/data/760498/000119312507055631/d10k.htm", "calculatedOtherExpenses": -20070000, "calculatedOperatingExpenses": 56810000, "calculatedNetInterest": 143688000, "calculatedOtherIncome": -213225000, "calculatedIncomeNonControlling": 0, "calculatedEbitda": 155680000}, {"date": "2005-12-31", "symbol": "BANF", "reportedCurrency": "USD", "cik": "0000760498", "fillingDate": "2006-03-15", "acceptedDate": "2006-03-15 15:33:55", "calendarYear": "2005", "period": "FY", "revenue": 185735000, "costOfRevenue": 0, "grossProfit": 185735000, "grossProfitRatio": 1, "researchAndDevelopmentExpenses": 0, "generalAndAdministrativeExpenses": 64544000, "sellingAndMarketingExpenses": 4720000, "sellingGeneralAndAdministrativeExpenses": 69264000, "otherExpenses": 0, "operatingExpenses": 4720000, "costAndExpenses": 4720000, "interestIncome": 171706000, "interestExpense": 40255000, "depreciationAndAmortization": 7178000, "ebitda": 111396000, "ebitdaratio": 0.5997577193, "operatingIncome": 104218000, "operatingIncomeRatio": 0.5611112607, "totalOtherIncomeExpensesNet": -40255000, "incomeBeforeTax": 63963000, "incomeBeforeTaxRatio": 0.3443777425, "incomeTaxExpense": 21128000, "netIncome": 42835000, "netIncomeRatio": 0.2306242765, "eps": 1.37, "epsdiluted": 1.34, "weightedAverageShsOut": 31266423, "weightedAverageShsOutDil": 31966418, "link": "https://www.sec.gov/Archives/edgar/data/760498/000119312506054936/0001193125-06-054936-index.htm", "finalLink": "https://www.sec.gov/Archives/edgar/data/760498/000119312506054936/d10k.htm", "calculatedOtherExpenses": 12253000, "calculatedOperatingExpenses": 81517000, "calculatedNetInterest": 131451000, "calculatedOtherIncome": -171706000, "calculatedIncomeNonControlling": 0, "calculatedEbitda": 111396000}, {"date": "2004-12-31", "symbol": "BANF", "reportedCurrency": "USD", "cik": "0000760498", "fillingDate": "2005-03-16", "acceptedDate": "2005-03-16 10:26:17", "calendarYear": "2004", "period": "FY", "revenue": 169101000, "costOfRevenue": 0, "grossProfit": 169101000, "grossProfitRatio": 1, "researchAndDevelopmentExpenses": 0, "generalAndAdministrativeExpenses": 63216000, "sellingAndMarketingExpenses": 3382000, "sellingGeneralAndAdministrativeExpenses": 66598000, "otherExpenses": 0, "operatingExpenses": 3382000, "costAndExpenses": 3382000, "interestIncome": 144765000, "interestExpense": 27519000, "depreciationAndAmortization": 11000000, "ebitda": 96177000, "ebitdaratio": 0.5687547679, "operatingIncome": 85177000, "operatingIncomeRatio": 0.5037048864, "totalOtherIncomeExpensesNet": -27519000, "incomeBeforeTax": 57658000, "incomeBeforeTaxRatio": 0.340967824, "incomeTaxExpense": 20482000, "netIncome": 37176000, "netIncomeRatio": 0.2198449447, "eps": 1.19, "epsdiluted": 1.16, "weightedAverageShsOut": 31306105, "weightedAverageShsOutDil": 31979355, "link": "https://www.sec.gov/Archives/edgar/data/760498/000119312505052117/0001193125-05-052117-index.htm", "finalLink": "https://www.sec.gov/Archives/edgar/data/760498/000119312505052117/d10k.htm", "calculatedOtherExpenses": 17326000, "calculatedOperatingExpenses": 83924000, "calculatedNetInterest": 117246000, "calculatedOtherIncome": -144765000, "calculatedIncomeNonControlling": 0, "calculatedEbitda": 96177000}, {"date": "2003-12-31", "symbol": "BANF", "reportedCurrency": "USD", "cik": "0000760498", "fillingDate": "2004-03-15", "acceptedDate": "2004-03-15 13:26:58", "calendarYear": "2003", "period": "FY", "revenue": 157937000, "costOfRevenue": 0, "grossProfit": 157937000, "grossProfitRatio": 1, "researchAndDevelopmentExpenses": 0, "generalAndAdministrativeExpenses": 57326000, "sellingAndMarketingExpenses": 2906000, "sellingGeneralAndAdministrativeExpenses": 60232000, "otherExpenses": 0, "operatingExpenses": 2906000, "costAndExpenses": 2906000, "interestIncome": 141032000, "interestExpense": 31915000, "depreciationAndAmortization": 8220000, "ebitda": 88968000, "ebitdaratio": 0.5633132198, "operatingIncome": 80748000, "operatingIncomeRatio": 0.5112671508, "totalOtherIncomeExpensesNet": -31915000, "incomeBeforeTax": 48833000, "incomeBeforeTaxRatio": 0.309192906, "incomeTaxExpense": 16951000, "netIncome": 31882000, "netIncomeRatio": 0.2018653007, "eps": 1.02, "epsdiluted": 1, "weightedAverageShsOut": 31333661, "weightedAverageShsOutDil": 31882000, "link": "https://www.sec.gov/Archives/edgar/data/760498/000119312504041923/0001193125-04-041923-index.htm", "finalLink": "https://www.sec.gov/Archives/edgar/data/760498/000119312504041923/d10k.htm", "calculatedOtherExpenses": 16957000, "calculatedOperatingExpenses": 77189000, "calculatedNetInterest": 109117000, "calculatedOtherIncome": -141032000, "calculatedIncomeNonControlling": 0, "calculatedEbitda": 88968000}, {"date": "2002-12-31", "symbol": "BANF", "reportedCurrency": "USD", "cik": "0000760498", "fillingDate": "2003-03-31", "acceptedDate": "2003-03-31 12:54:27", "calendarYear": "2002", "period": "FY", "revenue": 154542000, "costOfRevenue": 0, "grossProfit": 154542000, "grossProfitRatio": 1, "researchAndDevelopmentExpenses": 0, "generalAndAdministrativeExpenses": 56119000, "sellingAndMarketingExpenses": 0, "sellingGeneralAndAdministrativeExpenses": 56119000, "otherExpenses": -111966000, "operatingExpenses": -55847000, "costAndExpenses": -55847000, "interestIncome": 157139000, "interestExpense": 47809000, "depreciationAndAmortization": 6509000, "ebitda": 105204000, "ebitdaratio": 0.6807469814, "operatingIncome": 98695000, "operatingIncomeRatio": 0.6386289811, "totalOtherIncomeExpensesNet": -47809000, "incomeBeforeTax": 50886000, "incomeBeforeTaxRatio": 0.3292697131, "incomeTaxExpense": 17324000, "netIncome": 33562000, "netIncomeRatio": 0.2171707368, "eps": 1.03, "epsdiluted": 1.01, "weightedAverageShsOut": 32584466, "weightedAverageShsOutDil": 33066010, "link": "https://www.sec.gov/Archives/edgar/data/760498/000093066103001373/0000930661-03-001373-index.htm", "finalLink": "https://www.sec.gov/Archives/edgar/data/760498/000093066103001373/d10k.htm", "calculatedOtherExpenses": -272000, "calculatedOperatingExpenses": 55847000, "calculatedNetInterest": 109330000, "calculatedOtherIncome": -157139000, "calculatedIncomeNonControlling": 0, "calculatedEbitda": 105204000}, {"date": "2001-12-31", "symbol": "BANF", "reportedCurrency": "USD", "cik": "0000760498", "fillingDate": "2002-04-01", "acceptedDate": "2002-04-01 00:00:00", "calendarYear": "2001", "period": "FY", "revenue": 141840000, "costOfRevenue": 0, "grossProfit": 141840000, "grossProfitRatio": 1, "researchAndDevelopmentExpenses": 0, "generalAndAdministrativeExpenses": 54513000, "sellingAndMarketingExpenses": 0, "sellingGeneralAndAdministrativeExpenses": 54513000, "otherExpenses": -75202000, "operatingExpenses": -20689000, "costAndExpenses": -20689000, "interestIncome": 182643000, "interestExpense": 77711000, "depreciationAndAmortization": 7888000, "ebitda": 129039000, "ebitdaratio": 0.909750423, "operatingIncome": 121151000, "operatingIncomeRatio": 0.8541384659, "totalOtherIncomeExpensesNet": -77711000, "incomeBeforeTax": 43440000, "incomeBeforeTaxRatio": 0.3062605753, "incomeTaxExpense": 15479000, "netIncome": 27961000, "netIncomeRatio": 0.1971305697, "eps": 0.84, "epsdiluted": 0.83, "weightedAverageShsOut": 33089941, "weightedAverageShsOutDil": 33486228, "link": "https://www.sec.gov/Archives/edgar/data/760498/000093066102001006/0000930661-02-001006-index.htm", "finalLink": "https://www.sec.gov/Archives/edgar/data/760498/000093066102001006/d10k.txt", "calculatedOtherExpenses": -33824000, "calculatedOperatingExpenses": 20689000, "calculatedNetInterest": 104932000, "calculatedOtherIncome": -182643000, "calculatedIncomeNonControlling": 0, "calculatedEbitda": 129039000}, {"date": "2000-12-31", "symbol": "BANF", "reportedCurrency": "USD", "cik": "0000760498", "fillingDate": "2001-03-30", "acceptedDate": "2001-03-30 00:00:00", "calendarYear": "2000", "period": "FY", "revenue": 132237000, "costOfRevenue": 0, "grossProfit": 132237000, "grossProfitRatio": 1, "researchAndDevelopmentExpenses": 0, "generalAndAdministrativeExpenses": 49208000, "sellingAndMarketingExpenses": 0, "sellingGeneralAndAdministrativeExpenses": 49208000, "otherExpenses": -60923000, "operatingExpenses": -11715000, "costAndExpenses": -11715000, "interestIncome": 182389000, "interestExpense": 80054000, "depreciationAndAmortization": 8524000, "ebitda": 129046000, "ebitdaratio": 0.9758690835, "operatingIncome": 120522000, "operatingIncomeRatio": 0.911409061, "totalOtherIncomeExpensesNet": -80054000, "incomeBeforeTax": 40468000, "incomeBeforeTaxRatio": 0.3060263013, "incomeTaxExpense": 14251000, "netIncome": 26217000, "netIncomeRatio": 0.1982576737, "eps": 0.8, "epsdiluted": 0.8, "weightedAverageShsOut": 32567702, "weightedAverageShsOutDil": 32873981, "link": "https://www.sec.gov/Archives/edgar/data/760498/000093066101000850/0000930661-01-000850-index.htm", "finalLink": "https://www.sec.gov/Archives/edgar/data/760498/000093066101000850/0000930661-01-000850-0001.txt", "calculatedOtherExpenses": -37493000, "calculatedOperatingExpenses": 11715000, "calculatedNetInterest": 102335000, "calculatedOtherIncome": -182389000, "calculatedIncomeNonControlling": 0, "calculatedEbitda": 129046000}, {"date": "1999-12-31", "symbol": "BANF", "reportedCurrency": "USD", "cik": "0000760498", "fillingDate": "2000-03-30", "acceptedDate": "2000-03-30 00:00:00", "calendarYear": "1999", "period": "FY", "revenue": 121942000, "costOfRevenue": 0, "grossProfit": 121942000, "grossProfitRatio": 1, "researchAndDevelopmentExpenses": 0, "generalAndAdministrativeExpenses": 45764000, "sellingAndMarketingExpenses": 0, "sellingGeneralAndAdministrativeExpenses": 45764000, "otherExpenses": -72528000, "operatingExpenses": -26764000, "costAndExpenses": -26764000, "interestIncome": 159384000, "interestExpense": 66149000, "depreciationAndAmortization": 8934000, "ebitda": 104112000, "ebitdaratio": 0.853782946, "operatingIncome": 95178000, "operatingIncomeRatio": 0.7805186072, "totalOtherIncomeExpensesNet": -57210000, "incomeBeforeTax": 37968000, "incomeBeforeTaxRatio": 0.3113611389, "incomeTaxExpense": 14019000, "netIncome": 15010000, "netIncomeRatio": 0.1230913057, "eps": 0.44, "epsdiluted": 0.43, "weightedAverageShsOut": 34335484, "weightedAverageShsOutDil": 34834909, "link": "https://www.sec.gov/Archives/edgar/data/760498/000093066100000822/0000930661-00-000822-index.html", "finalLink": "https://www.sec.gov/Archives/edgar/data/760498/000093066100000822/", "calculatedOtherExpenses": -19000000, "calculatedOperatingExpenses": 26764000, "calculatedNetInterest": 93235000, "calculatedOtherIncome": -150445000, "calculatedIncomeNonControlling": 8939000, "calculatedEbitda": 104112000}, {"date": "1998-12-31", "symbol": "BANF", "reportedCurrency": "USD", "cik": "0000760498", "fillingDate": "1999-04-15", "acceptedDate": "1999-04-15 00:00:00", "calendarYear": "1998", "period": "FY", "revenue": 116800000, "costOfRevenue": 0, "grossProfit": 116800000, "grossProfitRatio": 1, "researchAndDevelopmentExpenses": 0, "generalAndAdministrativeExpenses": 44400000, "sellingAndMarketingExpenses": 0, "sellingGeneralAndAdministrativeExpenses": 44400000, "otherExpenses": -58800000, "operatingExpenses": -14400000, "costAndExpenses": -14400000, "interestIncome": 161100000, "interestExpense": 68300000, "depreciationAndAmortization": 7400000, "ebitda": 109800000, "ebitdaratio": 0.9400684932, "operatingIncome": 102400000, "operatingIncomeRatio": 0.8767123288, "totalOtherIncomeExpensesNet": -68300000, "incomeBeforeTax": 34100000, "incomeBeforeTaxRatio": 0.2919520548, "incomeTaxExpense": 12500000, "netIncome": 21600000, "netIncomeRatio": 0.1849315068, "eps": 0.58, "epsdiluted": 0.57, "weightedAverageShsOut": 37241379, "weightedAverageShsOutDil": 38061674, "link": "https://www.sec.gov/Archives/edgar/data/760498/000093066199000845/0000930661-99-000845-index.html", "finalLink": "https://www.sec.gov/Archives/edgar/data/760498/", "calculatedOtherExpenses": -30000000, "calculatedOperatingExpenses": 14400000, "calculatedNetInterest": 92800000, "calculatedOtherIncome": -161100000, "calculatedIncomeNonControlling": 0, "calculatedEbitda": 109800000}, {"date": "1997-12-31", "symbol": "BANF", "reportedCurrency": "USD", "cik": "0000760498", "fillingDate": "1998-03-30", "acceptedDate": "1998-03-30 00:00:00", "calendarYear": "1997", "period": "FY", "revenue": 73500000, "costOfRevenue": 0, "grossProfit": 73500000, "grossProfitRatio": 1, "researchAndDevelopmentExpenses": 0, "generalAndAdministrativeExpenses": 27700000, "sellingAndMarketingExpenses": 0, "sellingGeneralAndAdministrativeExpenses": 27700000, "otherExpenses": -36900000, "operatingExpenses": -9200000, "costAndExpenses": -9200000, "interestIncome": 98000000, "interestExpense": 40300000, "depreciationAndAmortization": 4400000, "ebitda": 68700000, "ebitdaratio": 0.9346938776, "operatingIncome": 64300000, "operatingIncomeRatio": 0.874829932, "totalOtherIncomeExpensesNet": -40300000, "incomeBeforeTax": 24000000, "incomeBeforeTaxRatio": 0.3265306122, "incomeTaxExpense": 8300000, "netIncome": 15700000, "netIncomeRatio": 0.2136054422, "eps": 0.62, "epsdiluted": 0.59, "weightedAverageShsOut": 25274725, "weightedAverageShsOutDil": 26436782, "link": "https://www.sec.gov/Archives/edgar/data/760498/000093066198000677/0000930661-98-000677-index.html", "finalLink": "https://www.sec.gov/Archives/edgar/data/760498/", "calculatedOtherExpenses": -18500000, "calculatedOperatingExpenses": 9200000, "calculatedNetInterest": 57700000, "calculatedOtherIncome": -98000000, "calculatedIncomeNonControlling": 0, "calculatedEbitda": 68700000}, {"date": "1996-12-31", "symbol": "BANF", "reportedCurrency": "USD", "cik": "0000760498", "fillingDate": "1997-03-31", "acceptedDate": "1997-03-31 00:00:00", "calendarYear": "1996", "period": "FY", "revenue": 68800000, "costOfRevenue": 0, "grossProfit": 68800000, "grossProfitRatio": 1, "researchAndDevelopmentExpenses": 0, "generalAndAdministrativeExpenses": 24900000, "sellingAndMarketingExpenses": 0, "sellingGeneralAndAdministrativeExpenses": 24900000, "otherExpenses": -35100000, "operatingExpenses": -10200000, "costAndExpenses": -10200000, "interestIncome": 87900000, "interestExpense": 34100000, "depreciationAndAmortization": 4200000, "ebitda": 62800000, "ebitdaratio": 0.9127906977, "operatingIncome": 58600000, "operatingIncomeRatio": 0.851744186, "totalOtherIncomeExpensesNet": -34100000, "incomeBeforeTax": 24500000, "incomeBeforeTaxRatio": 0.3561046512, "incomeTaxExpense": 9400000, "netIncome": 15100000, "netIncomeRatio": 0.2194767442, "eps": 0.61, "epsdiluted": 0.59, "weightedAverageShsOut": 24888889, "weightedAverageShsOutDil": 25747126, "link": "https://www.sec.gov/Archives/edgar/data/760498/000089924397000544/0000899243-97-000544-index.html", "finalLink": "https://www.sec.gov/Archives/edgar/data/760498/", "calculatedOtherExpenses": -14700000, "calculatedOperatingExpenses": 10200000, "calculatedNetInterest": 53800000, "calculatedOtherIncome": -87900000, "calculatedIncomeNonControlling": 0, "calculatedEbitda": 62800000}, {"date": "1995-12-31", "symbol": "BANF", "reportedCurrency": "USD", "cik": "0000760498", "fillingDate": "1996-03-28", "acceptedDate": "1996-03-28 00:00:00", "calendarYear": "1995", "period": "FY", "revenue": 56200000, "costOfRevenue": 0, "grossProfit": 56200000, "grossProfitRatio": 1, "researchAndDevelopmentExpenses": 0, "generalAndAdministrativeExpenses": 19900000, "sellingAndMarketingExpenses": 0, "sellingGeneralAndAdministrativeExpenses": 19900000, "otherExpenses": -25200000, "operatingExpenses": -5300000, "costAndExpenses": -5300000, "interestIncome": 74200000, "interestExpense": 30500000, "depreciationAndAmortization": 3300000, "ebitda": 54200000, "ebitdaratio": 0.9644128114, "operatingIncome": 50900000, "operatingIncomeRatio": 0.9056939502, "totalOtherIncomeExpensesNet": -30500000, "incomeBeforeTax": 20400000, "incomeBeforeTaxRatio": 0.3629893238, "incomeTaxExpense": 7600000, "netIncome": 12800000, "netIncomeRatio": 0.2277580071, "eps": 0.5, "epsdiluted": 0.5, "weightedAverageShsOut": 25565696, "weightedAverageShsOutDil": 25578231, "link": "https://www.sec.gov/Archives/edgar/data/760498/000091205796005443/0000912057-96-005443-index.html", "finalLink": "https://www.sec.gov/Archives/edgar/data/760498/", "calculatedOtherExpenses": -14600000, "calculatedOperatingExpenses": 5300000, "calculatedNetInterest": 43700000, "calculatedOtherIncome": -74200000, "calculatedIncomeNonControlling": 0, "calculatedEbitda": 54200000}, {"date": "1994-12-31", "symbol": "BANF", "reportedCurrency": "USD", "cik": "0000760498", "fillingDate": "1995-05-05", "acceptedDate": "1995-05-05 00:00:00", "calendarYear": "1994", "period": "FY", "revenue": 50100000, "costOfRevenue": 0, "grossProfit": 50100000, "grossProfitRatio": 1, "researchAndDevelopmentExpenses": 0, "generalAndAdministrativeExpenses": 17200000, "sellingAndMarketingExpenses": 0, "sellingGeneralAndAdministrativeExpenses": 17200000, "otherExpenses": -28300000, "operatingExpenses": -11100000, "costAndExpenses": -11100000, "interestIncome": 59800000, "interestExpense": 20900000, "depreciationAndAmortization": 4800000, "ebitda": 43800000, "ebitdaratio": 0.874251497, "operatingIncome": 39000000, "operatingIncomeRatio": 0.7784431138, "totalOtherIncomeExpensesNet": -20900000, "incomeBeforeTax": 18100000, "incomeBeforeTaxRatio": 0.3612774451, "incomeTaxExpense": 6500000, "netIncome": 11600000, "netIncomeRatio": 0.2315369261, "eps": 0.46, "epsdiluted": 0.45, "weightedAverageShsOut": 24946237, "weightedAverageShsOutDil": 25777778, "link": "https://www.sec.gov/Archives/edgar/data/760498/000091205795003226/0000912057-95-003226-index.html", "finalLink": "https://www.sec.gov/Archives/edgar/data/760498/", "calculatedOtherExpenses": -6100000, "calculatedOperatingExpenses": 11100000, "calculatedNetInterest": 38900000, "calculatedOtherIncome": -59800000, "calculatedIncomeNonControlling": 0, "calculatedEbitda": 43800000}, {"date": "1993-12-31", "symbol": "BANF", "reportedCurrency": "USD", "cik": "0000760498", "fillingDate": "1993-12-31", "acceptedDate": "1993-12-30 19:00:00", "calendarYear": "1993", "period": "FY", "revenue": 43500000, "costOfRevenue": 0, "grossProfit": 43500000, "grossProfitRatio": 1, "researchAndDevelopmentExpenses": 0, "generalAndAdministrativeExpenses": 15100000, "sellingAndMarketingExpenses": 0, "sellingGeneralAndAdministrativeExpenses": 15100000, "otherExpenses": -25500000, "operatingExpenses": -10400000, "costAndExpenses": -10400000, "interestIncome": 50600000, "interestExpense": 17600000, "depreciationAndAmortization": 2600000, "ebitda": 35700000, "ebitdaratio": 0.8206896552, "operatingIncome": 33100000, "operatingIncomeRatio": 0.7609195402, "totalOtherIncomeExpensesNet": -18900000, "incomeBeforeTax": 14200000, "incomeBeforeTaxRatio": 0.3264367816, "incomeTaxExpense": 4000000, "netIncome": 11500000, "netIncomeRatio": 0.2643678161, "eps": 0.57, "epsdiluted": 0.55, "weightedAverageShsOut": 20298507, "weightedAverageShsOutDil": 21030928, "link": "", "finalLink": "", "calculatedOtherExpenses": -4700000, "calculatedOperatingExpenses": 10400000, "calculatedNetInterest": 33000000, "calculatedOtherIncome": -51900000, "calculatedIncomeNonControlling": -1300000, "calculatedEbitda": 35700000}, {"date": "1992-12-31", "symbol": "BANF", "reportedCurrency": "USD", "cik": "0000760498", "fillingDate": "1992-12-31", "acceptedDate": "1992-12-30 19:00:00", "calendarYear": "1992", "period": "FY", "revenue": 38600000, "costOfRevenue": 0, "grossProfit": 38600000, "grossProfitRatio": 1, "researchAndDevelopmentExpenses": 0, "generalAndAdministrativeExpenses": 13400000, "sellingAndMarketingExpenses": 0, "sellingGeneralAndAdministrativeExpenses": 13400000, "otherExpenses": -18100000, "operatingExpenses": -4700000, "costAndExpenses": -4700000, "interestIncome": 50500000, "interestExpense": 20500000, "depreciationAndAmortization": 2100000, "ebitda": 36000000, "ebitdaratio": 0.932642487, "operatingIncome": 33900000, "operatingIncomeRatio": 0.878238342, "totalOtherIncomeExpensesNet": -22700000, "incomeBeforeTax": 11200000, "incomeBeforeTaxRatio": 0.2901554404, "incomeTaxExpense": 2200000, "netIncome": 11200000, "netIncomeRatio": 0.2901554404, "eps": 0.61, "epsdiluted": 0.61, "weightedAverageShsOut": 18248848, "weightedAverageShsOutDil": 18248848, "link": "", "finalLink": "", "calculatedOtherExpenses": -8700000, "calculatedOperatingExpenses": 4700000, "calculatedNetInterest": 30000000, "calculatedOtherIncome": -52700000, "calculatedIncomeNonControlling": -2200000, "calculatedEbitda": 36000000}]}