{"originalCurrency": "USD", "convertedCurrency": "USD", "report": [{"date": "2023-12-31", "symbol": "BATRK", "reportedCurrency": "USD", "cik": "0001560385", "fillingDate": "2024-02-28", "acceptedDate": "2024-02-28 16:25:20", "calendarYear": "2023", "period": "FY", "revenue": 640667000, "costOfRevenue": 562205000, "grossProfit": 78462000, "grossProfitRatio": 0.1224692391, "researchAndDevelopmentExpenses": 0, "generalAndAdministrativeExpenses": 0, "sellingAndMarketingExpenses": 0, "sellingGeneralAndAdministrativeExpenses": 124338000, "otherExpenses": 6496000, "operatingExpenses": 124338000, "costAndExpenses": 686543000, "interestIncome": 0, "interestExpense": 37673000, "depreciationAndAmortization": 70980000, "ebitda": 25104000, "ebitdaratio": 0.0391841628, "operatingIncome": -45876000, "operatingIncomeRatio": -0.0716066225, "totalOtherIncomeExpensesNet": -83281999, "incomeBeforeTax": -129157999, "incomeBeforeTaxRatio": -0.2015992692, "incomeTaxExpense": -3864000, "netIncome": -125294000, "netIncomeRatio": -0.1955680564, "eps": -2.02, "epsdiluted": -2.02, "weightedAverageShsOut": 61873749, "weightedAverageShsOutDil": 61873749, "link": "https://www.sec.gov/Archives/edgar/data/1560385/000155837024002013/0001558370-24-002013-index.htm", "finalLink": "https://www.sec.gov/Archives/edgar/data/1560385/000155837024002013/lmca-20231231x10k.htm", "calculatedOtherExpenses": 0, "calculatedOperatingExpenses": 124338000, "calculatedNetInterest": -37673000, "calculatedOtherIncome": -45608999, "calculatedIncomeNonControlling": 1, "calculatedEbitda": 25104000}, {"date": "2022-12-31", "symbol": "BATRK", "reportedCurrency": "USD", "cik": "0001560385", "fillingDate": "2023-03-01", "acceptedDate": "2023-03-01 12:00:48", "calendarYear": "2022", "period": "FY", "revenue": 588000000, "costOfRevenue": 206000000, "grossProfit": 382000000, "grossProfitRatio": 0.6496598639, "researchAndDevelopmentExpenses": 0, "generalAndAdministrativeExpenses": 0, "sellingAndMarketingExpenses": 0, "sellingGeneralAndAdministrativeExpenses": 105000000, "otherExpenses": 505000000, "operatingExpenses": 610000000, "costAndExpenses": 610000000, "interestIncome": 29582000, "interestExpense": 29000000, "depreciationAndAmortization": 71000000, "ebitda": 66000000, "ebitdaratio": 0.112244898, "operatingIncome": -5000000, "operatingIncomeRatio": -0.0085034014, "totalOtherIncomeExpensesNet": -22000000, "incomeBeforeTax": -27000000, "incomeBeforeTaxRatio": -0.0459183673, "incomeTaxExpense": 8000000, "netIncome": -35000000, "netIncomeRatio": -0.0595238095, "eps": -0.57, "epsdiluted": -0.57, "weightedAverageShsOut": 61719290, "weightedAverageShsOutDil": 61719290, "link": "https://www.sec.gov/Archives/edgar/data/1560385/000155837023002514/0001558370-23-002514-index.htm", "finalLink": "https://www.sec.gov/Archives/edgar/data/1560385/000155837023002514/lmca-20221231x10k.htm", "calculatedOtherExpenses": 282000000, "calculatedOperatingExpenses": 387000000, "calculatedNetInterest": 582000, "calculatedOtherIncome": -22582000, "calculatedIncomeNonControlling": 0, "calculatedEbitda": 66000000}, {"date": "2021-12-31", "symbol": "BATRK", "reportedCurrency": "USD", "cik": "0001560385", "fillingDate": "2022-02-25", "acceptedDate": "2022-02-25 17:25:28", "calendarYear": "2021", "period": "FY", "revenue": 568000000, "costOfRevenue": 159000000, "grossProfit": 409000000, "grossProfitRatio": 0.7200704225, "researchAndDevelopmentExpenses": 0, "generalAndAdministrativeExpenses": 0, "sellingAndMarketingExpenses": 0, "sellingGeneralAndAdministrativeExpenses": 99000000, "otherExpenses": 449000000, "operatingExpenses": 548000000, "costAndExpenses": 548000000, "interestIncome": 24471000, "interestExpense": 24000000, "depreciationAndAmortization": 70000000, "ebitda": 90000000, "ebitdaratio": 0.1584507042, "operatingIncome": 20000000, "operatingIncomeRatio": 0.0352112676, "totalOtherIncomeExpensesNet": -23000000, "incomeBeforeTax": -3000000, "incomeBeforeTaxRatio": -0.0052816901, "incomeTaxExpense": 8000000, "netIncome": -11000000, "netIncomeRatio": -0.0193661972, "eps": -0.18, "epsdiluted": -0.18, "weightedAverageShsOut": 61719290, "weightedAverageShsOutDil": 61719290, "link": "https://www.sec.gov/Archives/edgar/data/1560385/000155837022002199/0001558370-22-002199-index.htm", "finalLink": "https://www.sec.gov/Archives/edgar/data/1560385/000155837022002199/lmca-20211231x10k.htm", "calculatedOtherExpenses": 290000000, "calculatedOperatingExpenses": 389000000, "calculatedNetInterest": 471000, "calculatedOtherIncome": -23471000, "calculatedIncomeNonControlling": 0, "calculatedEbitda": 90000000}, {"date": "2020-12-31", "symbol": "BATRK", "reportedCurrency": "USD", "cik": "0001560385", "fillingDate": "2021-02-26", "acceptedDate": "2021-02-26 13:31:12", "calendarYear": "2020", "period": "FY", "revenue": 178000000, "costOfRevenue": 170000000, "grossProfit": 8000000, "grossProfitRatio": 0.0449438202, "researchAndDevelopmentExpenses": 0, "generalAndAdministrativeExpenses": 0, "sellingAndMarketingExpenses": 0, "sellingGeneralAndAdministrativeExpenses": 67000000, "otherExpenses": 239000000, "operatingExpenses": 306000000, "costAndExpenses": 306000000, "interestIncome": 26000000, "interestExpense": 26000000, "depreciationAndAmortization": 117000000, "ebitda": -11000000, "ebitdaratio": -0.0617977528, "operatingIncome": -128000000, "operatingIncomeRatio": -0.7191011236, "totalOtherIncomeExpensesNet": 12000000, "incomeBeforeTax": -116000000, "incomeBeforeTaxRatio": -0.6516853933, "incomeTaxExpense": -38000000, "netIncome": -78000000, "netIncomeRatio": -0.4382022472, "eps": -1.3, "epsdiluted": -1.3, "weightedAverageShsOut": 60000000, "weightedAverageShsOutDil": 60000000, "link": "https://www.sec.gov/Archives/edgar/data/1560385/000155837021001967/0001558370-21-001967-index.htm", "finalLink": "https://www.sec.gov/Archives/edgar/data/1560385/000155837021001967/lmca-20201231x10k.htm", "calculatedOtherExpenses": 69000000, "calculatedOperatingExpenses": 136000000, "calculatedNetInterest": 0, "calculatedOtherIncome": 12000000, "calculatedIncomeNonControlling": 0, "calculatedEbitda": -11000000}, {"date": "2019-12-31", "symbol": "BATRK", "reportedCurrency": "USD", "cik": "0001560385", "fillingDate": "2020-02-26", "acceptedDate": "2020-02-26 17:18:11", "calendarYear": "2019", "period": "FY", "revenue": 476000000, "costOfRevenue": 0, "grossProfit": 476000000, "grossProfitRatio": 1, "researchAndDevelopmentExpenses": 0, "generalAndAdministrativeExpenses": 0, "sellingAndMarketingExpenses": 0, "sellingGeneralAndAdministrativeExpenses": 104000000, "otherExpenses": 411000000, "operatingExpenses": 515000000, "costAndExpenses": 515000000, "interestIncome": 27000000, "interestExpense": 27000000, "depreciationAndAmortization": 71000000, "ebitda": 10000000, "ebitdaratio": 0.0210084034, "operatingIncome": -61000000, "operatingIncomeRatio": -0.1281512605, "totalOtherIncomeExpensesNet": -31000000, "incomeBeforeTax": -92000000, "incomeBeforeTaxRatio": -0.1932773109, "incomeTaxExpense": -15000000, "netIncome": -77000000, "netIncomeRatio": -0.1617647059, "eps": -1.26, "epsdiluted": -1.26, "weightedAverageShsOut": 61000000, "weightedAverageShsOutDil": 61000000, "link": "https://www.sec.gov/Archives/edgar/data/1560385/000155837020001494/0001558370-20-001494-index.htm", "finalLink": "https://www.sec.gov/Archives/edgar/data/1560385/000155837020001494/lmca-20191231x10ked33ee.htm", "calculatedOtherExpenses": 433000000, "calculatedOperatingExpenses": 537000000, "calculatedNetInterest": 0, "calculatedOtherIncome": -31000000, "calculatedIncomeNonControlling": 0, "calculatedEbitda": 10000000}, {"date": "2018-12-31", "symbol": "BATRK", "reportedCurrency": "USD", "cik": "0001560385", "fillingDate": "2019-02-28", "acceptedDate": "2019-02-28 16:45:09", "calendarYear": "2018", "period": "FY", "revenue": 442000000, "costOfRevenue": 0, "grossProfit": 442000000, "grossProfitRatio": 1, "researchAndDevelopmentExpenses": 0, "generalAndAdministrativeExpenses": 0, "sellingAndMarketingExpenses": 0, "sellingGeneralAndAdministrativeExpenses": 118000000, "otherExpenses": 11000000, "operatingExpenses": 441000000, "costAndExpenses": 441000000, "interestIncome": 0, "interestExpense": 26000000, "depreciationAndAmortization": 76000000, "ebitda": 100000000, "ebitdaratio": 0.2262443439, "operatingIncome": 1000000, "operatingIncomeRatio": 0.0022624434, "totalOtherIncomeExpensesNet": 21000000, "incomeBeforeTax": -4000000, "incomeBeforeTaxRatio": -0.0090497738, "incomeTaxExpense": -15000000, "netIncome": 5000000, "netIncomeRatio": 0.0113122172, "eps": 0.082, "epsdiluted": 0.082, "weightedAverageShsOut": 61000000, "weightedAverageShsOutDil": 61000000, "link": "https://www.sec.gov/Archives/edgar/data/1560385/000155837019001329/0001558370-19-001329-index.htm", "finalLink": "https://www.sec.gov/Archives/edgar/data/1560385/000155837019001329/lmca-20181231x10k.htm", "calculatedOtherExpenses": 323000000, "calculatedOperatingExpenses": 441000000, "calculatedNetInterest": -26000000, "calculatedOtherIncome": 21000000, "calculatedIncomeNonControlling": 6000000, "calculatedEbitda": 77000000}, {"date": "2017-12-31", "symbol": "BATRK", "reportedCurrency": "USD", "cik": "0001560385", "fillingDate": "2018-03-01", "acceptedDate": "2018-02-28 21:43:46", "calendarYear": "2017", "period": "FY", "revenue": 386000000, "costOfRevenue": 0, "grossProfit": 386000000, "grossProfitRatio": 1, "researchAndDevelopmentExpenses": 0, "generalAndAdministrativeExpenses": 0, "sellingAndMarketingExpenses": 0, "sellingGeneralAndAdministrativeExpenses": 151000000, "otherExpenses": -12000000, "operatingExpenses": 499000000, "costAndExpenses": 499000000, "interestIncome": 0, "interestExpense": 15000000, "depreciationAndAmortization": 67000000, "ebitda": 20000000, "ebitdaratio": 0.0518134715, "operatingIncome": -113000000, "operatingIncomeRatio": -0.292746114, "totalOtherIncomeExpensesNet": 66000000, "incomeBeforeTax": -62000000, "incomeBeforeTaxRatio": -0.1606217617, "incomeTaxExpense": -36000000, "netIncome": -25000000, "netIncomeRatio": -0.0647668394, "eps": -0.51, "epsdiluted": -0.42, "weightedAverageShsOut": 49000000, "weightedAverageShsOutDil": 59000000, "link": "https://www.sec.gov/Archives/edgar/data/1560385/000155837018001342/0001558370-18-001342-index.htm", "finalLink": "https://www.sec.gov/Archives/edgar/data/1560385/000155837018001342/lmc-20171231x10k.htm", "calculatedOtherExpenses": 348000000, "calculatedOperatingExpenses": 499000000, "calculatedNetInterest": -15000000, "calculatedOtherIncome": 66000000, "calculatedIncomeNonControlling": -1000000, "calculatedEbitda": -46000000}, {"date": "2016-12-31", "symbol": "BATRK", "reportedCurrency": "USD", "cik": "0001560385", "fillingDate": "2017-02-28", "acceptedDate": "2017-02-28 16:21:11", "calendarYear": "2016", "period": "FY", "revenue": 262000000, "costOfRevenue": 0, "grossProfit": 262000000, "grossProfitRatio": 1, "researchAndDevelopmentExpenses": 0, "generalAndAdministrativeExpenses": 0, "sellingAndMarketingExpenses": 0, "sellingGeneralAndAdministrativeExpenses": 67000000, "otherExpenses": -27000000, "operatingExpenses": 323000000, "costAndExpenses": 323000000, "interestIncome": 0, "interestExpense": 1000000, "depreciationAndAmortization": 32000000, "ebitda": -47000000, "ebitdaratio": -0.179389313, "operatingIncome": -61000000, "operatingIncomeRatio": -0.2328244275, "totalOtherIncomeExpensesNet": -17000000, "incomeBeforeTax": -79000000, "incomeBeforeTaxRatio": -0.3015267176, "incomeTaxExpense": -17000000, "netIncome": -62000000, "netIncomeRatio": -0.2366412214, "eps": -1.35, "epsdiluted": -1.13, "weightedAverageShsOut": 46000000, "weightedAverageShsOutDil": 55000000, "link": "https://www.sec.gov/Archives/edgar/data/1560385/000155837017001148/0001558370-17-001148-index.htm", "finalLink": "https://www.sec.gov/Archives/edgar/data/1560385/000155837017001148/lmca-20161231x10k.htm", "calculatedOtherExpenses": 256000000, "calculatedOperatingExpenses": 323000000, "calculatedNetInterest": -1000000, "calculatedOtherIncome": -17000000, "calculatedIncomeNonControlling": 0, "calculatedEbitda": -29000000}, {"date": "2015-12-31", "symbol": "BATRK", "reportedCurrency": "USD", "cik": "0001560385", "fillingDate": "2016-02-26", "acceptedDate": "2016-02-26 14:38:16", "calendarYear": "2015", "period": "FY", "revenue": 243000000, "costOfRevenue": 0, "grossProfit": 243000000, "grossProfitRatio": 1, "researchAndDevelopmentExpenses": 0, "generalAndAdministrativeExpenses": 0, "sellingAndMarketingExpenses": 0, "sellingGeneralAndAdministrativeExpenses": 61000000, "otherExpenses": 954000000, "operatingExpenses": 954000000, "costAndExpenses": 954000000, "interestIncome": 0, "interestExpense": -328000000, "depreciationAndAmortization": 31000000, "ebitda": 954000000, "ebitdaratio": 3.9259259259, "operatingIncome": 954000000, "operatingIncomeRatio": 3.9259259259, "totalOtherIncomeExpensesNet": -770000000, "incomeBeforeTax": 184000000, "incomeBeforeTaxRatio": 0.7572016461, "incomeTaxExpense": 10000000, "netIncome": 184000000, "netIncomeRatio": 0.7572016461, "eps": 5.2, "epsdiluted": 5.2, "weightedAverageShsOut": 35380013, "weightedAverageShsOutDil": 35380013, "link": "https://www.sec.gov/Archives/edgar/data/1560385/000155837016003609/0001558370-16-003609-index.htm", "finalLink": "https://www.sec.gov/Archives/edgar/data/1560385/000155837016003609/lmca-20151231x10k.htm", "calculatedOtherExpenses": -772000000, "calculatedOperatingExpenses": -711000000, "calculatedNetInterest": 328000000, "calculatedOtherIncome": -1098000000, "calculatedIncomeNonControlling": -10000000, "calculatedEbitda": 985000000}, {"date": "2014-12-31", "symbol": "BATRK", "reportedCurrency": "USD", "cik": "0001560385", "fillingDate": "2015-02-26", "acceptedDate": "2015-02-26 17:22:44", "calendarYear": "2014", "period": "FY", "revenue": 250000000, "costOfRevenue": 1631452000, "grossProfit": -1381452000, "grossProfitRatio": -5.525808, "researchAndDevelopmentExpenses": 48843000, "generalAndAdministrativeExpenses": 261905000, "sellingAndMarketingExpenses": 248905000, "sellingGeneralAndAdministrativeExpenses": 58000000, "otherExpenses": 338910000, "operatingExpenses": 287000000, "costAndExpenses": 287000000, "interestIncome": 716000, "interestExpense": -265321000, "depreciationAndAmortization": 29000000, "ebitda": -18000000, "ebitdaratio": -0.072, "operatingIncome": -47000000, "operatingIncomeRatio": -0.188, "totalOtherIncomeExpensesNet": 10000000, "incomeBeforeTax": -37000000, "incomeBeforeTaxRatio": -0.148, "incomeTaxExpense": 13000000, "netIncome": -24000000, "netIncomeRatio": -0.096, "eps": -0.0057, "epsdiluted": -0.0035, "weightedAverageShsOut": 4209073000, "weightedAverageShsOutDil": 6873786000, "link": "https://www.sec.gov/Archives/edgar/data/1560385/000155837015000201/0001558370-15-000201-index.htm", "finalLink": "https://www.sec.gov/Archives/edgar/data/1560385/000155837015000201/lvnt-20141231x10k.htm", "calculatedOtherExpenses": -1441295000, "calculatedOperatingExpenses": -1334452000, "calculatedNetInterest": 266037000, "calculatedOtherIncome": -256037000, "calculatedIncomeNonControlling": -26000000, "calculatedEbitda": -18000000}, {"date": "2013-12-31", "symbol": "BATRK", "reportedCurrency": "USD", "cik": "0001560385", "fillingDate": "2014-02-28", "acceptedDate": "2014-02-28 15:01:59", "calendarYear": "2013", "period": "FY", "revenue": 260000000, "costOfRevenue": 0, "grossProfit": 260000000, "grossProfitRatio": 1, "researchAndDevelopmentExpenses": 0, "generalAndAdministrativeExpenses": 0, "sellingAndMarketingExpenses": 0, "sellingGeneralAndAdministrativeExpenses": 58000000, "otherExpenses": -3329000000, "operatingExpenses": 248000000, "costAndExpenses": 248000000, "interestIncome": 0, "interestExpense": -215000000, "depreciationAndAmortization": 25000000, "ebitda": 32000000, "ebitdaratio": 0.1230769231, "operatingIncome": 7000000, "operatingIncomeRatio": 0.0269230769, "totalOtherIncomeExpensesNet": 4000000, "incomeBeforeTax": 11000000, "incomeBeforeTaxRatio": 0.0423076923, "incomeTaxExpense": 5000000, "netIncome": 6000000, "netIncomeRatio": 0.0230769231, "eps": 0, "epsdiluted": 0, "weightedAverageShsOut": 0, "weightedAverageShsOutDil": 0, "link": "https://www.sec.gov/Archives/edgar/data/1560385/000156038514000012/0001560385-14-000012-index.htm", "finalLink": "https://www.sec.gov/Archives/edgar/data/1560385/000156038514000012/lmc1231201310k.htm", "calculatedOtherExpenses": 195000000, "calculatedOperatingExpenses": 253000000, "calculatedNetInterest": 215000000, "calculatedOtherIncome": -211000000, "calculatedIncomeNonControlling": 0, "calculatedEbitda": 32000000}, {"date": "2012-12-31", "symbol": "BATRK", "reportedCurrency": "USD", "cik": "0001560385", "fillingDate": "2013-02-28", "acceptedDate": "2013-02-27 17:47:46", "calendarYear": "2012", "period": "FY", "revenue": 225000000, "costOfRevenue": 159000000, "grossProfit": 66000000, "grossProfitRatio": 0.2933333333, "researchAndDevelopmentExpenses": 48843000000, "generalAndAdministrativeExpenses": 261905000000, "sellingAndMarketingExpenses": 248905000000, "sellingGeneralAndAdministrativeExpenses": 48000000, "otherExpenses": 338910000000, "operatingExpenses": 68000000, "costAndExpenses": 227000000, "interestIncome": 716000000, "interestExpense": -265321000000, "depreciationAndAmortization": 24000000, "ebitda": 18000000, "ebitdaratio": 0.08, "operatingIncome": -6000000, "operatingIncomeRatio": -0.0266666667, "totalOtherIncomeExpensesNet": 3000000, "incomeBeforeTax": -3000000, "incomeBeforeTaxRatio": -0.0133333333, "incomeTaxExpense": 1000000, "netIncome": -2000000, "netIncomeRatio": -0.0088888889, "eps": 0, "epsdiluted": 0, "weightedAverageShsOut": 4209073000000, "weightedAverageShsOutDil": 6873786000000, "link": "https://www.sec.gov/Archives/edgar/data/1560385/000156038513000012/0001560385-13-000012-index.htm", "finalLink": "https://www.sec.gov/Archives/edgar/data/1560385/000156038513000012/lmc1231201210k.htm", "calculatedOtherExpenses": -48819000000, "calculatedOperatingExpenses": 72000000, "calculatedNetInterest": 266037000000, "calculatedOtherIncome": -266034000000, "calculatedIncomeNonControlling": -2000000, "calculatedEbitda": 18000000}]}