{"originalCurrency": "USD", "convertedCurrency": "USD", "report": [{"date": "2023-12-31", "symbol": "BAX", "reportedCurrency": "USD", "cik": "0000010456", "fillingDate": "2024-02-08", "acceptedDate": "2024-02-08 17:29:20", "calendarYear": "2023", "period": "FY", "revenue": 14813000000, "costOfRevenue": 9838000000, "grossProfit": 4975000000, "grossProfitRatio": 0.3358536421, "researchAndDevelopmentExpenses": 667000000, "generalAndAdministrativeExpenses": 3896000000, "sellingAndMarketingExpenses": 0, "sellingGeneralAndAdministrativeExpenses": 3896000000, "otherExpenses": 5000000, "operatingExpenses": 4563000000, "costAndExpenses": 14401000000, "interestIncome": 70000000, "interestExpense": 512000000, "depreciationAndAmortization": 1263000000, "ebitda": 1751000000, "ebitdaratio": 0.1182069804, "operatingIncome": 390000000, "operatingIncomeRatio": 0.0263282252, "totalOtherIncomeExpensesNet": -74000000, "incomeBeforeTax": -103000000, "incomeBeforeTaxRatio": -0.0069533518, "incomeTaxExpense": -34000000, "netIncome": 2656000000, "netIncomeRatio": 0.1793019645, "eps": -0.45, "epsdiluted": -0.45, "weightedAverageShsOut": 506000000, "weightedAverageShsOutDil": 506000000, "link": "https://www.sec.gov/Archives/edgar/data/10456/000162828024003932/0001628280-24-003932-index.htm", "finalLink": "https://www.sec.gov/Archives/edgar/data/10456/000162828024003932/bax-20231231.htm", "calculatedOtherExpenses": 22000000, "calculatedOperatingExpenses": 4585000000, "calculatedNetInterest": -442000000, "calculatedOtherIncome": -51000000, "calculatedIncomeNonControlling": -2725000000, "calculatedEbitda": 1653000000}, {"date": "2022-12-31", "symbol": "BAX", "reportedCurrency": "USD", "cik": "0000010456", "fillingDate": "2023-02-09", "acceptedDate": "2023-02-09 07:24:57", "calendarYear": "2022", "period": "FY", "revenue": 15113000000, "costOfRevenue": 9716000000, "grossProfit": 5397000000, "grossProfitRatio": 0.357109773, "researchAndDevelopmentExpenses": 605000000, "generalAndAdministrativeExpenses": 3862000000, "sellingAndMarketingExpenses": 25000000, "sellingGeneralAndAdministrativeExpenses": 3887000000, "otherExpenses": 36000000, "operatingExpenses": 4528000000, "costAndExpenses": 14244000000, "interestIncome": 20000000, "interestExpense": 395000000, "depreciationAndAmortization": 1403000000, "ebitda": 854000000, "ebitdaratio": 0.0565076424, "operatingIncome": -549000000, "operatingIncomeRatio": -0.0363263416, "totalOtherIncomeExpensesNet": -1804000000, "incomeBeforeTax": -2353000000, "incomeBeforeTaxRatio": -0.1556937736, "incomeTaxExpense": 68000000, "netIncome": -2421000000, "netIncomeRatio": -0.1601932111, "eps": -4.8, "epsdiluted": -4.8, "weightedAverageShsOut": 504000000, "weightedAverageShsOutDil": 504000000, "link": "https://www.sec.gov/Archives/edgar/data/10456/000162828023002864/0001628280-23-002864-index.htm", "finalLink": "https://www.sec.gov/Archives/edgar/data/10456/000162828023002864/bax-20221231.htm", "calculatedOtherExpenses": 1454000000, "calculatedOperatingExpenses": 5946000000, "calculatedNetInterest": -375000000, "calculatedOtherIncome": -1429000000, "calculatedIncomeNonControlling": 0, "calculatedEbitda": 854000000}, {"date": "2021-12-31", "symbol": "BAX", "reportedCurrency": "USD", "cik": "0000010456", "fillingDate": "2022-02-23", "acceptedDate": "2022-02-23 08:33:25", "calendarYear": "2021", "period": "FY", "revenue": 12784000000, "costOfRevenue": 7679000000, "grossProfit": 5105000000, "grossProfitRatio": 0.3993272841, "researchAndDevelopmentExpenses": 534000000, "generalAndAdministrativeExpenses": 2878000000, "sellingAndMarketingExpenses": -11000000, "sellingGeneralAndAdministrativeExpenses": 2867000000, "otherExpenses": -6000000, "operatingExpenses": 3395000000, "costAndExpenses": 11074000000, "interestIncome": 14000000, "interestExpense": 192000000, "depreciationAndAmortization": 890000000, "ebitda": 1669000000, "ebitdaratio": 0.1305538173, "operatingIncome": 779000000, "operatingIncomeRatio": 0.0609355444, "totalOtherIncomeExpensesNet": 698000000, "incomeBeforeTax": 1477000000, "incomeBeforeTaxRatio": 0.1155350438, "incomeTaxExpense": 182000000, "netIncome": 1284000000, "netIncomeRatio": 0.1004380476, "eps": 2.56, "epsdiluted": 2.53, "weightedAverageShsOut": 502000000, "weightedAverageShsOutDil": 508000000, "link": "https://www.sec.gov/Archives/edgar/data/10456/000162828022003432/0001628280-22-003432-index.htm", "finalLink": "https://www.sec.gov/Archives/edgar/data/10456/000162828022003432/bax-20211231.htm", "calculatedOtherExpenses": 925000000, "calculatedOperatingExpenses": 4326000000, "calculatedNetInterest": -178000000, "calculatedOtherIncome": 876000000, "calculatedIncomeNonControlling": 11000000, "calculatedEbitda": 1669000000}, {"date": "2020-12-31", "symbol": "BAX", "reportedCurrency": "USD", "cik": "0000010456", "fillingDate": "2021-02-11", "acceptedDate": "2021-02-11 08:12:00", "calendarYear": "2020", "period": "FY", "revenue": 11673000000, "costOfRevenue": 7086000000, "grossProfit": 4587000000, "grossProfitRatio": 0.3929581085, "researchAndDevelopmentExpenses": 521000000, "generalAndAdministrativeExpenses": 2469000000, "sellingAndMarketingExpenses": 0, "sellingGeneralAndAdministrativeExpenses": 2469000000, "otherExpenses": -19000000, "operatingExpenses": 2971000000, "costAndExpenses": 10057000000, "interestIncome": 19000000, "interestExpense": 134000000, "depreciationAndAmortization": 823000000, "ebitda": 1426000000, "ebitdaratio": 0.1221622548, "operatingIncome": 603000000, "operatingIncomeRatio": 0.0516576715, "totalOtherIncomeExpensesNet": 689000000, "incomeBeforeTax": 1292000000, "incomeBeforeTaxRatio": 0.1106827722, "incomeTaxExpense": 182000000, "netIncome": 1102000000, "netIncomeRatio": 0.0944058939, "eps": 2.17, "epsdiluted": 2.13, "weightedAverageShsOut": 509000000, "weightedAverageShsOutDil": 517000000, "link": "https://www.sec.gov/Archives/edgar/data/10456/000162828021001867/0001628280-21-001867-index.htm", "finalLink": "https://www.sec.gov/Archives/edgar/data/10456/000162828021001867/bax-20201231.htm", "calculatedOtherExpenses": 994000000, "calculatedOperatingExpenses": 3984000000, "calculatedNetInterest": -115000000, "calculatedOtherIncome": 804000000, "calculatedIncomeNonControlling": 8000000, "calculatedEbitda": 1426000000}, {"date": "2019-12-31", "symbol": "BAX", "reportedCurrency": "USD", "cik": "0000010456", "fillingDate": "2020-03-17", "acceptedDate": "2020-03-17 07:12:46", "calendarYear": "2019", "period": "FY", "revenue": 11362000000, "costOfRevenue": 6601000000, "grossProfit": 4761000000, "grossProfitRatio": 0.4190283401, "researchAndDevelopmentExpenses": 595000000, "generalAndAdministrativeExpenses": 3290000000, "sellingAndMarketingExpenses": 0, "sellingGeneralAndAdministrativeExpenses": 3290000000, "otherExpenses": 60000000, "operatingExpenses": 3885000000, "costAndExpenses": 10486000000, "interestIncome": 40000000, "interestExpense": 111000000, "depreciationAndAmortization": 789000000, "ebitda": 1765000000, "ebitdaratio": 0.1553423693, "operatingIncome": 976000000, "operatingIncomeRatio": 0.0859003697, "totalOtherIncomeExpensesNet": -6000000, "incomeBeforeTax": 970000000, "incomeBeforeTaxRatio": 0.0853722936, "incomeTaxExpense": -41000000, "netIncome": 1001000000, "netIncomeRatio": 0.0881006865, "eps": 1.97, "epsdiluted": 1.93, "weightedAverageShsOut": 509000000, "weightedAverageShsOutDil": 519000000, "link": "https://www.sec.gov/Archives/edgar/data/10456/000162828020003693/0001628280-20-003693-index.htm", "finalLink": "https://www.sec.gov/Archives/edgar/data/10456/000162828020003693/bax-20191231.htm", "calculatedOtherExpenses": -100000000, "calculatedOperatingExpenses": 3785000000, "calculatedNetInterest": -71000000, "calculatedOtherIncome": 65000000, "calculatedIncomeNonControlling": 10000000, "calculatedEbitda": 1765000000}, {"date": "2018-12-31", "symbol": "BAX", "reportedCurrency": "USD", "cik": "0000010456", "fillingDate": "2019-02-21", "acceptedDate": "2019-02-21 17:29:43", "calendarYear": "2018", "period": "FY", "revenue": 11127000000, "costOfRevenue": 6346000000, "grossProfit": 4781000000, "grossProfitRatio": 0.4296755639, "researchAndDevelopmentExpenses": 655000000, "generalAndAdministrativeExpenses": -48000000, "sellingAndMarketingExpenses": 2617000000, "sellingGeneralAndAdministrativeExpenses": 2617000000, "otherExpenses": 139000000, "operatingExpenses": 3182000000, "costAndExpenses": 9528000000, "interestIncome": 48000000, "interestExpense": 45000000, "depreciationAndAmortization": 785000000, "ebitda": 1738000000, "ebitdaratio": 0.1561966388, "operatingIncome": 1599000000, "operatingIncomeRatio": 0.1437045026, "totalOtherIncomeExpensesNet": 139000000, "incomeBeforeTax": 1693000000, "incomeBeforeTaxRatio": 0.152152422, "incomeTaxExpense": 63000000, "netIncome": 1624000000, "netIncomeRatio": 0.1459512897, "eps": 3.04, "epsdiluted": 2.97, "weightedAverageShsOut": 534000000, "weightedAverageShsOutDil": 546000000, "link": "https://www.sec.gov/Archives/edgar/data/10456/000156459019003727/0001564590-19-003727-index.htm", "finalLink": "https://www.sec.gov/Archives/edgar/data/10456/000156459019003727/bax-10k_20181231.htm", "calculatedOtherExpenses": -90000000, "calculatedOperatingExpenses": 3182000000, "calculatedNetInterest": 3000000, "calculatedOtherIncome": 91000000, "calculatedIncomeNonControlling": 6000000, "calculatedEbitda": 2384000000}, {"date": "2017-12-31", "symbol": "BAX", "reportedCurrency": "USD", "cik": "0000010456", "fillingDate": "2018-02-23", "acceptedDate": "2018-02-23 06:04:09", "calendarYear": "2017", "period": "FY", "revenue": 10561000000, "costOfRevenue": 6091000000, "grossProfit": 4470000000, "grossProfitRatio": 0.4232553735, "researchAndDevelopmentExpenses": 613000000, "generalAndAdministrativeExpenses": 33000000, "sellingAndMarketingExpenses": 2566000000, "sellingGeneralAndAdministrativeExpenses": 2599000000, "otherExpenses": -6000000, "operatingExpenses": 3212000000, "costAndExpenses": 9303000000, "interestIncome": 30000000, "interestExpense": 85000000, "depreciationAndAmortization": 761000000, "ebitda": 2043000000, "ebitdaratio": 0.1934475902, "operatingIncome": 1291000000, "operatingIncomeRatio": 0.1222422119, "totalOtherIncomeExpensesNet": 14000000, "incomeBeforeTax": 1217000000, "incomeBeforeTaxRatio": 0.1152352997, "incomeTaxExpense": 493000000, "netIncome": 717000000, "netIncomeRatio": 0.0678912982, "eps": 1.11, "epsdiluted": 1.08, "weightedAverageShsOut": 543000000, "weightedAverageShsOutDil": 555000000, "link": "https://www.sec.gov/Archives/edgar/data/10456/000156459018002954/0001564590-18-002954-index.htm", "finalLink": "https://www.sec.gov/Archives/edgar/data/10456/000156459018002954/bax-10k_20171231.htm", "calculatedOtherExpenses": -33000000, "calculatedOperatingExpenses": 3179000000, "calculatedNetInterest": -55000000, "calculatedOtherIncome": -19000000, "calculatedIncomeNonControlling": 7000000, "calculatedEbitda": 2052000000}, {"date": "2016-12-31", "symbol": "BAX", "reportedCurrency": "USD", "cik": "0000010456", "fillingDate": "2017-02-23", "acceptedDate": "2017-02-23 17:01:01", "calendarYear": "2016", "period": "FY", "revenue": 10163000000, "costOfRevenue": 6053000000, "grossProfit": 4110000000, "grossProfitRatio": 0.4044081472, "researchAndDevelopmentExpenses": 647000000, "generalAndAdministrativeExpenses": 0, "sellingAndMarketingExpenses": 2739000000, "sellingGeneralAndAdministrativeExpenses": 2739000000, "otherExpenses": 4296000000, "operatingExpenses": 3386000000, "costAndExpenses": 9439000000, "interestIncome": 23000000, "interestExpense": 66000000, "depreciationAndAmortization": 800000000, "ebitda": 5020000000, "ebitdaratio": 0.4939486372, "operatingIncome": 724000000, "operatingIncomeRatio": 0.0712388074, "totalOtherIncomeExpensesNet": 4296000000, "incomeBeforeTax": 4954000000, "incomeBeforeTaxRatio": 0.4874544918, "incomeTaxExpense": -12000000, "netIncome": 4965000000, "netIncomeRatio": 0.4885368494, "eps": 9.09, "epsdiluted": 9.01, "weightedAverageShsOut": 546000000, "weightedAverageShsOutDil": 551000000, "link": "https://www.sec.gov/Archives/edgar/data/10456/000156459017002240/0001564590-17-002240-index.htm", "finalLink": "https://www.sec.gov/Archives/edgar/data/10456/000156459017002240/bax-10k_20161231.htm", "calculatedOtherExpenses": 0, "calculatedOperatingExpenses": 3386000000, "calculatedNetInterest": -43000000, "calculatedOtherIncome": 4273000000, "calculatedIncomeNonControlling": 1000000, "calculatedEbitda": 1524000000}, {"date": "2015-12-31", "symbol": "BAX", "reportedCurrency": "USD", "cik": "0000010456", "fillingDate": "2016-02-26", "acceptedDate": "2016-02-26 07:33:24", "calendarYear": "2015", "period": "FY", "revenue": 9968000000, "costOfRevenue": 5822000000, "grossProfit": 4146000000, "grossProfitRatio": 0.4159309791, "researchAndDevelopmentExpenses": 603000000, "generalAndAdministrativeExpenses": 0, "sellingAndMarketingExpenses": 3094000000, "sellingGeneralAndAdministrativeExpenses": 3094000000, "otherExpenses": 105000000, "operatingExpenses": 3697000000, "costAndExpenses": 9519000000, "interestIncome": 20000000, "interestExpense": 126000000, "depreciationAndAmortization": 759000000, "ebitda": 554000000, "ebitdaratio": 0.0555778491, "operatingIncome": 449000000, "operatingIncomeRatio": 0.0450441413, "totalOtherIncomeExpensesNet": 105000000, "incomeBeforeTax": 428000000, "incomeBeforeTaxRatio": 0.0429373997, "incomeTaxExpense": 28000000, "netIncome": 968000000, "netIncomeRatio": 0.0971107544, "eps": 1.78, "epsdiluted": 1.76, "weightedAverageShsOut": 545000000, "weightedAverageShsOutDil": 549000000, "link": "https://www.sec.gov/Archives/edgar/data/10456/000119312516479471/0001193125-16-479471-index.htm", "finalLink": "https://www.sec.gov/Archives/edgar/data/10456/000119312516479471/d213870d10k.htm", "calculatedOtherExpenses": 0, "calculatedOperatingExpenses": 3697000000, "calculatedNetInterest": -106000000, "calculatedOtherIncome": 85000000, "calculatedIncomeNonControlling": -568000000, "calculatedEbitda": 1208000000}, {"date": "2014-12-31", "symbol": "BAX", "reportedCurrency": "USD", "cik": "0000010456", "fillingDate": "2015-02-26", "acceptedDate": "2015-02-26 16:45:55", "calendarYear": "2014", "period": "FY", "revenue": 16671000000, "costOfRevenue": 8514000000, "grossProfit": 8157000000, "grossProfitRatio": 0.4892927839, "researchAndDevelopmentExpenses": 1421000000, "generalAndAdministrativeExpenses": 4029000000, "sellingAndMarketingExpenses": 4029000000, "sellingGeneralAndAdministrativeExpenses": 4029000000, "otherExpenses": -123000000, "operatingExpenses": 5450000000, "costAndExpenses": 13964000000, "interestIncome": 22000000, "interestExpense": 145000000, "depreciationAndAmortization": 1005000000, "ebitda": 3589000000, "ebitdaratio": 0.2152840262, "operatingIncome": 2562000000, "operatingIncomeRatio": 0.1536800432, "totalOtherIncomeExpensesNet": -123000000, "incomeBeforeTax": 2439000000, "incomeBeforeTaxRatio": 0.1463019615, "incomeTaxExpense": 493000000, "netIncome": 2497000000, "netIncomeRatio": 0.1497810569, "eps": 4.61, "epsdiluted": 4.56, "weightedAverageShsOut": 542000000, "weightedAverageShsOutDil": 547000000, "link": "https://www.sec.gov/Archives/edgar/data/10456/000119312515065871/0001193125-15-065871-index.htm", "finalLink": "https://www.sec.gov/Archives/edgar/data/10456/000119312515065871/d848964d10k.htm", "calculatedOtherExpenses": 145000000, "calculatedOperatingExpenses": 5595000000, "calculatedNetInterest": -123000000, "calculatedOtherIncome": 0, "calculatedIncomeNonControlling": -551000000, "calculatedEbitda": 3567000000}, {"date": "2013-12-31", "symbol": "BAX", "reportedCurrency": "USD", "cik": "0000010456", "fillingDate": "2014-02-21", "acceptedDate": "2014-02-21 07:04:23", "calendarYear": "2013", "period": "FY", "revenue": 15259000000, "costOfRevenue": 7664000000, "grossProfit": 7595000000, "grossProfitRatio": 0.4977390393, "researchAndDevelopmentExpenses": 1246000000, "generalAndAdministrativeExpenses": 0, "sellingAndMarketingExpenses": 3681000000, "sellingGeneralAndAdministrativeExpenses": 3681000000, "otherExpenses": 9000000, "operatingExpenses": 4927000000, "costAndExpenses": 12591000000, "interestIncome": 27000000, "interestExpense": 128000000, "depreciationAndAmortization": 823000000, "ebitda": 3500000000, "ebitdaratio": 0.2293728292, "operatingIncome": 2668000000, "operatingIncomeRatio": 0.1748476309, "totalOtherIncomeExpensesNet": 9000000, "incomeBeforeTax": 2549000000, "incomeBeforeTaxRatio": 0.1670489547, "incomeTaxExpense": 537000000, "netIncome": 2012000000, "netIncomeRatio": 0.1318566092, "eps": 3.7, "epsdiluted": 3.66, "weightedAverageShsOut": 543000000, "weightedAverageShsOutDil": 549000000, "link": "https://www.sec.gov/Archives/edgar/data/10456/000119312514061654/0001193125-14-061654-index.htm", "finalLink": "https://www.sec.gov/Archives/edgar/data/10456/000119312514061654/d596470d10k.htm", "calculatedOtherExpenses": 0, "calculatedOperatingExpenses": 4927000000, "calculatedNetInterest": -101000000, "calculatedOtherIncome": -18000000, "calculatedIncomeNonControlling": 0, "calculatedEbitda": 3491000000}, {"date": "2012-12-31", "symbol": "BAX", "reportedCurrency": "USD", "cik": "0000010456", "fillingDate": "2013-02-21", "acceptedDate": "2013-02-21 17:28:20", "calendarYear": "2012", "period": "FY", "revenue": 14190000000, "costOfRevenue": 6889000000, "grossProfit": 7301000000, "grossProfitRatio": 0.5145172657, "researchAndDevelopmentExpenses": 1156000000, "generalAndAdministrativeExpenses": 3324000000, "sellingAndMarketingExpenses": 3324000000, "sellingGeneralAndAdministrativeExpenses": 3324000000, "otherExpenses": 155000000, "operatingExpenses": 4480000000, "costAndExpenses": 11369000000, "interestIncome": 26000000, "interestExpense": 87000000, "depreciationAndAmortization": 712000000, "ebitda": 3688000000, "ebitdaratio": 0.259901339, "operatingIncome": 2821000000, "operatingIncomeRatio": 0.1988019732, "totalOtherIncomeExpensesNet": 155000000, "incomeBeforeTax": 2889000000, "incomeBeforeTaxRatio": 0.2035940803, "incomeTaxExpense": 563000000, "netIncome": 2326000000, "netIncomeRatio": 0.1639182523, "eps": 4.22, "epsdiluted": 4.18, "weightedAverageShsOut": 551000000, "weightedAverageShsOutDil": 556000000, "link": "https://www.sec.gov/Archives/edgar/data/10456/000119312513069609/0001193125-13-069609-index.htm", "finalLink": "https://www.sec.gov/Archives/edgar/data/10456/000119312513069609/d410594d10k.htm", "calculatedOtherExpenses": 0, "calculatedOperatingExpenses": 4480000000, "calculatedNetInterest": -61000000, "calculatedOtherIncome": 129000000, "calculatedIncomeNonControlling": 0, "calculatedEbitda": 3533000000}, {"date": "2011-12-31", "symbol": "BAX", "reportedCurrency": "USD", "cik": "0000010456", "fillingDate": "2012-02-23", "acceptedDate": "2012-02-23 17:29:13", "calendarYear": "2011", "period": "FY", "revenue": 13893000000, "costOfRevenue": 6847000000, "grossProfit": 7046000000, "grossProfitRatio": 0.5071618801, "researchAndDevelopmentExpenses": 946000000, "generalAndAdministrativeExpenses": 0, "sellingAndMarketingExpenses": 3154000000, "sellingGeneralAndAdministrativeExpenses": 3154000000, "otherExpenses": 0, "operatingExpenses": 4100000000, "costAndExpenses": 10947000000, "interestIncome": 38000000, "interestExpense": 54000000, "depreciationAndAmortization": 670000000, "ebitda": 2946000000, "ebitdaratio": 0.2120492334, "operatingIncome": 2946000000, "operatingIncomeRatio": 0.2120492334, "totalOtherIncomeExpensesNet": -83000000, "incomeBeforeTax": 2809000000, "incomeBeforeTaxRatio": 0.2021881523, "incomeTaxExpense": 553000000, "netIncome": 2224000000, "netIncomeRatio": 0.1600806161, "eps": 3.91, "epsdiluted": 3.88, "weightedAverageShsOut": 569000000, "weightedAverageShsOutDil": 573000000, "link": "https://www.sec.gov/Archives/edgar/data/10456/000119312512075661/0001193125-12-075661-index.htm", "finalLink": "https://www.sec.gov/Archives/edgar/data/10456/000119312512075661/d267280d10k.htm", "calculatedOtherExpenses": 0, "calculatedOperatingExpenses": 4100000000, "calculatedNetInterest": -16000000, "calculatedOtherIncome": -121000000, "calculatedIncomeNonControlling": 32000000, "calculatedEbitda": 3616000000}, {"date": "2010-12-31", "symbol": "BAX", "reportedCurrency": "USD", "cik": "0000010456", "fillingDate": "2011-02-23", "acceptedDate": "2011-02-23 17:04:55", "calendarYear": "2010", "period": "FY", "revenue": 12843000000, "costOfRevenue": 6885000000, "grossProfit": 5958000000, "grossProfitRatio": 0.4639103013, "researchAndDevelopmentExpenses": 915000000, "generalAndAdministrativeExpenses": 0, "sellingAndMarketingExpenses": 0, "sellingGeneralAndAdministrativeExpenses": 2907000000, "otherExpenses": 0, "operatingExpenses": 3822000000, "costAndExpenses": 10707000000, "interestIncome": 28000000, "interestExpense": 87000000, "depreciationAndAmortization": 685000000, "ebitda": 2821000000, "ebitdaratio": 0.2196527291, "operatingIncome": 2136000000, "operatingIncomeRatio": 0.1663162812, "totalOtherIncomeExpensesNet": -159000000, "incomeBeforeTax": 1890000000, "incomeBeforeTaxRatio": 0.1471618781, "incomeTaxExpense": 463000000, "netIncome": 1420000000, "netIncomeRatio": 0.1105660671, "eps": 2.41, "epsdiluted": 2.39, "weightedAverageShsOut": 590000000, "weightedAverageShsOutDil": 594000000, "link": "https://www.sec.gov/Archives/edgar/data/10456/000095012311017190/0000950123-11-017190-index.htm", "finalLink": "https://www.sec.gov/Archives/edgar/data/10456/000095012311017190/c61460e10vk.htm", "calculatedOtherExpenses": 0, "calculatedOperatingExpenses": 3822000000, "calculatedNetInterest": -59000000, "calculatedOtherIncome": -187000000, "calculatedIncomeNonControlling": 7000000, "calculatedEbitda": 2821000000}, {"date": "2009-12-31", "symbol": "BAX", "reportedCurrency": "USD", "cik": "0000010456", "fillingDate": "2010-02-23", "acceptedDate": "2010-02-22 21:55:06", "calendarYear": "2009", "period": "FY", "revenue": 12562000000, "costOfRevenue": 6037000000, "grossProfit": 6525000000, "grossProfitRatio": 0.5194236587, "researchAndDevelopmentExpenses": 917000000, "generalAndAdministrativeExpenses": 0, "sellingAndMarketingExpenses": 0, "sellingGeneralAndAdministrativeExpenses": 2731000000, "otherExpenses": 0, "operatingExpenses": 3648000000, "costAndExpenses": 9685000000, "interestIncome": 19000000, "interestExpense": 98000000, "depreciationAndAmortization": 638000000, "ebitda": 3425000000, "ebitdaratio": 0.2726476676, "operatingIncome": 2877000000, "operatingIncomeRatio": 0.2290240408, "totalOtherIncomeExpensesNet": 45000000, "incomeBeforeTax": 2734000000, "incomeBeforeTaxRatio": 0.2176405031, "incomeTaxExpense": 519000000, "netIncome": 2205000000, "netIncomeRatio": 0.1755293743, "eps": 3.63, "epsdiluted": 3.59, "weightedAverageShsOut": 607000000, "weightedAverageShsOutDil": 614000000, "link": "https://www.sec.gov/Archives/edgar/data/10456/000095012310015380/0000950123-10-015380-index.htm", "finalLink": "https://www.sec.gov/Archives/edgar/data/10456/000095012310015380/c54958e10vk.htm", "calculatedOtherExpenses": 0, "calculatedOperatingExpenses": 3648000000, "calculatedNetInterest": -79000000, "calculatedOtherIncome": -64000000, "calculatedIncomeNonControlling": 10000000, "calculatedEbitda": 3515000000}, {"date": "2008-12-31", "symbol": "BAX", "reportedCurrency": "USD", "cik": "0000010456", "fillingDate": "2009-02-19", "acceptedDate": "2009-02-19 17:10:40", "calendarYear": "2008", "period": "FY", "revenue": 12348000000, "costOfRevenue": 6218000000, "grossProfit": 6130000000, "grossProfitRatio": 0.4964366699, "researchAndDevelopmentExpenses": 868000000, "generalAndAdministrativeExpenses": 0, "sellingAndMarketingExpenses": 0, "sellingGeneralAndAdministrativeExpenses": 2698000000, "otherExpenses": 0, "operatingExpenses": 3566000000, "costAndExpenses": 9784000000, "interestIncome": 72000000, "interestExpense": 148000000, "depreciationAndAmortization": 631000000, "ebitda": 2527000000, "ebitdaratio": 0.2046485261, "operatingIncome": 2564000000, "operatingIncomeRatio": 0.2076449627, "totalOtherIncomeExpensesNet": 37000000, "incomeBeforeTax": 2451000000, "incomeBeforeTaxRatio": 0.1984936832, "incomeTaxExpense": 437000000, "netIncome": 2014000000, "netIncomeRatio": 0.1631033366, "eps": 3.22, "epsdiluted": 3.16, "weightedAverageShsOut": 625000000, "weightedAverageShsOutDil": 637000000, "link": "https://www.sec.gov/Archives/edgar/data/10456/000095013709001173/0000950137-09-001173-index.htm", "finalLink": "https://www.sec.gov/Archives/edgar/data/10456/000095013709001173/c48741e10vk.htm", "calculatedOtherExpenses": 0, "calculatedOperatingExpenses": 3566000000, "calculatedNetInterest": -76000000, "calculatedOtherIncome": -37000000, "calculatedIncomeNonControlling": 0, "calculatedEbitda": 3195000000}, {"date": "2007-12-31", "symbol": "BAX", "reportedCurrency": "USD", "cik": "0000010456", "fillingDate": "2008-02-26", "acceptedDate": "2008-02-26 17:01:18", "calendarYear": "2007", "period": "FY", "revenue": 11263000000, "costOfRevenue": 5744000000, "grossProfit": 5519000000, "grossProfitRatio": 0.4900115422, "researchAndDevelopmentExpenses": 760000000, "generalAndAdministrativeExpenses": 0, "sellingAndMarketingExpenses": 0, "sellingGeneralAndAdministrativeExpenses": 2521000000, "otherExpenses": 0, "operatingExpenses": 3281000000, "costAndExpenses": 9025000000, "interestIncome": 0, "interestExpense": 124000000, "depreciationAndAmortization": 581000000, "ebitda": 2894000000, "ebitdaratio": 0.2569475273, "operatingIncome": 2168000000, "operatingIncomeRatio": 0.1924886797, "totalOtherIncomeExpensesNet": -102000000, "incomeBeforeTax": 2114000000, "incomeBeforeTaxRatio": 0.18769422, "incomeTaxExpense": 407000000, "netIncome": 1707000000, "netIncomeRatio": 0.1515581994, "eps": 2.65, "epsdiluted": 2.61, "weightedAverageShsOut": 644000000, "weightedAverageShsOutDil": 654000000, "link": "https://www.sec.gov/Archives/edgar/data/10456/000095013708002771/0000950137-08-002771-index.htm", "finalLink": "https://www.sec.gov/Archives/edgar/data/10456/000095013708002771/c22852e10vk.htm", "calculatedOtherExpenses": 70000000, "calculatedOperatingExpenses": 3351000000, "calculatedNetInterest": -124000000, "calculatedOtherIncome": 70000000, "calculatedIncomeNonControlling": 0, "calculatedEbitda": 2749000000}, {"date": "2006-12-31", "symbol": "BAX", "reportedCurrency": "USD", "cik": "0000010456", "fillingDate": "2007-02-28", "acceptedDate": "2007-02-27 21:33:50", "calendarYear": "2006", "period": "FY", "revenue": 10378000000, "costOfRevenue": 5641000000, "grossProfit": 4737000000, "grossProfitRatio": 0.4564463288, "researchAndDevelopmentExpenses": 614000000, "generalAndAdministrativeExpenses": 0, "sellingAndMarketingExpenses": 0, "sellingGeneralAndAdministrativeExpenses": 2282000000, "otherExpenses": 0, "operatingExpenses": 2896000000, "costAndExpenses": 8537000000, "interestIncome": 0, "interestExpense": 101000000, "depreciationAndAmortization": 575000000, "ebitda": 2454000000, "ebitdaratio": 0.236461746, "operatingIncome": 1841000000, "operatingIncomeRatio": 0.1773944883, "totalOtherIncomeExpensesNet": -61000000, "incomeBeforeTax": 1746000000, "incomeBeforeTaxRatio": 0.1682405088, "incomeTaxExpense": 348000000, "netIncome": 1396000000, "netIncomeRatio": 0.1345153209, "eps": 2.15, "epsdiluted": 2.13, "weightedAverageShsOut": 651000000, "weightedAverageShsOutDil": 656000000, "link": "https://www.sec.gov/Archives/edgar/data/10456/000095013707002905/0000950137-07-002905-index.htm", "finalLink": "https://www.sec.gov/Archives/edgar/data/10456/000095013707002905/n12610e10vk.htm", "calculatedOtherExpenses": 0, "calculatedOperatingExpenses": 2896000000, "calculatedNetInterest": -101000000, "calculatedOtherIncome": 6000000, "calculatedIncomeNonControlling": 2000000, "calculatedEbitda": 2416000000}, {"date": "2005-12-31", "symbol": "BAX", "reportedCurrency": "USD", "cik": "0000010456", "fillingDate": "2006-03-07", "acceptedDate": "2006-03-07 17:16:49", "calendarYear": "2005", "period": "FY", "revenue": 9849000000, "costOfRevenue": 5756000000, "grossProfit": 4093000000, "grossProfitRatio": 0.4155751853, "researchAndDevelopmentExpenses": 533000000, "generalAndAdministrativeExpenses": 0, "sellingAndMarketingExpenses": 0, "sellingGeneralAndAdministrativeExpenses": 2030000000, "otherExpenses": 0, "operatingExpenses": 2563000000, "costAndExpenses": 8319000000, "interestIncome": 0, "interestExpense": 118000000, "depreciationAndAmortization": 580000000, "ebitda": 2078000000, "ebitdaratio": 0.2109858869, "operatingIncome": 1639000000, "operatingIncomeRatio": 0.1664128338, "totalOtherIncomeExpensesNet": 32000000, "incomeBeforeTax": 1444000000, "incomeBeforeTaxRatio": 0.1466138694, "incomeTaxExpense": 486000000, "netIncome": 956000000, "netIncomeRatio": 0.0970656919, "eps": 1.54, "epsdiluted": 1.52, "weightedAverageShsOut": 622000000, "weightedAverageShsOutDil": 629000000, "link": "https://www.sec.gov/Archives/edgar/data/10456/000095013706002686/0000950137-06-002686-index.htm", "finalLink": "https://www.sec.gov/Archives/edgar/data/10456/000095013706002686/c02804e10vk.htm", "calculatedOtherExpenses": -109000000, "calculatedOperatingExpenses": 2454000000, "calculatedNetInterest": -118000000, "calculatedOtherIncome": -77000000, "calculatedIncomeNonControlling": 2000000, "calculatedEbitda": 2219000000}, {"date": "2004-12-31", "symbol": "BAX", "reportedCurrency": "USD", "cik": "0000010456", "fillingDate": "2005-03-16", "acceptedDate": "2005-03-16 13:33:55", "calendarYear": "2004", "period": "FY", "revenue": 9509000000, "costOfRevenue": 5594000000, "grossProfit": 3915000000, "grossProfitRatio": 0.4117152172, "researchAndDevelopmentExpenses": 517000000, "generalAndAdministrativeExpenses": 0, "sellingAndMarketingExpenses": 0, "sellingGeneralAndAdministrativeExpenses": 2249000000, "otherExpenses": 0, "operatingExpenses": 2766000000, "costAndExpenses": 8360000000, "interestIncome": 0, "interestExpense": 99000000, "depreciationAndAmortization": 601000000, "ebitda": 2370000000, "ebitdaratio": 0.2492375644, "operatingIncome": 606000000, "operatingIncomeRatio": 0.0637290987, "totalOtherIncomeExpensesNet": -620000000, "incomeBeforeTax": 430000000, "incomeBeforeTaxRatio": 0.0452203176, "incomeTaxExpense": 47000000, "netIncome": 388000000, "netIncomeRatio": 0.0408034494, "eps": 0.63, "epsdiluted": 0.63, "weightedAverageShsOut": 614000000, "weightedAverageShsOutDil": 618000000, "link": "https://www.sec.gov/Archives/edgar/data/10456/000119312505052405/0001193125-05-052405-index.htm", "finalLink": "https://www.sec.gov/Archives/edgar/data/10456/000119312505052405/d10k.htm", "calculatedOtherExpenses": 543000000, "calculatedOperatingExpenses": 3309000000, "calculatedNetInterest": -99000000, "calculatedOtherIncome": -77000000, "calculatedIncomeNonControlling": -5000000, "calculatedEbitda": 1207000000}, {"date": "2003-12-31", "symbol": "BAX", "reportedCurrency": "USD", "cik": "0000010456", "fillingDate": "2004-03-12", "acceptedDate": "2004-03-12 16:35:43", "calendarYear": "2003", "period": "FY", "revenue": 8916000000, "costOfRevenue": 4951000000, "grossProfit": 3965000000, "grossProfitRatio": 0.4447061463, "researchAndDevelopmentExpenses": 553000000, "generalAndAdministrativeExpenses": 0, "sellingAndMarketingExpenses": 0, "sellingGeneralAndAdministrativeExpenses": 1796000000, "otherExpenses": 0, "operatingExpenses": 2349000000, "costAndExpenses": 7300000000, "interestIncome": 0, "interestExpense": 115000000, "depreciationAndAmortization": 545000000, "ebitda": 2540000000, "ebitdaratio": 0.2848811126, "operatingIncome": 1279000000, "operatingIncomeRatio": 0.1434499776, "totalOtherIncomeExpensesNet": -379000000, "incomeBeforeTax": 1150000000, "incomeBeforeTaxRatio": 0.1289816061, "incomeTaxExpense": 228000000, "netIncome": 881000000, "netIncomeRatio": 0.0988111261, "eps": 1.51, "epsdiluted": 1.5, "weightedAverageShsOut": 573509934, "weightedAverageShsOutDil": 577333333, "link": "https://www.sec.gov/Archives/edgar/data/10456/000119312504040579/0001193125-04-040579-index.htm", "finalLink": "https://www.sec.gov/Archives/edgar/data/10456/000119312504040579/d10k.htm", "calculatedOtherExpenses": 337000000, "calculatedOperatingExpenses": 2686000000, "calculatedNetInterest": -115000000, "calculatedOtherIncome": -14000000, "calculatedIncomeNonControlling": 41000000, "calculatedEbitda": 1824000000}, {"date": "2002-12-31", "symbol": "BAX", "reportedCurrency": "USD", "cik": "0000010456", "fillingDate": "2003-03-12", "acceptedDate": "2003-03-12 17:06:10", "calendarYear": "2002", "period": "FY", "revenue": 8110000000, "costOfRevenue": 4318000000, "grossProfit": 3792000000, "grossProfitRatio": 0.4675709001, "researchAndDevelopmentExpenses": 501000000, "generalAndAdministrativeExpenses": 0, "sellingAndMarketingExpenses": 0, "sellingGeneralAndAdministrativeExpenses": 1562000000, "otherExpenses": 0, "operatingExpenses": 2063000000, "costAndExpenses": 6381000000, "interestIncome": 0, "interestExpense": 71000000, "depreciationAndAmortization": 439000000, "ebitda": 2430000000, "ebitdaratio": 0.2996300863, "operatingIncome": 1540000000, "operatingIncomeRatio": 0.1898890259, "totalOtherIncomeExpensesNet": -281000000, "incomeBeforeTax": 1397000000, "incomeBeforeTaxRatio": 0.1722564735, "incomeTaxExpense": 364000000, "netIncome": 778000000, "netIncomeRatio": 0.0959309494, "eps": 1.71, "epsdiluted": 1.66, "weightedAverageShsOut": 450877193, "weightedAverageShsOutDil": 464457831, "link": "https://www.sec.gov/Archives/edgar/data/10456/000095013103001306/0000950131-03-001306-index.htm", "finalLink": "https://www.sec.gov/Archives/edgar/data/10456/000095013103001306/d10k.txt", "calculatedOtherExpenses": 189000000, "calculatedOperatingExpenses": 2252000000, "calculatedNetInterest": -71000000, "calculatedOtherIncome": -72000000, "calculatedIncomeNonControlling": 255000000, "calculatedEbitda": 1979000000}, {"date": "2001-12-31", "symbol": "BAX", "reportedCurrency": "USD", "cik": "0000010456", "fillingDate": "2002-03-13", "acceptedDate": "2002-03-13 00:00:00", "calendarYear": "2001", "period": "FY", "revenue": 7663000000, "costOfRevenue": 4227000000, "grossProfit": 3436000000, "grossProfitRatio": 0.4483883597, "researchAndDevelopmentExpenses": 427000000, "generalAndAdministrativeExpenses": 1469000000, "sellingAndMarketingExpenses": 0, "sellingGeneralAndAdministrativeExpenses": 1469000000, "otherExpenses": 47000000, "operatingExpenses": 1943000000, "costAndExpenses": 6170000000, "interestIncome": 0, "interestExpense": 108000000, "depreciationAndAmortization": 441000000, "ebitda": 2394000000, "ebitdaratio": 0.3124102832, "operatingIncome": 1213000000, "operatingIncomeRatio": 0.1582930967, "totalOtherIncomeExpensesNet": -460000000, "incomeBeforeTax": 964000000, "incomeBeforeTaxRatio": 0.1257992953, "incomeTaxExpense": 300000000, "netIncome": 612000000, "netIncomeRatio": 0.0798642829, "eps": 1.13, "epsdiluted": 1.09, "weightedAverageShsOut": 541592920, "weightedAverageShsOutDil": 561467890, "link": "https://www.sec.gov/Archives/edgar/data/10456/000095013102000882/0000950131-02-000882-index.htm", "finalLink": "https://www.sec.gov/Archives/edgar/data/10456/000095013102000882/d10k.txt", "calculatedOtherExpenses": 327000000, "calculatedOperatingExpenses": 2223000000, "calculatedNetInterest": -108000000, "calculatedOtherIncome": -141000000, "calculatedIncomeNonControlling": 52000000, "calculatedEbitda": 1654000000}, {"date": "2000-12-31", "symbol": "BAX", "reportedCurrency": "USD", "cik": "0000010456", "fillingDate": "2001-03-14", "acceptedDate": "2001-03-14 00:00:00", "calendarYear": "2000", "period": "FY", "revenue": 6896000000, "costOfRevenue": 3459000000, "grossProfit": 3437000000, "grossProfitRatio": 0.4984048724, "researchAndDevelopmentExpenses": 379000000, "generalAndAdministrativeExpenses": 1385000000, "sellingAndMarketingExpenses": 0, "sellingGeneralAndAdministrativeExpenses": 1385000000, "otherExpenses": 405000000, "operatingExpenses": 2169000000, "costAndExpenses": 5628000000, "interestIncome": 0, "interestExpense": 131000000, "depreciationAndAmortization": 405000000, "ebitda": 1903000000, "ebitdaratio": 0.2759570766, "operatingIncome": 1268000000, "operatingIncomeRatio": 0.18387471, "totalOtherIncomeExpensesNet": -230000000, "incomeBeforeTax": 946000000, "incomeBeforeTaxRatio": 0.1371809745, "incomeTaxExpense": 208000000, "netIncome": 740000000, "netIncomeRatio": 0.1073085847, "eps": 1.27, "epsdiluted": 1.25, "weightedAverageShsOut": 582677165, "weightedAverageShsOutDil": 592000000, "link": "https://www.sec.gov/Archives/edgar/data/10456/000095013101500106/0000950131-01-500106-index.htm", "finalLink": "https://www.sec.gov/Archives/edgar/data/10456/000095013101500106/d10k.txt", "calculatedOtherExpenses": 405000000, "calculatedOperatingExpenses": 2169000000, "calculatedNetInterest": -131000000, "calculatedOtherIncome": -191000000, "calculatedIncomeNonControlling": -2000000, "calculatedEbitda": 1673000000}, {"date": "1999-12-31", "symbol": "BAX", "reportedCurrency": "USD", "cik": "0000010456", "fillingDate": "2000-03-23", "acceptedDate": "2000-03-23 00:00:00", "calendarYear": "1999", "period": "FY", "revenue": 6380000000, "costOfRevenue": 3215000000, "grossProfit": 3165000000, "grossProfitRatio": 0.4960815047, "researchAndDevelopmentExpenses": 332000000, "generalAndAdministrativeExpenses": 1311000000, "sellingAndMarketingExpenses": 0, "sellingGeneralAndAdministrativeExpenses": 1311000000, "otherExpenses": 372000000, "operatingExpenses": 2015000000, "costAndExpenses": 5230000000, "interestIncome": 0, "interestExpense": 0, "depreciationAndAmortization": 372000000, "ebitda": 1503000000, "ebitdaratio": 0.2355799373, "operatingIncome": 1150000000, "operatingIncomeRatio": 0.1802507837, "totalOtherIncomeExpensesNet": 19000000, "incomeBeforeTax": 1052000000, "incomeBeforeTaxRatio": 0.1648902821, "incomeTaxExpense": 273000000, "netIncome": 797000000, "netIncomeRatio": 0.1249216301, "eps": 1.38, "epsdiluted": 1.35, "weightedAverageShsOut": 580000000, "weightedAverageShsOutDil": 590000000, "link": "https://www.sec.gov/Archives/edgar/data/10456/000095013100001927/0000950131-00-001927-index.html", "finalLink": "https://www.sec.gov/Archives/edgar/data/10456/000095013100001927/", "calculatedOtherExpenses": 372000000, "calculatedOperatingExpenses": 2015000000, "calculatedNetInterest": 0, "calculatedOtherIncome": -98000000, "calculatedIncomeNonControlling": -18000000, "calculatedEbitda": 1522000000}, {"date": "1998-12-31", "symbol": "BAX", "reportedCurrency": "USD", "cik": "0000010456", "fillingDate": "1999-03-19", "acceptedDate": "1999-03-19 00:00:00", "calendarYear": "1998", "period": "FY", "revenue": 6599000000, "costOfRevenue": 3249000000, "grossProfit": 3350000000, "grossProfitRatio": 0.5076526746, "researchAndDevelopmentExpenses": 379000000, "generalAndAdministrativeExpenses": 1426000000, "sellingAndMarketingExpenses": 0, "sellingGeneralAndAdministrativeExpenses": 1426000000, "otherExpenses": 426000000, "operatingExpenses": 2231000000, "costAndExpenses": 5480000000, "interestIncome": 0, "interestExpense": 193000000, "depreciationAndAmortization": 426000000, "ebitda": 1954000000, "ebitdaratio": 0.2961054705, "operatingIncome": 1119000000, "operatingIncomeRatio": 0.1695711471, "totalOtherIncomeExpensesNet": -409000000, "incomeBeforeTax": 549000000, "incomeBeforeTaxRatio": 0.0831944234, "incomeTaxExpense": 234000000, "netIncome": 315000000, "netIncomeRatio": 0.0477345052, "eps": 0.56, "epsdiluted": 0.55, "weightedAverageShsOut": 568000000, "weightedAverageShsOutDil": 578000000, "link": "https://www.sec.gov/Archives/edgar/data/10456/000095013199001586/0000950131-99-001586-index.html", "finalLink": "https://www.sec.gov/Archives/edgar/data/10456/", "calculatedOtherExpenses": 426000000, "calculatedOperatingExpenses": 2231000000, "calculatedNetInterest": -193000000, "calculatedOtherIncome": -377000000, "calculatedIncomeNonControlling": 0, "calculatedEbitda": 1545000000}, {"date": "1997-12-31", "symbol": "BAX", "reportedCurrency": "USD", "cik": "0000010456", "fillingDate": "1998-03-20", "acceptedDate": "1998-03-20 00:00:00", "calendarYear": "1997", "period": "FY", "revenue": 6138000000, "costOfRevenue": 2987000000, "grossProfit": 3151000000, "grossProfitRatio": 0.5133594005, "researchAndDevelopmentExpenses": 392000000, "generalAndAdministrativeExpenses": 1356000000, "sellingAndMarketingExpenses": 0, "sellingGeneralAndAdministrativeExpenses": 1356000000, "otherExpenses": 398000000, "operatingExpenses": 2146000000, "costAndExpenses": 5133000000, "interestIncome": 0, "interestExpense": 0, "depreciationAndAmortization": 398000000, "ebitda": 1722000000, "ebitdaratio": 0.2805474096, "operatingIncome": 1005000000, "operatingIncomeRatio": 0.1637341153, "totalOtherIncomeExpensesNet": -319000000, "incomeBeforeTax": 523000000, "incomeBeforeTaxRatio": 0.0852069078, "incomeTaxExpense": 223000000, "netIncome": 300000000, "netIncomeRatio": 0.0488758553, "eps": 0.54, "epsdiluted": 0.53, "weightedAverageShsOut": 556000000, "weightedAverageShsOutDil": 564000000, "link": "https://www.sec.gov/Archives/edgar/data/10456/000095013198001860/0000950131-98-001860-index.html", "finalLink": "https://www.sec.gov/Archives/edgar/data/10456/", "calculatedOtherExpenses": 398000000, "calculatedOperatingExpenses": 2146000000, "calculatedNetInterest": 0, "calculatedOtherIncome": -482000000, "calculatedIncomeNonControlling": 0, "calculatedEbitda": 1403000000}, {"date": "1996-12-31", "symbol": "BAX", "reportedCurrency": "USD", "cik": "0000010456", "fillingDate": "1997-03-19", "acceptedDate": "1997-03-19 00:00:00", "calendarYear": "1996", "period": "FY", "revenue": 5438000000, "costOfRevenue": 2697000000, "grossProfit": 2741000000, "grossProfitRatio": 0.504045605, "researchAndDevelopmentExpenses": 340000000, "generalAndAdministrativeExpenses": 1142000000, "sellingAndMarketingExpenses": 0, "sellingGeneralAndAdministrativeExpenses": 1142000000, "otherExpenses": 348000000, "operatingExpenses": 1830000000, "costAndExpenses": 4527000000, "interestIncome": 0, "interestExpense": 214000000, "depreciationAndAmortization": 348000000, "ebitda": 1207000000, "ebitdaratio": 0.2219566017, "operatingIncome": 911000000, "operatingIncomeRatio": 0.1675248253, "totalOtherIncomeExpensesNet": 52000000, "incomeBeforeTax": 793000000, "incomeBeforeTaxRatio": 0.1458256712, "incomeTaxExpense": 218000000, "netIncome": 669000000, "netIncomeRatio": 0.1230231703, "eps": 1.23, "epsdiluted": 1.23, "weightedAverageShsOut": 544000000, "weightedAverageShsOutDil": 1088000000, "link": "https://www.sec.gov/Archives/edgar/data/10456/000095013197001923/0000950131-97-001923-index.html", "finalLink": "https://www.sec.gov/Archives/edgar/data/10456/", "calculatedOtherExpenses": 348000000, "calculatedOperatingExpenses": 1830000000, "calculatedNetInterest": -214000000, "calculatedOtherIncome": 96000000, "calculatedIncomeNonControlling": -94000000, "calculatedEbitda": 1259000000}, {"date": "1995-12-31", "symbol": "BAX", "reportedCurrency": "USD", "cik": "0000010456", "fillingDate": "1996-03-22", "acceptedDate": "1996-03-22 00:00:00", "calendarYear": "1995", "period": "FY", "revenue": 5048000000, "costOfRevenue": 2469000000, "grossProfit": 2579000000, "grossProfitRatio": 0.5108954041, "researchAndDevelopmentExpenses": 345000000, "generalAndAdministrativeExpenses": 1084000000, "sellingAndMarketingExpenses": 0, "sellingGeneralAndAdministrativeExpenses": 1084000000, "otherExpenses": 336000000, "operatingExpenses": 1765000000, "costAndExpenses": 4234000000, "interestIncome": 0, "interestExpense": 214000000, "depreciationAndAmortization": 336000000, "ebitda": 1260000000, "ebitdaratio": 0.2496038035, "operatingIncome": 814000000, "operatingIncomeRatio": 0.161251981, "totalOtherIncomeExpensesNet": -110000000, "incomeBeforeTax": 524000000, "incomeBeforeTaxRatio": 0.1038034865, "incomeTaxExpense": 153000000, "netIncome": 649000000, "netIncomeRatio": 0.1285657686, "eps": 1.18, "epsdiluted": 1.18, "weightedAverageShsOut": 554000000, "weightedAverageShsOutDil": 556000000, "link": "https://www.sec.gov/Archives/edgar/data/10456/000091205796004966/0000912057-96-004966-index.html", "finalLink": "https://www.sec.gov/Archives/edgar/data/10456/", "calculatedOtherExpenses": 336000000, "calculatedOperatingExpenses": 1765000000, "calculatedNetInterest": -214000000, "calculatedOtherIncome": -76000000, "calculatedIncomeNonControlling": -278000000, "calculatedEbitda": 1150000000}, {"date": "1994-12-31", "symbol": "BAX", "reportedCurrency": "USD", "cik": "0000010456", "fillingDate": "1995-03-24", "acceptedDate": "1995-03-24 00:00:00", "calendarYear": "1994", "period": "FY", "revenue": 9324000000, "costOfRevenue": 5575000000, "grossProfit": 3749000000, "grossProfitRatio": 0.4020806521, "researchAndDevelopmentExpenses": 343000000, "generalAndAdministrativeExpenses": 1859000000, "sellingAndMarketingExpenses": 0, "sellingGeneralAndAdministrativeExpenses": 1859000000, "otherExpenses": 524000000, "operatingExpenses": 2726000000, "costAndExpenses": 8301000000, "interestIncome": 0, "interestExpense": 237000000, "depreciationAndAmortization": 524000000, "ebitda": 1576000000, "ebitdaratio": 0.169026169, "operatingIncome": 1023000000, "operatingIncomeRatio": 0.1097168597, "totalOtherIncomeExpensesNet": -29000000, "incomeBeforeTax": 801000000, "incomeBeforeTaxRatio": 0.0859073359, "incomeTaxExpense": 205000000, "netIncome": 596000000, "netIncomeRatio": 0.0639210639, "eps": 1.07, "epsdiluted": 1.07, "weightedAverageShsOut": 560000000, "weightedAverageShsOutDil": 560000000, "link": "https://www.sec.gov/Archives/edgar/data/10456/000095013195000701/0000950131-95-000701-index.html", "finalLink": "https://www.sec.gov/Archives/edgar/data/10456/", "calculatedOtherExpenses": 524000000, "calculatedOperatingExpenses": 2726000000, "calculatedNetInterest": -237000000, "calculatedOtherIncome": 15000000, "calculatedIncomeNonControlling": 0, "calculatedEbitda": 1547000000}, {"date": "1993-12-31", "symbol": "BAX", "reportedCurrency": "USD", "cik": "0000010456", "fillingDate": "1994-03-21", "acceptedDate": "1994-03-21 00:00:00", "calendarYear": "1993", "period": "FY", "revenue": 8879000000, "costOfRevenue": 5163000000, "grossProfit": 3716000000, "grossProfitRatio": 0.4185155986, "researchAndDevelopmentExpenses": 0, "generalAndAdministrativeExpenses": 2983000000, "sellingAndMarketingExpenses": 0, "sellingGeneralAndAdministrativeExpenses": 2983000000, "otherExpenses": 494000000, "operatingExpenses": 3477000000, "costAndExpenses": 8640000000, "interestIncome": 0, "interestExpense": 222000000, "depreciationAndAmortization": 494000000, "ebitda": 1080000000, "ebitdaratio": 0.1216353193, "operatingIncome": 239000000, "operatingIncomeRatio": 0.0269174457, "totalOtherIncomeExpensesNet": -347000000, "incomeBeforeTax": -330000000, "incomeBeforeTaxRatio": -0.0371663476, "incomeTaxExpense": -62000000, "netIncome": -198000000, "netIncomeRatio": -0.0222998085, "eps": -0.36, "epsdiluted": -0.36, "weightedAverageShsOut": 554000000, "weightedAverageShsOutDil": 554000000, "link": "https://www.sec.gov/Archives/edgar/data/10456/000091205794000982/0000912057-94-000982-index.html", "finalLink": "https://www.sec.gov/Archives/edgar/data/10456/", "calculatedOtherExpenses": 494000000, "calculatedOperatingExpenses": 3477000000, "calculatedNetInterest": -222000000, "calculatedOtherIncome": -347000000, "calculatedIncomeNonControlling": -70000000, "calculatedEbitda": 733000000}, {"date": "1992-12-31", "symbol": "BAX", "reportedCurrency": "USD", "cik": "0000010456", "fillingDate": "1992-12-31", "acceptedDate": "1992-12-30 19:00:00", "calendarYear": "1992", "period": "FY", "revenue": 8471000000, "costOfRevenue": 4783000000, "grossProfit": 3688000000, "grossProfitRatio": 0.4353677252, "researchAndDevelopmentExpenses": 0, "generalAndAdministrativeExpenses": 2196000000, "sellingAndMarketingExpenses": 0, "sellingGeneralAndAdministrativeExpenses": 2196000000, "otherExpenses": 447000000, "operatingExpenses": 2643000000, "costAndExpenses": 7426000000, "interestIncome": 0, "interestExpense": 211000000, "depreciationAndAmortization": 447000000, "ebitda": 1573000000, "ebitdaratio": 0.1856923622, "operatingIncome": 1045000000, "operatingIncomeRatio": 0.1233620588, "totalOtherIncomeExpensesNet": -81000000, "incomeBeforeTax": 753000000, "incomeBeforeTaxRatio": 0.0888915122, "incomeTaxExpense": 192000000, "netIncome": 441000000, "netIncomeRatio": 0.0520599693, "eps": 0.78, "epsdiluted": 0.77, "weightedAverageShsOut": 558974359, "weightedAverageShsOutDil": 566233766, "link": "", "finalLink": "", "calculatedOtherExpenses": 447000000, "calculatedOperatingExpenses": 2643000000, "calculatedNetInterest": -211000000, "calculatedOtherIncome": -81000000, "calculatedIncomeNonControlling": 120000000, "calculatedEbitda": 1492000000}, {"date": "1991-12-31", "symbol": "BAX", "reportedCurrency": "USD", "cik": "0000010456", "fillingDate": "1991-12-31", "acceptedDate": "1991-12-30 19:00:00", "calendarYear": "1991", "period": "FY", "revenue": 8921000000, "costOfRevenue": 5224000000, "grossProfit": 3697000000, "grossProfitRatio": 0.4144154243, "researchAndDevelopmentExpenses": 0, "generalAndAdministrativeExpenses": 2182000000, "sellingAndMarketingExpenses": 0, "sellingGeneralAndAdministrativeExpenses": 2182000000, "otherExpenses": 427000000, "operatingExpenses": 2609000000, "costAndExpenses": 7833000000, "interestIncome": 0, "interestExpense": 222000000, "depreciationAndAmortization": 427000000, "ebitda": 1576000000, "ebitdaratio": 0.1766618092, "operatingIncome": 1088000000, "operatingIncomeRatio": 0.1219594216, "totalOtherIncomeExpensesNet": -61000000, "incomeBeforeTax": 805000000, "incomeBeforeTaxRatio": 0.0902365206, "incomeTaxExpense": 214000000, "netIncome": 591000000, "netIncomeRatio": 0.0662481785, "eps": 1.01, "epsdiluted": 1, "weightedAverageShsOut": 559605911, "weightedAverageShsOutDil": 568000000, "link": "", "finalLink": "", "calculatedOtherExpenses": 427000000, "calculatedOperatingExpenses": 2609000000, "calculatedNetInterest": -222000000, "calculatedOtherIncome": -61000000, "calculatedIncomeNonControlling": 0, "calculatedEbitda": 1515000000}, {"date": "1990-12-31", "symbol": "BAX", "reportedCurrency": "USD", "cik": "0000010456", "fillingDate": "1990-12-31", "acceptedDate": "1990-12-30 19:00:00", "calendarYear": "1990", "period": "FY", "revenue": 8100000000, "costOfRevenue": 4814000000, "grossProfit": 3286000000, "grossProfitRatio": 0.4056790123, "researchAndDevelopmentExpenses": 0, "generalAndAdministrativeExpenses": 2541000000, "sellingAndMarketingExpenses": 0, "sellingGeneralAndAdministrativeExpenses": 2541000000, "otherExpenses": 383000000, "operatingExpenses": 2924000000, "costAndExpenses": 7738000000, "interestIncome": 0, "interestExpense": 259000000, "depreciationAndAmortization": 383000000, "ebitda": 743000000, "ebitdaratio": 0.0917283951, "operatingIncome": 362000000, "operatingIncomeRatio": 0.044691358, "totalOtherIncomeExpensesNet": 2000000, "incomeBeforeTax": 105000000, "incomeBeforeTaxRatio": 0.012962963, "incomeTaxExpense": 65000000, "netIncome": 40000000, "netIncomeRatio": 0.0049382716, "eps": -0.025, "epsdiluted": -0.025, "weightedAverageShsOut": 480000000, "weightedAverageShsOutDil": 480000000, "link": "", "finalLink": "", "calculatedOtherExpenses": 383000000, "calculatedOperatingExpenses": 2924000000, "calculatedNetInterest": -259000000, "calculatedOtherIncome": 2000000, "calculatedIncomeNonControlling": 0, "calculatedEbitda": 745000000}, {"date": "1989-12-31", "symbol": "BAX", "reportedCurrency": "USD", "cik": "0000010456", "fillingDate": "1989-12-31", "acceptedDate": "1989-12-30 19:00:00", "calendarYear": "1989", "period": "FY", "revenue": 7399000000, "costOfRevenue": 4386000000, "grossProfit": 3013000000, "grossProfitRatio": 0.4072171915, "researchAndDevelopmentExpenses": 0, "generalAndAdministrativeExpenses": 1811000000, "sellingAndMarketingExpenses": 0, "sellingGeneralAndAdministrativeExpenses": 1811000000, "otherExpenses": 368000000, "operatingExpenses": 2179000000, "costAndExpenses": 6565000000, "interestIncome": 0, "interestExpense": 284000000, "depreciationAndAmortization": 368000000, "ebitda": 1115000000, "ebitdaratio": 0.15069604, "operatingIncome": 834000000, "operatingIncomeRatio": 0.1127179349, "totalOtherIncomeExpensesNet": 87000000, "incomeBeforeTax": 637000000, "incomeBeforeTaxRatio": 0.0860927152, "incomeTaxExpense": 191000000, "netIncome": 446000000, "netIncomeRatio": 0.060278416, "eps": 0.75, "epsdiluted": 0.75, "weightedAverageShsOut": 512000000, "weightedAverageShsOutDil": 515436242, "link": "", "finalLink": "", "calculatedOtherExpenses": 368000000, "calculatedOperatingExpenses": 2179000000, "calculatedNetInterest": -284000000, "calculatedOtherIncome": 87000000, "calculatedIncomeNonControlling": 0, "calculatedEbitda": 1202000000}, {"date": "1988-12-31", "symbol": "BAX", "reportedCurrency": "USD", "cik": "0000010456", "fillingDate": "1988-12-31", "acceptedDate": "1988-12-30 19:00:00", "calendarYear": "1988", "period": "FY", "revenue": 6861000000, "costOfRevenue": 4032000000, "grossProfit": 2829000000, "grossProfitRatio": 0.4123305641, "researchAndDevelopmentExpenses": 0, "generalAndAdministrativeExpenses": 1749000000, "sellingAndMarketingExpenses": 0, "sellingGeneralAndAdministrativeExpenses": 1749000000, "otherExpenses": 335000000, "operatingExpenses": 2084000000, "costAndExpenses": 6116000000, "interestIncome": 0, "interestExpense": 242000000, "depreciationAndAmortization": 335000000, "ebitda": 1065000000, "ebitdaratio": 0.1552251858, "operatingIncome": 745000000, "operatingIncomeRatio": 0.1085847544, "totalOtherIncomeExpensesNet": 15000000, "incomeBeforeTax": 518000000, "incomeBeforeTaxRatio": 0.0754991984, "incomeTaxExpense": 130000000, "netIncome": 388000000, "netIncomeRatio": 0.0565515231, "eps": 0.66, "epsdiluted": 0.65, "weightedAverageShsOut": 496183206, "weightedAverageShsOutDil": 500000000, "link": "", "finalLink": "", "calculatedOtherExpenses": 335000000, "calculatedOperatingExpenses": 2084000000, "calculatedNetInterest": -242000000, "calculatedOtherIncome": 15000000, "calculatedIncomeNonControlling": 0, "calculatedEbitda": 1080000000}, {"date": "1987-12-31", "symbol": "BAX", "reportedCurrency": "USD", "cik": "0000010456", "fillingDate": "1987-12-31", "acceptedDate": "1987-12-30 19:00:00", "calendarYear": "1987", "period": "FY", "revenue": 6223000000, "costOfRevenue": 3667000000, "grossProfit": 2556000000, "grossProfitRatio": 0.4107343725, "researchAndDevelopmentExpenses": 0, "generalAndAdministrativeExpenses": 1550000000, "sellingAndMarketingExpenses": 0, "sellingGeneralAndAdministrativeExpenses": 1550000000, "otherExpenses": 314000000, "operatingExpenses": 1864000000, "costAndExpenses": 5531000000, "interestIncome": 0, "interestExpense": 0, "depreciationAndAmortization": 314000000, "ebitda": 1041000000, "ebitdaratio": 0.1672826611, "operatingIncome": 692000000, "operatingIncomeRatio": 0.1112003857, "totalOtherIncomeExpensesNet": -35000000, "incomeBeforeTax": 446000000, "incomeBeforeTaxRatio": 0.0716696127, "incomeTaxExpense": 123000000, "netIncome": 323000000, "netIncomeRatio": 0.0519042263, "eps": 0.55, "epsdiluted": 0.55, "weightedAverageShsOut": 478181818, "weightedAverageShsOutDil": 482568807, "link": "", "finalLink": "", "calculatedOtherExpenses": 314000000, "calculatedOperatingExpenses": 1864000000, "calculatedNetInterest": 0, "calculatedOtherIncome": -246000000, "calculatedIncomeNonControlling": 0, "calculatedEbitda": 1006000000}, {"date": "1986-12-31", "symbol": "BAX", "reportedCurrency": "USD", "cik": "0000010456", "fillingDate": "1986-12-31", "acceptedDate": "1986-12-30 19:00:00", "calendarYear": "1986", "period": "FY", "revenue": 5543000000, "costOfRevenue": 3241000000, "grossProfit": 2302000000, "grossProfitRatio": 0.4152985748, "researchAndDevelopmentExpenses": 0, "generalAndAdministrativeExpenses": 1534000000, "sellingAndMarketingExpenses": 0, "sellingGeneralAndAdministrativeExpenses": 1534000000, "otherExpenses": 285000000, "operatingExpenses": 1819000000, "costAndExpenses": 5060000000, "interestIncome": 0, "interestExpense": 226000000, "depreciationAndAmortization": 285000000, "ebitda": 765000000, "ebitdaratio": 0.1380119069, "operatingIncome": 483000000, "operatingIncomeRatio": 0.0871369295, "totalOtherIncomeExpensesNet": 3000000, "incomeBeforeTax": 260000000, "incomeBeforeTaxRatio": 0.0469060076, "incomeTaxExpense": 79000000, "netIncome": 219000000, "netIncomeRatio": 0.039509291, "eps": 0.4, "epsdiluted": 0.4, "weightedAverageShsOut": 498734177, "weightedAverageShsOutDil": 498734177, "link": "", "finalLink": "", "calculatedOtherExpenses": 285000000, "calculatedOperatingExpenses": 1819000000, "calculatedNetInterest": -226000000, "calculatedOtherIncome": 3000000, "calculatedIncomeNonControlling": -38000000, "calculatedEbitda": 768000000}, {"date": "1985-12-31", "symbol": "BAX", "reportedCurrency": "USD", "cik": "0000010456", "fillingDate": "1985-12-31", "acceptedDate": "1985-12-30 19:00:00", "calendarYear": "1985", "period": "FY", "revenue": 2355000000, "costOfRevenue": 1299000000, "grossProfit": 1056000000, "grossProfitRatio": 0.4484076433, "researchAndDevelopmentExpenses": 0, "generalAndAdministrativeExpenses": 657000000, "sellingAndMarketingExpenses": 0, "sellingGeneralAndAdministrativeExpenses": 657000000, "otherExpenses": 134000000, "operatingExpenses": 791000000, "costAndExpenses": 2090000000, "interestIncome": 0, "interestExpense": 74000000, "depreciationAndAmortization": 134000000, "ebitda": 421000000, "ebitdaratio": 0.1787685775, "operatingIncome": 265000000, "operatingIncomeRatio": 0.1125265393, "totalOtherIncomeExpensesNet": -22000000, "incomeBeforeTax": 169000000, "incomeBeforeTaxRatio": 0.0717622081, "incomeTaxExpense": 32000000, "netIncome": 137000000, "netIncomeRatio": 0.0581740977, "eps": 0.43, "epsdiluted": 0.42, "weightedAverageShsOut": 305882353, "weightedAverageShsOutDil": 313253012, "link": "", "finalLink": "", "calculatedOtherExpenses": 134000000, "calculatedOperatingExpenses": 791000000, "calculatedNetInterest": -74000000, "calculatedOtherIncome": -22000000, "calculatedIncomeNonControlling": 0, "calculatedEbitda": 399000000}]}