{"originalCurrency": "USD", "convertedCurrency": "USD", "report": [{"date": "2023-12-31", "symbol": "BCC", "reportedCurrency": "USD", "cik": "0001328581", "fillingDate": "2024-02-20", "acceptedDate": "2024-02-20 16:24:09", "calendarYear": "2023", "period": "FY", "revenue": 6838245000, "costOfRevenue": 5409311000, "grossProfit": 1428934000, "grossProfitRatio": 0.2089620948, "researchAndDevelopmentExpenses": 0, "generalAndAdministrativeExpenses": 114597000, "sellingAndMarketingExpenses": 559503000, "sellingGeneralAndAdministrativeExpenses": 674100000, "otherExpenses": 0, "operatingExpenses": 804711000, "costAndExpenses": 6214022000, "interestIncome": 48106000, "interestExpense": 25496000, "depreciationAndAmortization": 135414000, "ebitda": 807743000, "ebitdaratio": 0.1181213893, "operatingIncome": 624386000, "operatingIncomeRatio": 0.0913079306, "totalOtherIncomeExpensesNet": -1784000, "incomeBeforeTax": 645049000, "incomeBeforeTaxRatio": 0.0943296123, "incomeTaxExpense": 161393000, "netIncome": 483656000, "netIncomeRatio": 0.0707280889, "eps": 12.2, "epsdiluted": 12.12, "weightedAverageShsOut": 39649000, "weightedAverageShsOutDil": 39901000, "link": "https://www.sec.gov/Archives/edgar/data/1328581/000132858124000018/0001328581-24-000018-index.htm", "finalLink": "https://www.sec.gov/Archives/edgar/data/1328581/000132858124000018/bcc-20231231.htm", "calculatedOtherExpenses": 130448000, "calculatedOperatingExpenses": 804548000, "calculatedNetInterest": 22610000, "calculatedOtherIncome": -1947000, "calculatedIncomeNonControlling": 0, "calculatedEbitda": 759800000}, {"date": "2022-12-31", "symbol": "BCC", "reportedCurrency": "USD", "cik": "0001328581", "fillingDate": "2023-02-21", "acceptedDate": "2023-02-21 17:12:57", "calendarYear": "2022", "period": "FY", "revenue": 8387307000, "costOfRevenue": 6472540000, "grossProfit": 1914767000, "grossProfitRatio": 0.22829342, "researchAndDevelopmentExpenses": 0, "generalAndAdministrativeExpenses": 104044000, "sellingAndMarketingExpenses": 553251000, "sellingGeneralAndAdministrativeExpenses": 657295000, "otherExpenses": 99917000, "operatingExpenses": 757212000, "costAndExpenses": 7229752000, "interestIncome": 12263000, "interestExpense": 25412000, "depreciationAndAmortization": 115848000, "ebitda": 1273697000, "ebitdaratio": 0.1518600666, "operatingIncome": 1157849000, "operatingIncomeRatio": 0.1380477667, "totalOtherIncomeExpensesNet": -11468000, "incomeBeforeTax": 1146381000, "incomeBeforeTaxRatio": 0.1366804625, "incomeTaxExpense": 288723000, "netIncome": 857658000, "netIncomeRatio": 0.10225666, "eps": 21.7, "epsdiluted": 21.56, "weightedAverageShsOut": 39526000, "weightedAverageShsOutDil": 39772000, "link": "https://www.sec.gov/Archives/edgar/data/1328581/000132858123000020/0001328581-23-000020-index.htm", "finalLink": "https://www.sec.gov/Archives/edgar/data/1328581/000132858123000020/bcc-20221231.htm", "calculatedOtherExpenses": 99623000, "calculatedOperatingExpenses": 756918000, "calculatedNetInterest": -13149000, "calculatedOtherIncome": 1681000, "calculatedIncomeNonControlling": 0, "calculatedEbitda": 1273697000}, {"date": "2021-12-31", "symbol": "BCC", "reportedCurrency": "USD", "cik": "0001328581", "fillingDate": "2022-02-22", "acceptedDate": "2022-02-22 16:20:53", "calendarYear": "2021", "period": "FY", "revenue": 7926111000, "costOfRevenue": 6300076000, "grossProfit": 1626035000, "grossProfitRatio": 0.2051491583, "researchAndDevelopmentExpenses": 0, "generalAndAdministrativeExpenses": 83304000, "sellingAndMarketingExpenses": 491016000, "sellingGeneralAndAdministrativeExpenses": 574320000, "otherExpenses": 79988000, "operatingExpenses": 654308000, "costAndExpenses": 6954384000, "interestIncome": 195000, "interestExpense": 24806000, "depreciationAndAmortization": 82608000, "ebitda": 1054411000, "ebitdaratio": 0.1330300572, "operatingIncome": 971803000, "operatingIncomeRatio": 0.1226077959, "totalOtherIncomeExpensesNet": -22952000, "incomeBeforeTax": 948851000, "incomeBeforeTaxRatio": 0.1197120505, "incomeTaxExpense": 236365000, "netIncome": 712486000, "netIncomeRatio": 0.0898909945, "eps": 18.07, "epsdiluted": 17.97, "weightedAverageShsOut": 39420000, "weightedAverageShsOutDil": 39646000, "link": "https://www.sec.gov/Archives/edgar/data/1328581/000132858122000017/0001328581-22-000017-index.htm", "finalLink": "https://www.sec.gov/Archives/edgar/data/1328581/000132858122000017/bcc-20211231.htm", "calculatedOtherExpenses": 79912000, "calculatedOperatingExpenses": 654232000, "calculatedNetInterest": -24611000, "calculatedOtherIncome": 1659000, "calculatedIncomeNonControlling": 0, "calculatedEbitda": 1054411000}, {"date": "2020-12-31", "symbol": "BCC", "reportedCurrency": "USD", "cik": "0001328581", "fillingDate": "2021-02-22", "acceptedDate": "2021-02-22 16:17:35", "calendarYear": "2020", "period": "FY", "revenue": 5474838000, "costOfRevenue": 4536051000, "grossProfit": 938787000, "grossProfitRatio": 0.1714730189, "researchAndDevelopmentExpenses": 0, "generalAndAdministrativeExpenses": 86093000, "sellingAndMarketingExpenses": 428279000, "sellingGeneralAndAdministrativeExpenses": 514372000, "otherExpenses": 95136000, "operatingExpenses": 609508000, "costAndExpenses": 5145559000, "interestIncome": 999000, "interestExpense": 26223000, "depreciationAndAmortization": 92380000, "ebitda": 427409000, "ebitdaratio": 0.0780678807, "operatingIncome": 335029000, "operatingIncomeRatio": 0.0611943221, "totalOtherIncomeExpensesNet": -48718000, "incomeBeforeTax": 286311000, "incomeBeforeTaxRatio": 0.052295794, "incomeTaxExpense": 111332000, "netIncome": 174979000, "netIncomeRatio": 0.0319605804, "eps": 4.46, "epsdiluted": 4.44, "weightedAverageShsOut": 39277000, "weightedAverageShsOutDil": 39431000, "link": "https://www.sec.gov/Archives/edgar/data/1328581/000132858121000011/0001328581-21-000011-index.htm", "finalLink": "https://www.sec.gov/Archives/edgar/data/1328581/000132858121000011/bcc-20201231.htm", "calculatedOtherExpenses": 89386000, "calculatedOperatingExpenses": 603758000, "calculatedNetInterest": -25224000, "calculatedOtherIncome": -23494000, "calculatedIncomeNonControlling": 0, "calculatedEbitda": 427409000}, {"date": "2019-12-31", "symbol": "BCC", "reportedCurrency": "USD", "cik": "0001328581", "fillingDate": "2020-02-24", "acceptedDate": "2020-02-24 17:02:01", "calendarYear": "2019", "period": "FY", "revenue": 4643404000, "costOfRevenue": 3965776000, "grossProfit": 677628000, "grossProfitRatio": 0.1459334574, "researchAndDevelopmentExpenses": 0, "generalAndAdministrativeExpenses": 73546000, "sellingAndMarketingExpenses": 390739000, "sellingGeneralAndAdministrativeExpenses": 464285000, "otherExpenses": 79358000, "operatingExpenses": 543643000, "costAndExpenses": 4509419000, "interestIncome": 2811000, "interestExpense": 26051000, "depreciationAndAmortization": 82714000, "ebitda": 219173000, "ebitdaratio": 0.0472009328, "operatingIncome": 136459000, "operatingIncomeRatio": 0.0293877078, "totalOtherIncomeExpensesNet": -28228000, "incomeBeforeTax": 108231000, "incomeBeforeTaxRatio": 0.0233085469, "incomeTaxExpense": 27306000, "netIncome": 80925000, "netIncomeRatio": 0.0174279473, "eps": 2.07, "epsdiluted": 2.06, "weightedAverageShsOut": 39039000, "weightedAverageShsOutDil": 39242000, "link": "https://www.sec.gov/Archives/edgar/data/1328581/000132858120000024/0001328581-20-000024-index.htm", "finalLink": "https://www.sec.gov/Archives/edgar/data/1328581/000132858120000024/bcc1231201910-k.htm", "calculatedOtherExpenses": 76884000, "calculatedOperatingExpenses": 541169000, "calculatedNetInterest": -23240000, "calculatedOtherIncome": -4988000, "calculatedIncomeNonControlling": 0, "calculatedEbitda": 219173000}, {"date": "2018-12-31", "symbol": "BCC", "reportedCurrency": "USD", "cik": "0001328581", "fillingDate": "2019-02-26", "acceptedDate": "2019-02-25 18:39:09", "calendarYear": "2018", "period": "FY", "revenue": 4995290000, "costOfRevenue": 4307594000, "grossProfit": 687696000, "grossProfitRatio": 0.1376688841, "researchAndDevelopmentExpenses": 0, "generalAndAdministrativeExpenses": 93810000, "sellingAndMarketingExpenses": 363138000, "sellingGeneralAndAdministrativeExpenses": 456948000, "otherExpenses": -24999000, "operatingExpenses": 602343000, "costAndExpenses": 4909937000, "interestIncome": 1649000, "interestExpense": 26193000, "depreciationAndAmortization": 148937000, "ebitda": 235939000, "ebitdaratio": 0.0472322928, "operatingIncome": 72038000, "operatingIncomeRatio": 0.0144211848, "totalOtherIncomeExpensesNet": -38707000, "incomeBeforeTax": 22102000, "incomeBeforeTaxRatio": 0.0044245679, "incomeTaxExpense": 1625000, "netIncome": 20477000, "netIncomeRatio": 0.0040992615, "eps": 0.53, "epsdiluted": 0.52, "weightedAverageShsOut": 38932000, "weightedAverageShsOutDil": 39387000, "link": "https://www.sec.gov/Archives/edgar/data/1328581/000132858119000025/0001328581-19-000025-index.htm", "finalLink": "https://www.sec.gov/Archives/edgar/data/1328581/000132858119000025/bcc1231201810-k.htm", "calculatedOtherExpenses": 158710000, "calculatedOperatingExpenses": 615658000, "calculatedNetInterest": -24544000, "calculatedOtherIncome": -25392000, "calculatedIncomeNonControlling": 0, "calculatedEbitda": 220975000}, {"date": "2017-12-31", "symbol": "BCC", "reportedCurrency": "USD", "cik": "0001328581", "fillingDate": "2018-02-26", "acceptedDate": "2018-02-23 17:51:52", "calendarYear": "2017", "period": "FY", "revenue": 4431991000, "costOfRevenue": 3819659000, "grossProfit": 612332000, "grossProfitRatio": 0.1381618329, "researchAndDevelopmentExpenses": 0, "generalAndAdministrativeExpenses": 63068000, "sellingAndMarketingExpenses": 327355000, "sellingGeneralAndAdministrativeExpenses": 390423000, "otherExpenses": 80756000, "operatingExpenses": 471179000, "costAndExpenses": 4290838000, "interestIncome": 547000, "interestExpense": 25370000, "depreciationAndAmortization": 82321000, "ebitda": 224021000, "ebitdaratio": 0.0505463572, "operatingIncome": 141153000, "operatingIncomeRatio": 0.0318486658, "totalOtherIncomeExpensesNet": 1258000, "incomeBeforeTax": 117588000, "incomeBeforeTaxRatio": 0.0265316423, "incomeTaxExpense": 34631000, "netIncome": 82957000, "netIncomeRatio": 0.0187177727, "eps": 2.15, "epsdiluted": 2.12, "weightedAverageShsOut": 38623000, "weightedAverageShsOutDil": 39074000, "link": "https://www.sec.gov/Archives/edgar/data/1328581/000132858118000012/0001328581-18-000012-index.htm", "finalLink": "https://www.sec.gov/Archives/edgar/data/1328581/000132858118000012/bcc1231201710-k.htm", "calculatedOtherExpenses": 80756000, "calculatedOperatingExpenses": 471179000, "calculatedNetInterest": -24823000, "calculatedOtherIncome": 1258000, "calculatedIncomeNonControlling": 0, "calculatedEbitda": 223474000}, {"date": "2016-12-31", "symbol": "BCC", "reportedCurrency": "USD", "cik": "0001328581", "fillingDate": "2017-02-24", "acceptedDate": "2017-02-23 18:42:32", "calendarYear": "2016", "period": "FY", "revenue": 3911215000, "costOfRevenue": 3398433000, "grossProfit": 512782000, "grossProfitRatio": 0.1311055516, "researchAndDevelopmentExpenses": 0, "generalAndAdministrativeExpenses": 60585000, "sellingAndMarketingExpenses": 300797000, "sellingGeneralAndAdministrativeExpenses": 361382000, "otherExpenses": 71822000, "operatingExpenses": 433204000, "costAndExpenses": 3831637000, "interestIncome": 390000, "interestExpense": 26692000, "depreciationAndAmortization": 74927000, "ebitda": 154895000, "ebitdaratio": 0.0396027833, "operatingIncome": 79578000, "operatingIncomeRatio": 0.0203461073, "totalOtherIncomeExpensesNet": -9975000, "incomeBeforeTax": 43301000, "incomeBeforeTaxRatio": 0.0110709843, "incomeTaxExpense": 5047000, "netIncome": 38254000, "netIncomeRatio": 0.0097805925, "eps": 0.99, "epsdiluted": 0.98, "weightedAverageShsOut": 38761000, "weightedAverageShsOutDil": 38925000, "link": "https://www.sec.gov/Archives/edgar/data/1328581/000132858117000012/0001328581-17-000012-index.htm", "finalLink": "https://www.sec.gov/Archives/edgar/data/1328581/000132858117000012/bcc1231201610-k.htm", "calculatedOtherExpenses": 71822000, "calculatedOperatingExpenses": 433204000, "calculatedNetInterest": -26302000, "calculatedOtherIncome": -9975000, "calculatedIncomeNonControlling": 0, "calculatedEbitda": 154505000}, {"date": "2015-12-31", "symbol": "BCC", "reportedCurrency": "USD", "cik": "0001328581", "fillingDate": "2016-02-25", "acceptedDate": "2016-02-24 17:55:27", "calendarYear": "2015", "period": "FY", "revenue": 3633415000, "costOfRevenue": 3153520000, "grossProfit": 479895000, "grossProfitRatio": 0.1320782239, "researchAndDevelopmentExpenses": 0, "generalAndAdministrativeExpenses": 49425000, "sellingAndMarketingExpenses": 273308000, "sellingGeneralAndAdministrativeExpenses": 322733000, "otherExpenses": 53973000, "operatingExpenses": 376706000, "costAndExpenses": 3530226000, "interestIncome": 323000, "interestExpense": 22532000, "depreciationAndAmortization": 57197000, "ebitda": 160709000, "ebitdaratio": 0.0442308407, "operatingIncome": 103189000, "operatingIncomeRatio": 0.0284000039, "totalOtherIncomeExpensesNet": -298000, "incomeBeforeTax": 80682000, "incomeBeforeTaxRatio": 0.0222055559, "incomeTaxExpense": 28500000, "netIncome": 52182000, "netIncomeRatio": 0.0143616955, "eps": 1.33, "epsdiluted": 1.33, "weightedAverageShsOut": 39239000, "weightedAverageShsOutDil": 39355000, "link": "https://www.sec.gov/Archives/edgar/data/1328581/000132858116000155/0001328581-16-000155-index.htm", "finalLink": "https://www.sec.gov/Archives/edgar/data/1328581/000132858116000155/bcc1231201510-k.htm", "calculatedOtherExpenses": 53973000, "calculatedOperatingExpenses": 376706000, "calculatedNetInterest": -22209000, "calculatedOtherIncome": -298000, "calculatedIncomeNonControlling": 0, "calculatedEbitda": 160386000}, {"date": "2014-12-31", "symbol": "BCC", "reportedCurrency": "USD", "cik": "0001328581", "fillingDate": "2015-02-25", "acceptedDate": "2015-02-25 16:23:13", "calendarYear": "2014", "period": "FY", "revenue": 3573732000, "costOfRevenue": 3065671000, "grossProfit": 508061000, "grossProfitRatio": 0.142165389, "researchAndDevelopmentExpenses": 0, "generalAndAdministrativeExpenses": 48489000, "sellingAndMarketingExpenses": 264173000, "sellingGeneralAndAdministrativeExpenses": 312662000, "otherExpenses": 49850000, "operatingExpenses": 362512000, "costAndExpenses": 3428183000, "interestIncome": 237000, "interestExpense": 22049000, "depreciationAndAmortization": 53052000, "ebitda": 198838000, "ebitdaratio": 0.0556387552, "operatingIncome": 145549000, "operatingIncomeRatio": 0.0407274524, "totalOtherIncomeExpensesNet": -432000, "incomeBeforeTax": 123305000, "incomeBeforeTaxRatio": 0.0345031469, "incomeTaxExpense": 43296000, "netIncome": 80009000, "netIncomeRatio": 0.0223880806, "eps": 2.03, "epsdiluted": 2.03, "weightedAverageShsOut": 39412000, "weightedAverageShsOutDil": 39492000, "link": "https://www.sec.gov/Archives/edgar/data/1328581/000132858115000032/0001328581-15-000032-index.htm", "finalLink": "https://www.sec.gov/Archives/edgar/data/1328581/000132858115000032/bcc1231201410-k.htm", "calculatedOtherExpenses": 49850000, "calculatedOperatingExpenses": 362512000, "calculatedNetInterest": -21812000, "calculatedOtherIncome": -432000, "calculatedIncomeNonControlling": 0, "calculatedEbitda": 198601000}, {"date": "2013-12-31", "symbol": "BCC", "reportedCurrency": "USD", "cik": "0001328581", "fillingDate": "2014-02-28", "acceptedDate": "2014-02-28 10:39:57", "calendarYear": "2013", "period": "FY", "revenue": 3273496000, "costOfRevenue": 2846614000, "grossProfit": 426882000, "grossProfitRatio": 0.1304055359, "researchAndDevelopmentExpenses": 0, "generalAndAdministrativeExpenses": 45489000, "sellingAndMarketingExpenses": 245283000, "sellingGeneralAndAdministrativeExpenses": 290772000, "otherExpenses": 37353000, "operatingExpenses": 328125000, "costAndExpenses": 3174739000, "interestIncome": 241000, "interestExpense": 20426000, "depreciationAndAmortization": 39810000, "ebitda": 138808000, "ebitdaratio": 0.0424035954, "operatingIncome": 98757000, "operatingIncomeRatio": 0.0301686637, "totalOtherIncomeExpensesNet": -424000, "incomeBeforeTax": 78148000, "incomeBeforeTaxRatio": 0.0238729481, "incomeTaxExpense": -38788000, "netIncome": 116936000, "netIncomeRatio": 0.0357220537, "eps": 2.91, "epsdiluted": 2.91, "weightedAverageShsOut": 40203000, "weightedAverageShsOutDil": 40226000, "link": "https://www.sec.gov/Archives/edgar/data/1328581/000132858114000010/0001328581-14-000010-index.htm", "finalLink": "https://www.sec.gov/Archives/edgar/data/1328581/000132858114000010/bcc1231201310-k.htm", "calculatedOtherExpenses": 37353000, "calculatedOperatingExpenses": 328125000, "calculatedNetInterest": -20185000, "calculatedOtherIncome": -424000, "calculatedIncomeNonControlling": 0, "calculatedEbitda": 138567000}, {"date": "2012-12-31", "symbol": "BCC", "reportedCurrency": "USD", "cik": "0001328581", "fillingDate": "2013-03-07", "acceptedDate": "2013-03-07 09:03:06", "calendarYear": "2012", "period": "FY", "revenue": 2779062000, "costOfRevenue": 2403445000, "grossProfit": 375617000, "grossProfitRatio": 0.135159633, "researchAndDevelopmentExpenses": 0, "generalAndAdministrativeExpenses": 43122000, "sellingAndMarketingExpenses": 235055000, "sellingGeneralAndAdministrativeExpenses": 278177000, "otherExpenses": 34309000, "operatingExpenses": 312486000, "costAndExpenses": 2715931000, "interestIncome": 392000, "interestExpense": 21757000, "depreciationAndAmortization": 37211000, "ebitda": 100734000, "ebitdaratio": 0.0362474821, "operatingIncome": 63131000, "operatingIncomeRatio": 0.0227166576, "totalOtherIncomeExpensesNet": 37000, "incomeBeforeTax": 41803000, "incomeBeforeTaxRatio": 0.0150421257, "incomeTaxExpense": 307000, "netIncome": 41496000, "netIncomeRatio": 0.0149316568, "eps": 1, "epsdiluted": 1, "weightedAverageShsOut": 41464706, "weightedAverageShsOutDil": 41464706, "link": "https://www.sec.gov/Archives/edgar/data/1328581/000132858113000015/0001328581-13-000015-index.htm", "finalLink": "https://www.sec.gov/Archives/edgar/data/1328581/000132858113000015/bcc1231201210-k.htm", "calculatedOtherExpenses": 34309000, "calculatedOperatingExpenses": 312486000, "calculatedNetInterest": -21365000, "calculatedOtherIncome": 37000, "calculatedIncomeNonControlling": 0, "calculatedEbitda": 100342000}, {"date": "2011-12-31", "symbol": "BCC", "reportedCurrency": "USD", "cik": "0001328581", "fillingDate": "2011-12-31", "acceptedDate": "2011-12-30 19:00:00", "calendarYear": "2011", "period": "FY", "revenue": 2248088000, "costOfRevenue": 1992677000, "grossProfit": 255411000, "grossProfitRatio": 0.1136125454, "researchAndDevelopmentExpenses": 0, "generalAndAdministrativeExpenses": 37242000, "sellingAndMarketingExpenses": 204998000, "sellingGeneralAndAdministrativeExpenses": 242240000, "otherExpenses": 38925000, "operatingExpenses": 281165000, "costAndExpenses": 2273842000, "interestIncome": 407000, "interestExpense": 18987000, "depreciationAndAmortization": 39232000, "ebitda": 13885000, "ebitdaratio": 0.0061763596, "operatingIncome": -27046000, "operatingIncomeRatio": -0.0120306678, "totalOtherIncomeExpensesNet": -1789000, "incomeBeforeTax": -46123000, "incomeBeforeTaxRatio": -0.0205165456, "incomeTaxExpense": 240000, "netIncome": -46363000, "netIncomeRatio": -0.020623303, "eps": -1.18, "epsdiluted": -1.12, "weightedAverageShsOut": 39311000, "weightedAverageShsOutDil": 41464706, "link": "", "finalLink": "", "calculatedOtherExpenses": 40217000, "calculatedOperatingExpenses": 282457000, "calculatedNetInterest": -18580000, "calculatedOtherIncome": -497000, "calculatedIncomeNonControlling": 0, "calculatedEbitda": 12186000}, {"date": "2010-12-31", "symbol": "BCC", "reportedCurrency": "USD", "cik": "0001328581", "fillingDate": "2010-12-31", "acceptedDate": "2010-12-30 19:00:00", "calendarYear": "2010", "period": "FY", "revenue": 2240591000, "costOfRevenue": 1980975000, "grossProfit": 259616000, "grossProfitRatio": 0.1158694291, "researchAndDevelopmentExpenses": 0, "generalAndAdministrativeExpenses": 40039000, "sellingAndMarketingExpenses": 202464000, "sellingGeneralAndAdministrativeExpenses": 242503000, "otherExpenses": 34888000, "operatingExpenses": 277391000, "costAndExpenses": 2258366000, "interestIncome": 790000, "interestExpense": 21005000, "depreciationAndAmortization": 37674000, "ebitda": 20689000, "ebitdaratio": 0.0092337245, "operatingIncome": -13162000, "operatingIncomeRatio": -0.005874343, "totalOtherIncomeExpensesNet": 4993000, "incomeBeforeTax": -32997000, "incomeBeforeTaxRatio": -0.014726918, "incomeTaxExpense": 300000, "netIncome": -33297000, "netIncomeRatio": -0.0148608113, "eps": -0.85, "epsdiluted": -0.8, "weightedAverageShsOut": 39311000, "weightedAverageShsOutDil": 41464706, "link": "", "finalLink": "", "calculatedOtherExpenses": 30275000, "calculatedOperatingExpenses": 272778000, "calculatedNetInterest": -20215000, "calculatedOtherIncome": 380000, "calculatedIncomeNonControlling": 0, "calculatedEbitda": 24512000}, {"date": "2009-12-31", "symbol": "BCC", "reportedCurrency": "USD", "cik": "0001328581", "fillingDate": "2009-12-31", "acceptedDate": "2009-12-30 19:00:00", "calendarYear": "2009", "period": "FY", "revenue": 1973250000, "costOfRevenue": 1786983000, "grossProfit": 186267000, "grossProfitRatio": 0.0943960471, "researchAndDevelopmentExpenses": 0, "generalAndAdministrativeExpenses": 40753000, "sellingAndMarketingExpenses": 190431000, "sellingGeneralAndAdministrativeExpenses": 231184000, "otherExpenses": 747000, "operatingExpenses": 269716000, "costAndExpenses": 2056699000, "interestIncome": 886000, "interestExpense": 22520000, "depreciationAndAmortization": 43679000, "ebitda": -17250000, "ebitdaratio": -0.0087419232, "operatingIncome": -83449000, "operatingIncomeRatio": -0.0422901305, "totalOtherIncomeExpensesNet": -14389000, "incomeBeforeTax": -97838000, "incomeBeforeTaxRatio": -0.0495821614, "incomeTaxExpense": 660000, "netIncome": -98498000, "netIncomeRatio": -0.049916635, "eps": -2.51, "epsdiluted": -2.38, "weightedAverageShsOut": 39311000, "weightedAverageShsOutDil": 41464706, "link": "", "finalLink": "", "calculatedOtherExpenses": 38532000, "calculatedOperatingExpenses": 269716000, "calculatedNetInterest": -21634000, "calculatedOtherIncome": 7245000, "calculatedIncomeNonControlling": 0, "calculatedEbitda": -39770000}]}