{"originalCurrency": "USD", "convertedCurrency": "USD", "report": [{"date": "2023-12-31", "symbol": "BCO", "reportedCurrency": "USD", "cik": "0000078890", "fillingDate": "2024-02-29", "acceptedDate": "2024-02-29 07:07:05", "calendarYear": "2023", "period": "FY", "revenue": 4874600000, "costOfRevenue": 3707100000, "grossProfit": 1167500000, "grossProfitRatio": 0.2395068313, "researchAndDevelopmentExpenses": 0, "generalAndAdministrativeExpenses": 688600000, "sellingAndMarketingExpenses": -24500000, "sellingGeneralAndAdministrativeExpenses": 664100000, "otherExpenses": -9400000, "operatingExpenses": 673500000, "costAndExpenses": 4380600000, "interestIncome": 36300000, "interestExpense": 228100000, "depreciationAndAmortization": 275800000, "ebitda": 769800000, "ebitdaratio": 0.1579206499, "operatingIncome": 494000000, "operatingIncomeRatio": 0.1013416485, "totalOtherIncomeExpensesNet": -258200000, "incomeBeforeTax": 235800000, "incomeBeforeTaxRatio": 0.0483731999, "incomeTaxExpense": 139200000, "netIncome": 87700000, "netIncomeRatio": 0.0179912198, "eps": 1.9, "epsdiluted": 1.87, "weightedAverageShsOut": 46200000, "weightedAverageShsOutDil": 46900000, "link": "https://www.sec.gov/Archives/edgar/data/78890/000007889024000054/0000078890-24-000054-index.htm", "finalLink": "https://www.sec.gov/Archives/edgar/data/78890/000007889024000054/bco-20231231.htm", "calculatedOtherExpenses": 9400000, "calculatedOperatingExpenses": 673500000, "calculatedNetInterest": -191800000, "calculatedOtherIncome": -66400000, "calculatedIncomeNonControlling": 8900000, "calculatedEbitda": 769800000}, {"date": "2022-12-31", "symbol": "BCO", "reportedCurrency": "USD", "cik": "0000078890", "fillingDate": "2023-03-01", "acceptedDate": "2023-03-01 16:50:45", "calendarYear": "2022", "period": "FY", "revenue": 4535500000, "costOfRevenue": 3461900000, "grossProfit": 1073600000, "grossProfitRatio": 0.2367103958, "researchAndDevelopmentExpenses": 0, "generalAndAdministrativeExpenses": 703700000, "sellingAndMarketingExpenses": -16700000, "sellingGeneralAndAdministrativeExpenses": 687000000, "otherExpenses": -9300000, "operatingExpenses": 677700000, "costAndExpenses": 4148900000, "interestIncome": 23600000, "interestExpense": 138800000, "depreciationAndAmortization": 245800000, "ebitda": 596600000, "ebitdaratio": 0.1315400728, "operatingIncome": 350800000, "operatingIncomeRatio": 0.0773453864, "totalOtherIncomeExpensesNet": -124600000, "incomeBeforeTax": 226200000, "incomeBeforeTaxRatio": 0.0498732224, "incomeTaxExpense": 41400000, "netIncome": 170600000, "netIncomeRatio": 0.0376143755, "eps": 3.61, "epsdiluted": 3.57, "weightedAverageShsOut": 47300000, "weightedAverageShsOutDil": 47800000, "link": "https://www.sec.gov/Archives/edgar/data/78890/000007889023000090/0000078890-23-000090-index.htm", "finalLink": "https://www.sec.gov/Archives/edgar/data/78890/000007889023000090/bco-20221231.htm", "calculatedOtherExpenses": 35800000, "calculatedOperatingExpenses": 722800000, "calculatedNetInterest": -115200000, "calculatedOtherIncome": -9400000, "calculatedIncomeNonControlling": 14200000, "calculatedEbitda": 596600000}, {"date": "2021-12-31", "symbol": "BCO", "reportedCurrency": "USD", "cik": "0000078890", "fillingDate": "2022-02-28", "acceptedDate": "2022-02-25 21:33:24", "calendarYear": "2021", "period": "FY", "revenue": 4200200000, "costOfRevenue": 3235800000, "grossProfit": 964400000, "grossProfitRatio": 0.2296081139, "researchAndDevelopmentExpenses": 0, "generalAndAdministrativeExpenses": 668400000, "sellingAndMarketingExpenses": -38700000, "sellingGeneralAndAdministrativeExpenses": 629700000, "otherExpenses": -5900000, "operatingExpenses": 623800000, "costAndExpenses": 3859600000, "interestIncome": 13300000, "interestExpense": 112200000, "depreciationAndAmortization": 205400000, "ebitda": 560100000, "ebitdaratio": 0.1333507928, "operatingIncome": 354700000, "operatingIncomeRatio": 0.0844483596, "totalOtherIncomeExpensesNet": -119200000, "incomeBeforeTax": 235500000, "incomeBeforeTaxRatio": 0.0560687586, "incomeTaxExpense": 120300000, "netIncome": 105200000, "netIncomeRatio": 0.0250464264, "eps": 2.13, "epsdiluted": 2.1, "weightedAverageShsOut": 49500000, "weightedAverageShsOutDil": 50100000, "link": "https://www.sec.gov/Archives/edgar/data/78890/000007889022000077/0000078890-22-000077-index.htm", "finalLink": "https://www.sec.gov/Archives/edgar/data/78890/000007889022000077/bco-20211231.htm", "calculatedOtherExpenses": -20000000, "calculatedOperatingExpenses": 609700000, "calculatedNetInterest": -98900000, "calculatedOtherIncome": -20300000, "calculatedIncomeNonControlling": 10000000, "calculatedEbitda": 560100000}, {"date": "2020-12-31", "symbol": "BCO", "reportedCurrency": "USD", "cik": "0000078890", "fillingDate": "2021-03-01", "acceptedDate": "2021-03-01 16:18:07", "calendarYear": "2020", "period": "FY", "revenue": 3690900000, "costOfRevenue": 2877300000, "grossProfit": 813600000, "grossProfitRatio": 0.2204340405, "researchAndDevelopmentExpenses": 0, "generalAndAdministrativeExpenses": 0, "sellingAndMarketingExpenses": 0, "sellingGeneralAndAdministrativeExpenses": 584500000, "otherExpenses": -3900000, "operatingExpenses": 580600000, "costAndExpenses": 3457900000, "interestIncome": 5600000, "interestExpense": 96500000, "depreciationAndAmortization": 189900000, "ebitda": 403400000, "ebitdaratio": 0.1092958357, "operatingIncome": 213500000, "operatingIncomeRatio": 0.0578449701, "totalOtherIncomeExpensesNet": -134200000, "incomeBeforeTax": 79300000, "incomeBeforeTaxRatio": 0.0214852746, "incomeTaxExpense": 56600000, "netIncome": 22700000, "netIncomeRatio": 0.0061502615, "eps": 0.45, "epsdiluted": 0.45, "weightedAverageShsOut": 50400000, "weightedAverageShsOutDil": 50800000, "link": "https://www.sec.gov/Archives/edgar/data/78890/000007889021000014/0000078890-21-000014-index.htm", "finalLink": "https://www.sec.gov/Archives/edgar/data/78890/000007889021000014/bco-20201231.htm", "calculatedOtherExpenses": 15600000, "calculatedOperatingExpenses": 600100000, "calculatedNetInterest": -90900000, "calculatedOtherIncome": -43300000, "calculatedIncomeNonControlling": 0, "calculatedEbitda": 403400000}, {"date": "2019-12-31", "symbol": "BCO", "reportedCurrency": "USD", "cik": "0000078890", "fillingDate": "2020-02-28", "acceptedDate": "2020-02-28 12:51:41", "calendarYear": "2019", "period": "FY", "revenue": 3683200000, "costOfRevenue": 2832100000, "grossProfit": 851100000, "grossProfitRatio": 0.2310762381, "researchAndDevelopmentExpenses": 0, "generalAndAdministrativeExpenses": 0, "sellingAndMarketingExpenses": 0, "sellingGeneralAndAdministrativeExpenses": 604900000, "otherExpenses": -3400000, "operatingExpenses": 601500000, "costAndExpenses": 3433600000, "interestIncome": 5600000, "interestExpense": 91700000, "depreciationAndAmortization": 149000000, "ebitda": 385800000, "ebitdaratio": 0.1047458732, "operatingIncome": 236800000, "operatingIncomeRatio": 0.0642919201, "totalOtherIncomeExpensesNet": -143300000, "incomeBeforeTax": 93500000, "incomeBeforeTaxRatio": 0.0253855343, "incomeTaxExpense": 61000000, "netIncome": 29000000, "netIncomeRatio": 0.0078735882, "eps": 0.58, "epsdiluted": 0.57, "weightedAverageShsOut": 50200000, "weightedAverageShsOutDil": 51100000, "link": "https://www.sec.gov/Archives/edgar/data/78890/000007889020000010/0000078890-20-000010-index.htm", "finalLink": "https://www.sec.gov/Archives/edgar/data/78890/000007889020000010/bco1231201910-k.htm", "calculatedOtherExpenses": 9400000, "calculatedOperatingExpenses": 614300000, "calculatedNetInterest": -86100000, "calculatedOtherIncome": -57200000, "calculatedIncomeNonControlling": 3500000, "calculatedEbitda": 385800000}, {"date": "2018-12-31", "symbol": "BCO", "reportedCurrency": "USD", "cik": "0000078890", "fillingDate": "2019-02-26", "acceptedDate": "2019-02-26 15:46:56", "calendarYear": "2018", "period": "FY", "revenue": 3488900000, "costOfRevenue": 2703300000, "grossProfit": 785600000, "grossProfitRatio": 0.2251712574, "researchAndDevelopmentExpenses": 0, "generalAndAdministrativeExpenses": 0, "sellingAndMarketingExpenses": 0, "sellingGeneralAndAdministrativeExpenses": 509200000, "otherExpenses": -42000000, "operatingExpenses": 506700000, "costAndExpenses": 3210000000, "interestIncome": 6900000, "interestExpense": 66700000, "depreciationAndAmortization": 162300000, "ebitda": 408000000, "ebitdaratio": 0.1169423027, "operatingIncome": 274700000, "operatingIncomeRatio": 0.078735418, "totalOtherIncomeExpensesNet": -176600000, "incomeBeforeTax": 42500000, "incomeBeforeTaxRatio": 0.0121814899, "incomeTaxExpense": 70000000, "netIncome": -33300000, "netIncomeRatio": -0.0095445556, "eps": -0.65, "epsdiluted": -0.65, "weightedAverageShsOut": 50900000, "weightedAverageShsOutDil": 50900000, "link": "https://www.sec.gov/Archives/edgar/data/78890/000007889019000013/0000078890-19-000013-index.htm", "finalLink": "https://www.sec.gov/Archives/edgar/data/78890/000007889019000013/bco1231201810-k.htm", "calculatedOtherExpenses": 1700000, "calculatedOperatingExpenses": 510900000, "calculatedNetInterest": -59800000, "calculatedOtherIncome": -172400000, "calculatedIncomeNonControlling": 5800000, "calculatedEbitda": 437000000}, {"date": "2017-12-31", "symbol": "BCO", "reportedCurrency": "USD", "cik": "0000078890", "fillingDate": "2018-03-01", "acceptedDate": "2018-03-01 13:30:19", "calendarYear": "2017", "period": "FY", "revenue": 3347000000, "costOfRevenue": 2608200000, "grossProfit": 738800000, "grossProfitRatio": 0.2207349866, "researchAndDevelopmentExpenses": 0, "generalAndAdministrativeExpenses": 468200000, "sellingAndMarketingExpenses": 0, "sellingGeneralAndAdministrativeExpenses": 468200000, "otherExpenses": -49400000, "operatingExpenses": 463300000, "costAndExpenses": 3071500000, "interestIncome": 4100000, "interestExpense": 33800000, "depreciationAndAmortization": 146600000, "ebitda": 377200000, "ebitdaratio": 0.1126979385, "operatingIncome": 273900000, "operatingIncomeRatio": 0.0818344786, "totalOtherIncomeExpensesNet": -64300000, "incomeBeforeTax": 181500000, "incomeBeforeTaxRatio": 0.0542276666, "incomeTaxExpense": 157700000, "netIncome": 16700000, "netIncomeRatio": 0.0049895429, "eps": 0.33, "epsdiluted": 0.32, "weightedAverageShsOut": 50500000, "weightedAverageShsOutDil": 50500000, "link": "https://www.sec.gov/Archives/edgar/data/78890/000007889018000009/0000078890-18-000009-index.htm", "finalLink": "https://www.sec.gov/Archives/edgar/data/78890/000007889018000009/bco1231201710-k.htm", "calculatedOtherExpenses": -3300000, "calculatedOperatingExpenses": 464900000, "calculatedNetInterest": -29700000, "calculatedOtherIncome": -62700000, "calculatedIncomeNonControlling": 7100000, "calculatedEbitda": 420500000}, {"date": "2016-12-31", "symbol": "BCO", "reportedCurrency": "USD", "cik": "0000078890", "fillingDate": "2017-02-24", "acceptedDate": "2017-02-23 19:33:24", "calendarYear": "2016", "period": "FY", "revenue": 3020600000, "costOfRevenue": 2424800000, "grossProfit": 595800000, "grossProfitRatio": 0.1972455803, "researchAndDevelopmentExpenses": 0, "generalAndAdministrativeExpenses": 0, "sellingAndMarketingExpenses": 0, "sellingGeneralAndAdministrativeExpenses": 431500000, "otherExpenses": -1300000, "operatingExpenses": 451600000, "costAndExpenses": 2876400000, "interestIncome": 1200000, "interestExpense": 20400000, "depreciationAndAmortization": 131600000, "ebitda": 145400000, "ebitdaratio": 0.0481361319, "operatingIncome": 144200000, "operatingIncomeRatio": 0.0477388598, "totalOtherIncomeExpensesNet": -25800000, "incomeBeforeTax": 125000000, "incomeBeforeTaxRatio": 0.0413825068, "incomeTaxExpense": 78500000, "netIncome": 34500000, "netIncomeRatio": 0.0114215719, "eps": 0.69, "epsdiluted": 0.68, "weightedAverageShsOut": 50000000, "weightedAverageShsOutDil": 50600000, "link": "https://www.sec.gov/Archives/edgar/data/78890/000007889017000013/0000078890-17-000013-index.htm", "finalLink": "https://www.sec.gov/Archives/edgar/data/78890/000007889017000013/bco1231201610-k.htm", "calculatedOtherExpenses": 20100000, "calculatedOperatingExpenses": 451600000, "calculatedNetInterest": -19200000, "calculatedOtherIncome": 0, "calculatedIncomeNonControlling": 12000000, "calculatedEbitda": 275800000}, {"date": "2015-12-31", "symbol": "BCO", "reportedCurrency": "USD", "cik": "0000078890", "fillingDate": "2016-02-29", "acceptedDate": "2016-02-29 12:21:25", "calendarYear": "2015", "period": "FY", "revenue": 3061400000, "costOfRevenue": 2471600000, "grossProfit": 589800000, "grossProfitRatio": 0.1926569543, "researchAndDevelopmentExpenses": 0, "generalAndAdministrativeExpenses": 0, "sellingAndMarketingExpenses": 0, "sellingGeneralAndAdministrativeExpenses": 463800000, "otherExpenses": -500000, "operatingExpenses": 460100000, "costAndExpenses": 2931700000, "interestIncome": 3300000, "interestExpense": 18900000, "depreciationAndAmortization": 139900000, "ebitda": 272900000, "ebitdaratio": 0.0891422225, "operatingIncome": 56600000, "operatingIncomeRatio": 0.0184882733, "totalOtherIncomeExpensesNet": -73000000, "incomeBeforeTax": 41100000, "incomeBeforeTaxRatio": 0.0134252303, "incomeTaxExpense": 66500000, "netIncome": -11900000, "netIncomeRatio": -0.0038871105, "eps": -0.25, "epsdiluted": -0.24, "weightedAverageShsOut": 47894736, "weightedAverageShsOutDil": 49300000, "link": "https://www.sec.gov/Archives/edgar/data/78890/000007889016000062/0000078890-16-000062-index.htm", "finalLink": "https://www.sec.gov/Archives/edgar/data/78890/000007889016000062/bco1231201510-k.htm", "calculatedOtherExpenses": 69400000, "calculatedOperatingExpenses": 533200000, "calculatedNetInterest": -15600000, "calculatedOtherIncome": 100000, "calculatedIncomeNonControlling": -13500000, "calculatedEbitda": 196500000}, {"date": "2014-12-31", "symbol": "BCO", "reportedCurrency": "USD", "cik": "0000078890", "fillingDate": "2015-03-05", "acceptedDate": "2015-03-05 06:08:16", "calendarYear": "2014", "period": "FY", "revenue": 3562300000, "costOfRevenue": 2948200000, "grossProfit": 614100000, "grossProfitRatio": 0.1723886253, "researchAndDevelopmentExpenses": 0, "generalAndAdministrativeExpenses": 0, "sellingAndMarketingExpenses": 0, "sellingGeneralAndAdministrativeExpenses": 560600000, "otherExpenses": -500000, "operatingExpenses": 641600000, "costAndExpenses": 3589800000, "interestIncome": 1900000, "interestExpense": 23400000, "depreciationAndAmortization": 161900000, "ebitda": -25600000, "ebitdaratio": -0.0071863684, "operatingIncome": -27500000, "operatingIncomeRatio": -0.0077197316, "totalOtherIncomeExpensesNet": -84600000, "incomeBeforeTax": -49000000, "incomeBeforeTaxRatio": -0.0137551582, "incomeTaxExpense": 36700000, "netIncome": -83900000, "netIncomeRatio": -0.0235521994, "eps": -1.71, "epsdiluted": -1.71, "weightedAverageShsOut": 48928571, "weightedAverageShsOutDil": 49000000, "link": "https://www.sec.gov/Archives/edgar/data/78890/000007889015000009/0000078890-15-000009-index.htm", "finalLink": "https://www.sec.gov/Archives/edgar/data/78890/000007889015000009/form_10k.htm", "calculatedOtherExpenses": 81000000, "calculatedOperatingExpenses": 641600000, "calculatedNetInterest": -21500000, "calculatedOtherIncome": 0, "calculatedIncomeNonControlling": -1800000, "calculatedEbitda": 134400000}, {"date": "2013-12-31", "symbol": "BCO", "reportedCurrency": "USD", "cik": "0000078890", "fillingDate": "2014-02-28", "acceptedDate": "2014-02-27 21:55:51", "calendarYear": "2013", "period": "FY", "revenue": 3942200000, "costOfRevenue": 3197100000, "grossProfit": 745100000, "grossProfitRatio": 0.1890061387, "researchAndDevelopmentExpenses": 0, "generalAndAdministrativeExpenses": 0, "sellingAndMarketingExpenses": 0, "sellingGeneralAndAdministrativeExpenses": 564000000, "otherExpenses": -500000, "operatingExpenses": 573400000, "costAndExpenses": 3770500000, "interestIncome": 1600000, "interestExpense": 25100000, "depreciationAndAmortization": 173600000, "ebitda": 173300000, "ebitdaratio": 0.0439602253, "operatingIncome": 171700000, "operatingIncomeRatio": 0.0435543605, "totalOtherIncomeExpensesNet": -12700000, "incomeBeforeTax": 148200000, "incomeBeforeTaxRatio": 0.0375932221, "incomeTaxExpense": 52000000, "netIncome": 56800000, "netIncomeRatio": 0.0144081985, "eps": 1.17, "epsdiluted": 1.16, "weightedAverageShsOut": 48700000, "weightedAverageShsOutDil": 49000000, "link": "https://www.sec.gov/Archives/edgar/data/78890/000007889014000004/0000078890-14-000004-index.htm", "finalLink": "https://www.sec.gov/Archives/edgar/data/78890/000007889014000004/form_10-k.htm", "calculatedOtherExpenses": 9400000, "calculatedOperatingExpenses": 573400000, "calculatedNetInterest": -23500000, "calculatedOtherIncome": 0, "calculatedIncomeNonControlling": 39400000, "calculatedEbitda": 345300000}, {"date": "2012-12-31", "symbol": "BCO", "reportedCurrency": "USD", "cik": "0000078890", "fillingDate": "2013-02-28", "acceptedDate": "2013-02-27 21:00:22", "calendarYear": "2012", "period": "FY", "revenue": 3842100000, "costOfRevenue": 3118500000, "grossProfit": 723600000, "grossProfitRatio": 0.1883345046, "researchAndDevelopmentExpenses": 0, "generalAndAdministrativeExpenses": 0, "sellingAndMarketingExpenses": 0, "sellingGeneralAndAdministrativeExpenses": 561700000, "otherExpenses": -700000, "operatingExpenses": 552400000, "costAndExpenses": 3670900000, "interestIncome": 7100000, "interestExpense": 23800000, "depreciationAndAmortization": 165500000, "ebitda": 178300000, "ebitdaratio": 0.0464069129, "operatingIncome": 171200000, "operatingIncomeRatio": 0.0445589651, "totalOtherIncomeExpensesNet": 8600000, "incomeBeforeTax": 154500000, "incomeBeforeTaxRatio": 0.0402123839, "incomeTaxExpense": 26900000, "netIncome": 88900000, "netIncomeRatio": 0.0231383879, "eps": 1.84, "epsdiluted": 1.83, "weightedAverageShsOut": 48400000, "weightedAverageShsOutDil": 48600000, "link": "https://www.sec.gov/Archives/edgar/data/78890/000007889013000006/0000078890-13-000006-index.htm", "finalLink": "https://www.sec.gov/Archives/edgar/data/78890/000007889013000006/form_10-k.htm", "calculatedOtherExpenses": -9300000, "calculatedOperatingExpenses": 552400000, "calculatedNetInterest": -16700000, "calculatedOtherIncome": 0, "calculatedIncomeNonControlling": 38700000, "calculatedEbitda": 336700000}, {"date": "2011-12-31", "symbol": "BCO", "reportedCurrency": "USD", "cik": "0000078890", "fillingDate": "2012-02-28", "acceptedDate": "2012-02-27 19:30:54", "calendarYear": "2011", "period": "FY", "revenue": 3885500000, "costOfRevenue": 3174300000, "grossProfit": 711200000, "grossProfitRatio": 0.1830395059, "researchAndDevelopmentExpenses": 0, "generalAndAdministrativeExpenses": 0, "sellingAndMarketingExpenses": 0, "sellingGeneralAndAdministrativeExpenses": 543100000, "otherExpenses": 539900000, "operatingExpenses": 539900000, "costAndExpenses": 3714200000, "interestIncome": 0, "interestExpense": 24000000, "depreciationAndAmortization": 162400000, "ebitda": 171300000, "ebitdaratio": 0.0440869901, "operatingIncome": 171300000, "operatingIncomeRatio": 0.0440869901, "totalOtherIncomeExpensesNet": 9100000, "incomeBeforeTax": 156400000, "incomeBeforeTaxRatio": 0.0402522198, "incomeTaxExpense": 59400000, "netIncome": 74500000, "netIncomeRatio": 0.0191738515, "eps": 1.56, "epsdiluted": 1.55, "weightedAverageShsOut": 47800000, "weightedAverageShsOutDil": 48100000, "link": "https://www.sec.gov/Archives/edgar/data/78890/000007889012000013/0000078890-12-000013-index.htm", "finalLink": "https://www.sec.gov/Archives/edgar/data/78890/000007889012000013/form_10-k.htm", "calculatedOtherExpenses": -3200000, "calculatedOperatingExpenses": 539900000, "calculatedNetInterest": -24000000, "calculatedOtherIncome": 9100000, "calculatedIncomeNonControlling": 22500000, "calculatedEbitda": 333700000}, {"date": "2010-12-31", "symbol": "BCO", "reportedCurrency": "USD", "cik": "0000078890", "fillingDate": "2011-02-28", "acceptedDate": "2011-02-25 19:22:34", "calendarYear": "2010", "period": "FY", "revenue": 3121500000, "costOfRevenue": 2536400000, "grossProfit": 585100000, "grossProfitRatio": 0.187441935, "researchAndDevelopmentExpenses": 0, "generalAndAdministrativeExpenses": 0, "sellingAndMarketingExpenses": 0, "sellingGeneralAndAdministrativeExpenses": 429300000, "otherExpenses": 429300000, "operatingExpenses": 429300000, "costAndExpenses": 2965700000, "interestIncome": 8100000, "interestExpense": 14800000, "depreciationAndAmortization": 136600000, "ebitda": 154400000, "ebitdaratio": 0.049463399, "operatingIncome": 146300000, "operatingIncomeRatio": 0.0468684927, "totalOtherIncomeExpensesNet": -6700000, "incomeBeforeTax": 139600000, "incomeBeforeTaxRatio": 0.0447220887, "incomeTaxExpense": 67100000, "netIncome": 57100000, "netIncomeRatio": 0.0182924876, "eps": 1.18, "epsdiluted": 1.18, "weightedAverageShsOut": 48200000, "weightedAverageShsOutDil": 48400000, "link": "https://www.sec.gov/Archives/edgar/data/78890/000007889011000013/0000078890-11-000013-index.htm", "finalLink": "https://www.sec.gov/Archives/edgar/data/78890/000007889011000013/form_10-k.htm", "calculatedOtherExpenses": 9500000, "calculatedOperatingExpenses": 438800000, "calculatedNetInterest": -6700000, "calculatedOtherIncome": 0, "calculatedIncomeNonControlling": 15400000, "calculatedEbitda": 282900000}, {"date": "2009-12-31", "symbol": "BCO", "reportedCurrency": "USD", "cik": "0000078890", "fillingDate": "2010-02-25", "acceptedDate": "2010-02-25 16:01:42", "calendarYear": "2009", "period": "FY", "revenue": 3135000000, "costOfRevenue": 2534500000, "grossProfit": 600500000, "grossProfitRatio": 0.1915470494, "researchAndDevelopmentExpenses": 0, "generalAndAdministrativeExpenses": 0, "sellingAndMarketingExpenses": 0, "sellingGeneralAndAdministrativeExpenses": 430200000, "otherExpenses": 433700000, "operatingExpenses": 430200000, "costAndExpenses": 2964700000, "interestIncome": 10800000, "interestExpense": 11300000, "depreciationAndAmortization": 135100000, "ebitda": 177600000, "ebitdaratio": 0.0566507177, "operatingIncome": 166800000, "operatingIncomeRatio": 0.0532057416, "totalOtherIncomeExpensesNet": -500000, "incomeBeforeTax": 166300000, "incomeBeforeTaxRatio": 0.053046252, "incomeTaxExpense": -61100000, "netIncome": 200200000, "netIncomeRatio": 0.0638596491, "eps": 4.23, "epsdiluted": 4.21, "weightedAverageShsOut": 47200000, "weightedAverageShsOutDil": 47500000, "link": "https://www.sec.gov/Archives/edgar/data/78890/000007889010000008/0000078890-10-000008-index.htm", "finalLink": "https://www.sec.gov/Archives/edgar/data/78890/000007889010000008/form_10-k.htm", "calculatedOtherExpenses": 3500000, "calculatedOperatingExpenses": 433700000, "calculatedNetInterest": -500000, "calculatedOtherIncome": 0, "calculatedIncomeNonControlling": 27200000, "calculatedEbitda": 301900000}, {"date": "2008-12-31", "symbol": "BCO", "reportedCurrency": "USD", "cik": "0000078890", "fillingDate": "2009-03-02", "acceptedDate": "2009-03-02 09:38:15", "calendarYear": "2008", "period": "FY", "revenue": 3163500000, "costOfRevenue": 2505100000, "grossProfit": 658400000, "grossProfitRatio": 0.2081239134, "researchAndDevelopmentExpenses": 0, "generalAndAdministrativeExpenses": 0, "sellingAndMarketingExpenses": 0, "sellingGeneralAndAdministrativeExpenses": 434500000, "otherExpenses": 429900000, "operatingExpenses": 434500000, "costAndExpenses": 2939600000, "interestIncome": 15000000, "interestExpense": 12000000, "depreciationAndAmortization": 122300000, "ebitda": 236600000, "ebitdaratio": 0.0747905801, "operatingIncome": 228500000, "operatingIncomeRatio": 0.0722301249, "totalOtherIncomeExpensesNet": -6900000, "incomeBeforeTax": 224600000, "incomeBeforeTaxRatio": 0.0709973131, "incomeTaxExpense": 53000000, "netIncome": 183300000, "netIncomeRatio": 0.0579421527, "eps": 3.96, "epsdiluted": 3.93, "weightedAverageShsOut": 46300000, "weightedAverageShsOutDil": 46700000, "link": "https://www.sec.gov/Archives/edgar/data/78890/000007889009000013/0000078890-09-000013-index.htm", "finalLink": "https://www.sec.gov/Archives/edgar/data/78890/000007889009000013/form_10k.htm", "calculatedOtherExpenses": -4600000, "calculatedOperatingExpenses": 429900000, "calculatedNetInterest": 3000000, "calculatedOtherIncome": -6900000, "calculatedIncomeNonControlling": -11700000, "calculatedEbitda": 350800000}, {"date": "2007-12-31", "symbol": "BCO", "reportedCurrency": "USD", "cik": "0000078890", "fillingDate": "2008-02-27", "acceptedDate": "2008-02-27 14:20:24", "calendarYear": "2007", "period": "FY", "revenue": 3219000000, "costOfRevenue": 2450800000, "grossProfit": 768200000, "grossProfitRatio": 0.2386455421, "researchAndDevelopmentExpenses": 0, "generalAndAdministrativeExpenses": 0, "sellingAndMarketingExpenses": 0, "sellingGeneralAndAdministrativeExpenses": 498800000, "otherExpenses": 494200000, "operatingExpenses": 494200000, "costAndExpenses": 2945000000, "interestIncome": 0, "interestExpense": -10900000, "depreciationAndAmortization": 153500000, "ebitda": 422900000, "ebitdaratio": 0.1313762038, "operatingIncome": 274000000, "operatingIncomeRatio": 0.0851196024, "totalOtherIncomeExpensesNet": 4600000, "incomeBeforeTax": 273600000, "incomeBeforeTaxRatio": 0.0849953402, "incomeTaxExpense": 102200000, "netIncome": 137300000, "netIncomeRatio": 0.0426529978, "eps": 2.95, "epsdiluted": 2.92, "weightedAverageShsOut": 46500000, "weightedAverageShsOutDil": 47000000, "link": "https://www.sec.gov/Archives/edgar/data/78890/000007889008000021/0000078890-08-000021-index.htm", "finalLink": "https://www.sec.gov/Archives/edgar/data/78890/000007889008000021/form_10-k.htm", "calculatedOtherExpenses": -4600000, "calculatedOperatingExpenses": 494200000, "calculatedNetInterest": 10900000, "calculatedOtherIncome": -11300000, "calculatedIncomeNonControlling": 34100000, "calculatedEbitda": 427500000}, {"date": "2006-12-31", "symbol": "BCO", "reportedCurrency": "USD", "cik": "0000078890", "fillingDate": "2007-02-27", "acceptedDate": "2007-02-27 17:28:01", "calendarYear": "2006", "period": "FY", "revenue": 2837600000, "costOfRevenue": 2176100000, "grossProfit": 661500000, "grossProfitRatio": 0.2331195376, "researchAndDevelopmentExpenses": 0, "generalAndAdministrativeExpenses": 0, "sellingAndMarketingExpenses": 0, "sellingGeneralAndAdministrativeExpenses": 466800000, "otherExpenses": 460900000, "operatingExpenses": 460900000, "costAndExpenses": 2637000000, "interestIncome": 0, "interestExpense": 0, "depreciationAndAmortization": 133100000, "ebitda": 328100000, "ebitdaratio": 0.115625881, "operatingIncome": 200600000, "operatingIncomeRatio": 0.0706935438, "totalOtherIncomeExpensesNet": 8900000, "incomeBeforeTax": 204300000, "incomeBeforeTaxRatio": 0.0719974626, "incomeTaxExpense": 82700000, "netIncome": 587200000, "netIncomeRatio": 0.2069354384, "eps": 11.75, "epsdiluted": 11.64, "weightedAverageShsOut": 50000000, "weightedAverageShsOutDil": 50500000, "link": "https://www.sec.gov/Archives/edgar/data/78890/000119312507041211/0001193125-07-041211-index.htm", "finalLink": "https://www.sec.gov/Archives/edgar/data/78890/000119312507041211/d10k.htm", "calculatedOtherExpenses": -5900000, "calculatedOperatingExpenses": 460900000, "calculatedNetInterest": 0, "calculatedOtherIncome": 3700000, "calculatedIncomeNonControlling": -465600000, "calculatedEbitda": 333700000}, {"date": "2005-12-31", "symbol": "BCO", "reportedCurrency": "USD", "cik": "0000078890", "fillingDate": "2006-03-08", "acceptedDate": "2006-03-08 11:33:01", "calendarYear": "2005", "period": "FY", "revenue": 2549000000, "costOfRevenue": 2041800000, "grossProfit": 507200000, "grossProfitRatio": 0.1989799922, "researchAndDevelopmentExpenses": 0, "generalAndAdministrativeExpenses": 0, "sellingAndMarketingExpenses": 0, "sellingGeneralAndAdministrativeExpenses": 406800000, "otherExpenses": 391800000, "operatingExpenses": 391800000, "costAndExpenses": 2433600000, "interestIncome": 0, "interestExpense": 0, "depreciationAndAmortization": 119800000, "ebitda": 220200000, "ebitdaratio": 0.0863868184, "operatingIncome": 115400000, "operatingIncomeRatio": 0.0452726559, "totalOtherIncomeExpensesNet": 15000000, "incomeBeforeTax": 91800000, "incomeBeforeTaxRatio": 0.0360141232, "incomeTaxExpense": 49500000, "netIncome": 142400000, "netIncomeRatio": 0.0558650451, "eps": 2.53, "epsdiluted": 2.5, "weightedAverageShsOut": 56300000, "weightedAverageShsOutDil": 57000000, "link": "https://www.sec.gov/Archives/edgar/data/78890/000007889006000012/0000078890-06-000012-index.htm", "finalLink": "https://www.sec.gov/Archives/edgar/data/78890/000007889006000012/a10k2005.txt", "calculatedOtherExpenses": -15000000, "calculatedOperatingExpenses": 391800000, "calculatedNetInterest": 0, "calculatedOtherIncome": -23600000, "calculatedIncomeNonControlling": -100100000, "calculatedEbitda": 235200000}, {"date": "2004-12-31", "symbol": "BCO", "reportedCurrency": "USD", "cik": "0000078890", "fillingDate": "2005-03-16", "acceptedDate": "2005-03-15 17:43:00", "calendarYear": "2004", "period": "FY", "revenue": 4718100000, "costOfRevenue": 3964200000, "grossProfit": 753900000, "grossProfitRatio": 0.1597888981, "researchAndDevelopmentExpenses": 0, "generalAndAdministrativeExpenses": 0, "sellingAndMarketingExpenses": 0, "sellingGeneralAndAdministrativeExpenses": 573100000, "otherExpenses": 564000000, "operatingExpenses": 564000000, "costAndExpenses": 4528200000, "interestIncome": 0, "interestExpense": 0, "depreciationAndAmortization": 148900000, "ebitda": 326900000, "ebitdaratio": 0.0692863653, "operatingIncome": 189900000, "operatingIncomeRatio": 0.0402492529, "totalOtherIncomeExpensesNet": 11900000, "incomeBeforeTax": 161500000, "incomeBeforeTaxRatio": 0.0342298807, "incomeTaxExpense": 60900000, "netIncome": 121500000, "netIncomeRatio": 0.0257518917, "eps": 2.23, "epsdiluted": 2.2, "weightedAverageShsOut": 54600000, "weightedAverageShsOutDil": 55300000, "link": "https://www.sec.gov/Archives/edgar/data/78890/000007889005000014/0000078890-05-000014-index.htm", "finalLink": "https://www.sec.gov/Archives/edgar/data/78890/000007889005000014/a10k031505.txt", "calculatedOtherExpenses": -9100000, "calculatedOperatingExpenses": 564000000, "calculatedNetInterest": 0, "calculatedOtherIncome": -28400000, "calculatedIncomeNonControlling": -20900000, "calculatedEbitda": 338800000}, {"date": "2003-12-31", "symbol": "BCO", "reportedCurrency": "USD", "cik": "0000078890", "fillingDate": "2004-03-15", "acceptedDate": "2004-03-15 12:38:15", "calendarYear": "2003", "period": "FY", "revenue": 3998600000, "costOfRevenue": 3404200000, "grossProfit": 594400000, "grossProfitRatio": 0.1486520282, "researchAndDevelopmentExpenses": 0, "generalAndAdministrativeExpenses": 0, "sellingAndMarketingExpenses": 0, "sellingGeneralAndAdministrativeExpenses": 520600000, "otherExpenses": 494600000, "operatingExpenses": 494600000, "costAndExpenses": 3898800000, "interestIncome": 0, "interestExpense": 0, "depreciationAndAmortization": 143000000, "ebitda": 224900000, "ebitdaratio": 0.0562446856, "operatingIncome": 99800000, "operatingIncomeRatio": 0.0249587356, "totalOtherIncomeExpensesNet": 28300000, "incomeBeforeTax": 73900000, "incomeBeforeTaxRatio": 0.0184814685, "incomeTaxExpense": 55700000, "netIncome": 29400000, "netIncomeRatio": 0.0073525734, "eps": 0.55, "epsdiluted": 0.55, "weightedAverageShsOut": 53100000, "weightedAverageShsOutDil": 53200000, "link": "https://www.sec.gov/Archives/edgar/data/78890/000007889004000007/0000078890-04-000007-index.htm", "finalLink": "https://www.sec.gov/Archives/edgar/data/78890/000007889004000007/form10k.txt", "calculatedOtherExpenses": -26000000, "calculatedOperatingExpenses": 494600000, "calculatedNetInterest": 0, "calculatedOtherIncome": -25900000, "calculatedIncomeNonControlling": -11200000, "calculatedEbitda": 242800000}, {"date": "2002-12-31", "symbol": "BCO", "reportedCurrency": "USD", "cik": "0000078890", "fillingDate": "2003-03-26", "acceptedDate": "2003-03-26 17:24:22", "calendarYear": "2002", "period": "FY", "revenue": 3776700000, "costOfRevenue": 3164000000, "grossProfit": 612700000, "grossProfitRatio": 0.1622315778, "researchAndDevelopmentExpenses": 0, "generalAndAdministrativeExpenses": 0, "sellingAndMarketingExpenses": 0, "sellingGeneralAndAdministrativeExpenses": 466300000, "otherExpenses": 480000000, "operatingExpenses": 480000000, "costAndExpenses": 3644000000, "interestIncome": 0, "interestExpense": 0, "depreciationAndAmortization": 130900000, "ebitda": 276600000, "ebitdaratio": 0.0732385416, "operatingIncome": 132700000, "operatingIncomeRatio": 0.0351364948, "totalOtherIncomeExpensesNet": -13000000, "incomeBeforeTax": 110200000, "incomeBeforeTaxRatio": 0.0291789128, "incomeTaxExpense": 41200000, "netIncome": 26100000, "netIncomeRatio": 0.0069107951, "eps": 0.48, "epsdiluted": 0.48, "weightedAverageShsOut": 52100000, "weightedAverageShsOutDil": 52400000, "link": "https://www.sec.gov/Archives/edgar/data/78890/000007889003000011/0000078890-03-000011-index.htm", "finalLink": "https://www.sec.gov/Archives/edgar/data/78890/000007889003000011/form10k2002.txt", "calculatedOtherExpenses": 13700000, "calculatedOperatingExpenses": 480000000, "calculatedNetInterest": 0, "calculatedOtherIncome": -22500000, "calculatedIncomeNonControlling": 42900000, "calculatedEbitda": 263600000}, {"date": "2001-12-31", "symbol": "BCO", "reportedCurrency": "USD", "cik": "0000078890", "fillingDate": "2002-03-22", "acceptedDate": "2002-03-22 00:00:00", "calendarYear": "2001", "period": "FY", "revenue": 3624200000, "costOfRevenue": 3090600000, "grossProfit": 533600000, "grossProfitRatio": 0.1472324927, "researchAndDevelopmentExpenses": 0, "generalAndAdministrativeExpenses": 445600000, "sellingAndMarketingExpenses": 0, "sellingGeneralAndAdministrativeExpenses": 445600000, "otherExpenses": -22400000, "operatingExpenses": 423200000, "costAndExpenses": 3513800000, "interestIncome": 0, "interestExpense": 0, "depreciationAndAmortization": 194400000, "ebitda": 285000000, "ebitdaratio": 0.0786380443, "operatingIncome": 110600000, "operatingIncomeRatio": 0.0305170796, "totalOtherIncomeExpensesNet": 19800000, "incomeBeforeTax": 73200000, "incomeBeforeTaxRatio": 0.0201975608, "incomeTaxExpense": 27400000, "netIncome": 16600000, "netIncomeRatio": 0.0045803212, "eps": 0.31, "epsdiluted": 0.31, "weightedAverageShsOut": 51200000, "weightedAverageShsOutDil": 51400000, "link": "https://www.sec.gov/Archives/edgar/data/78890/000007889002000004/0000078890-02-000004-index.htm", "finalLink": "https://www.sec.gov/Archives/edgar/data/78890/000007889002000004/f10k_032202.txt", "calculatedOtherExpenses": -22600000, "calculatedOperatingExpenses": 423000000, "calculatedNetInterest": 0, "calculatedOtherIncome": -37400000, "calculatedIncomeNonControlling": 29200000, "calculatedEbitda": 305000000}, {"date": "2000-12-31", "symbol": "BCO", "reportedCurrency": "USD", "cik": "0000078890", "fillingDate": "2001-03-28", "acceptedDate": "2001-03-28 00:00:00", "calendarYear": "2000", "period": "FY", "revenue": 3834112000, "costOfRevenue": 3264238000, "grossProfit": 569874000, "grossProfitRatio": 0.1486325908, "researchAndDevelopmentExpenses": 0, "generalAndAdministrativeExpenses": 477759000, "sellingAndMarketingExpenses": 0, "sellingGeneralAndAdministrativeExpenses": 477759000, "otherExpenses": 0, "operatingExpenses": 477759000, "costAndExpenses": 3741997000, "interestIncome": 0, "interestExpense": 0, "depreciationAndAmortization": 188950000, "ebitda": 329312000, "ebitdaratio": 0.0858900314, "operatingIncome": 92115000, "operatingIncomeRatio": 0.0240251198, "totalOtherIncomeExpensesNet": -48247000, "incomeBeforeTax": 4629000, "incomeBeforeTaxRatio": 0.00120732, "incomeTaxExpense": 1944000, "netIncome": -256643000, "netIncomeRatio": -0.0669367509, "eps": -5.08, "epsdiluted": -5.08, "weightedAverageShsOut": 50532681, "weightedAverageShsOutDil": 50532681, "link": "https://www.sec.gov/Archives/edgar/data/78890/000095011701000593/0000950117-01-000593-index.htm", "finalLink": "https://www.sec.gov/Archives/edgar/data/78890/000095011701000593/0000950117-01-000593-0001.txt", "calculatedOtherExpenses": 0, "calculatedOperatingExpenses": 477759000, "calculatedNetInterest": 0, "calculatedOtherIncome": -87486000, "calculatedIncomeNonControlling": 259328000, "calculatedEbitda": 281065000}, {"date": "1999-12-31", "symbol": "BCO", "reportedCurrency": "USD", "cik": "0000078890", "fillingDate": "2000-03-24", "acceptedDate": "2000-03-24 00:00:00", "calendarYear": "1999", "period": "FY", "revenue": 4089200000, "costOfRevenue": 3333400000, "grossProfit": 755800000, "grossProfitRatio": 0.1848283283, "researchAndDevelopmentExpenses": 0, "generalAndAdministrativeExpenses": 520300000, "sellingAndMarketingExpenses": 0, "sellingGeneralAndAdministrativeExpenses": 520300000, "otherExpenses": 180300000, "operatingExpenses": 700600000, "costAndExpenses": 4034000000, "interestIncome": 0, "interestExpense": 0, "depreciationAndAmortization": 180300000, "ebitda": 210500000, "ebitdaratio": 0.0514770615, "operatingIncome": 55200000, "operatingIncomeRatio": 0.0134989729, "totalOtherIncomeExpensesNet": 25000000, "incomeBeforeTax": 47500000, "incomeBeforeTaxRatio": 0.011615964, "incomeTaxExpense": 12800000, "netIncome": 34700000, "netIncomeRatio": 0.0084857674, "eps": 1.06, "epsdiluted": 0.7, "weightedAverageShsOut": 49113000, "weightedAverageShsOutDil": 49327000, "link": "https://www.sec.gov/Archives/edgar/data/78890/000095011700000708/0000950117-00-000708-index.html", "finalLink": "https://www.sec.gov/Archives/edgar/data/78890/000095011700000708/", "calculatedOtherExpenses": 180300000, "calculatedOperatingExpenses": 700600000, "calculatedNetInterest": 0, "calculatedOtherIncome": -7700000, "calculatedIncomeNonControlling": 0, "calculatedEbitda": 235500000}, {"date": "1998-12-31", "symbol": "BCO", "reportedCurrency": "USD", "cik": "0000078890", "fillingDate": "1999-03-23", "acceptedDate": "1999-03-23 00:00:00", "calendarYear": "1998", "period": "FY", "revenue": 1451300000, "costOfRevenue": 1021300000, "grossProfit": 430000000, "grossProfitRatio": 0.2962860883, "researchAndDevelopmentExpenses": 0, "generalAndAdministrativeExpenses": 207300000, "sellingAndMarketingExpenses": 0, "sellingGeneralAndAdministrativeExpenses": 207300000, "otherExpenses": 82600000, "operatingExpenses": 289900000, "costAndExpenses": 1311200000, "interestIncome": 0, "interestExpense": 0, "depreciationAndAmortization": 82600000, "ebitda": 215300000, "ebitdaratio": 0.1483497554, "operatingIncome": 140100000, "operatingIncomeRatio": 0.0965341418, "totalOtherIncomeExpensesNet": 7400000, "incomeBeforeTax": 125500000, "incomeBeforeTaxRatio": 0.0864741955, "incomeTaxExpense": 46400000, "netIncome": 79100000, "netIncomeRatio": 0.0545028595, "eps": 1.28, "epsdiluted": 1.27, "weightedAverageShsOut": 48906250, "weightedAverageShsOutDil": 49291339, "link": "https://www.sec.gov/Archives/edgar/data/78890/0000950117-99-000560-index.html", "finalLink": "https://www.sec.gov/Archives/edgar/data/78890/0000950117-99-000560.txt", "calculatedOtherExpenses": 82600000, "calculatedOperatingExpenses": 289900000, "calculatedNetInterest": 0, "calculatedOtherIncome": -14600000, "calculatedIncomeNonControlling": 0, "calculatedEbitda": 222700000}, {"date": "1997-12-31", "symbol": "BCO", "reportedCurrency": "USD", "cik": "0000078890", "fillingDate": "1998-03-27", "acceptedDate": "1998-03-27 00:00:00", "calendarYear": "1997", "period": "FY", "revenue": 1101400000, "costOfRevenue": 753700000, "grossProfit": 347700000, "grossProfitRatio": 0.3156891229, "researchAndDevelopmentExpenses": 0, "generalAndAdministrativeExpenses": 160700000, "sellingAndMarketingExpenses": 0, "sellingGeneralAndAdministrativeExpenses": 160700000, "otherExpenses": 61300000, "operatingExpenses": 222000000, "costAndExpenses": 975700000, "interestIncome": 0, "interestExpense": 0, "depreciationAndAmortization": 61300000, "ebitda": 188000000, "ebitdaratio": 0.1706918467, "operatingIncome": 125700000, "operatingIncomeRatio": 0.1141274741, "totalOtherIncomeExpensesNet": -1000000, "incomeBeforeTax": 113300000, "incomeBeforeTaxRatio": 0.1028690757, "incomeTaxExpense": 39700000, "netIncome": 73600000, "netIncomeRatio": 0.0668240421, "eps": 1.92, "epsdiluted": 1.9, "weightedAverageShsOut": 38248175, "weightedAverageShsOutDil": 38529412, "link": "https://www.sec.gov/Archives/edgar/data/78890/000095011798000643/0000950117-98-000643-index.html", "finalLink": "https://www.sec.gov/Archives/edgar/data/78890/", "calculatedOtherExpenses": 61300000, "calculatedOperatingExpenses": 222000000, "calculatedNetInterest": 0, "calculatedOtherIncome": -12400000, "calculatedIncomeNonControlling": 0, "calculatedEbitda": 187000000}, {"date": "1996-12-31", "symbol": "BCO", "reportedCurrency": "USD", "cik": "0000078890", "fillingDate": "1997-03-27", "acceptedDate": "1997-03-27 00:00:00", "calendarYear": "1996", "period": "FY", "revenue": 909800000, "costOfRevenue": 632500000, "grossProfit": 277300000, "grossProfitRatio": 0.304792262, "researchAndDevelopmentExpenses": 0, "generalAndAdministrativeExpenses": 130800000, "sellingAndMarketingExpenses": 0, "sellingGeneralAndAdministrativeExpenses": 130800000, "otherExpenses": 54600000, "operatingExpenses": 185400000, "costAndExpenses": 817900000, "interestIncome": 0, "interestExpense": 0, "depreciationAndAmortization": 54600000, "ebitda": 146800000, "ebitdaratio": 0.1613541438, "operatingIncome": 91900000, "operatingIncomeRatio": 0.1010112113, "totalOtherIncomeExpensesNet": -300000, "incomeBeforeTax": 89800000, "incomeBeforeTaxRatio": 0.0987030117, "incomeTaxExpense": 30100000, "netIncome": 59700000, "netIncomeRatio": 0.0656188173, "eps": 1.56, "epsdiluted": 1.56, "weightedAverageShsOut": 38200000, "weightedAverageShsOutDil": 38611111, "link": "https://www.sec.gov/Archives/edgar/data/78890/000095011797000468/0000950117-97-000468-index.html", "finalLink": "https://www.sec.gov/Archives/edgar/data/78890/", "calculatedOtherExpenses": 54600000, "calculatedOperatingExpenses": 185400000, "calculatedNetInterest": 0, "calculatedOtherIncome": -2100000, "calculatedIncomeNonControlling": 0, "calculatedEbitda": 146500000}, {"date": "1995-12-31", "symbol": "BCO", "reportedCurrency": "USD", "cik": "0000078890", "fillingDate": "1996-04-01", "acceptedDate": "1996-04-01 00:00:00", "calendarYear": "1995", "period": "FY", "revenue": 788400000, "costOfRevenue": 556700000, "grossProfit": 231700000, "grossProfitRatio": 0.2938863521, "researchAndDevelopmentExpenses": 0, "generalAndAdministrativeExpenses": 112100000, "sellingAndMarketingExpenses": 0, "sellingGeneralAndAdministrativeExpenses": 112100000, "otherExpenses": 43000000, "operatingExpenses": 155100000, "costAndExpenses": 711800000, "interestIncome": 0, "interestExpense": 0, "depreciationAndAmortization": 43000000, "ebitda": 120400000, "ebitdaratio": 0.1527143582, "operatingIncome": 76600000, "operatingIncomeRatio": 0.0971588026, "totalOtherIncomeExpensesNet": -800000, "incomeBeforeTax": 73800000, "incomeBeforeTaxRatio": 0.0936073059, "incomeTaxExpense": 22700000, "netIncome": 51100000, "netIncomeRatio": 0.0648148148, "eps": 1.35, "epsdiluted": 1.35, "weightedAverageShsOut": 37931000, "weightedAverageShsOutDil": 37931000, "link": "https://www.sec.gov/Archives/edgar/data/78890/000095011796000277/0000950117-96-000277-index.html", "finalLink": "https://www.sec.gov/Archives/edgar/data/78890/", "calculatedOtherExpenses": 43000000, "calculatedOperatingExpenses": 155100000, "calculatedNetInterest": 0, "calculatedOtherIncome": -2800000, "calculatedIncomeNonControlling": 0, "calculatedEbitda": 119600000}, {"date": "1994-12-31", "symbol": "BCO", "reportedCurrency": "USD", "cik": "0000078890", "fillingDate": "1995-03-29", "acceptedDate": "1995-03-29 00:00:00", "calendarYear": "1994", "period": "FY", "revenue": 2667275000, "costOfRevenue": 771586000, "grossProfit": 1895689000, "grossProfitRatio": 0.7107212417, "researchAndDevelopmentExpenses": 0, "generalAndAdministrativeExpenses": 244330000, "sellingAndMarketingExpenses": 0, "sellingGeneralAndAdministrativeExpenses": 244330000, "otherExpenses": 1632886000, "operatingExpenses": 1877216000, "costAndExpenses": 2648802000, "interestIncome": 0, "interestExpense": 0, "depreciationAndAmortization": 101856000, "ebitda": 125901000, "ebitdaratio": 0.047202107, "operatingIncome": 42873000, "operatingIncomeRatio": 0.0160737082, "totalOtherIncomeExpensesNet": -5572000, "incomeBeforeTax": 28325000, "incomeBeforeTaxRatio": 0.0106194524, "incomeTaxExpense": 1428000, "netIncome": 26897000, "netIncomeRatio": 0.0100840746, "eps": 2.11, "epsdiluted": 2.11, "weightedAverageShsOut": 37784000, "weightedAverageShsOutDil": 37784000, "link": "https://www.sec.gov/Archives/edgar/data/78890/000095011795000068/0000950117-95-000068-index.html", "finalLink": "https://www.sec.gov/Archives/edgar/data/78890/", "calculatedOtherExpenses": 1608486000, "calculatedOperatingExpenses": 1852816000, "calculatedNetInterest": 0, "calculatedOtherIncome": -14548000, "calculatedIncomeNonControlling": 0, "calculatedEbitda": 144729000}]}