{"originalCurrency": "USD", "convertedCurrency": "USD", "report": [{"date": "2023-12-31", "symbol": "BDC", "reportedCurrency": "USD", "cik": "0000913142", "fillingDate": "2024-02-13", "acceptedDate": "2024-02-13 16:17:08", "calendarYear": "2023", "period": "FY", "revenue": 2512084000, "costOfRevenue": 1595826000, "grossProfit": 916258000, "grossProfitRatio": 0.3647401918, "researchAndDevelopmentExpenses": 114802000, "generalAndAdministrativeExpenses": 0, "sellingAndMarketingExpenses": 0, "sellingGeneralAndAdministrativeExpenses": 471163000, "otherExpenses": 1863000, "operatingExpenses": 585965000, "costAndExpenses": 2181791000, "interestIncome": 0, "interestExpense": 33625000, "depreciationAndAmortization": 99467000, "ebitda": 429760000, "ebitdaratio": 0.1710770818, "operatingIncome": 330293000, "operatingIncomeRatio": 0.1314816702, "totalOtherIncomeExpensesNet": -44537000, "incomeBeforeTax": 285756000, "incomeBeforeTaxRatio": 0.1137525656, "incomeTaxExpense": 43200000, "netIncome": 242759000, "netIncomeRatio": 0.0966364978, "eps": 5.75, "epsdiluted": 5.66, "weightedAverageShsOut": 42237000, "weightedAverageShsOutDil": 42859000, "link": "https://www.sec.gov/Archives/edgar/data/913142/000091314224000007/0000913142-24-000007-index.htm", "finalLink": "https://www.sec.gov/Archives/edgar/data/913142/000091314224000007/bdc-20231231.htm", "calculatedOtherExpenses": 0, "calculatedOperatingExpenses": 585965000, "calculatedNetInterest": -33625000, "calculatedOtherIncome": -10912000, "calculatedIncomeNonControlling": -203000, "calculatedEbitda": 429760000}, {"date": "2022-12-31", "symbol": "BDC", "reportedCurrency": "USD", "cik": "0000913142", "fillingDate": "2023-02-24", "acceptedDate": "2023-02-24 09:25:43", "calendarYear": "2022", "period": "FY", "revenue": 2606485000, "costOfRevenue": 1690196000, "grossProfit": 916289000, "grossProfitRatio": 0.3515420192, "researchAndDevelopmentExpenses": 104350000, "generalAndAdministrativeExpenses": 0, "sellingAndMarketingExpenses": 0, "sellingGeneralAndAdministrativeExpenses": 448636000, "otherExpenses": 37860000, "operatingExpenses": 590846000, "costAndExpenses": 2281042000, "interestIncome": 43554000, "interestExpense": 43554000, "depreciationAndAmortization": 54852000, "ebitda": 418186000, "ebitdaratio": 0.1604405934, "operatingIncome": 363334000, "operatingIncomeRatio": 0.13939616, "totalOtherIncomeExpensesNet": -45941000, "incomeBeforeTax": 317393000, "incomeBeforeTaxRatio": 0.121770507, "incomeTaxExpense": 49645000, "netIncome": 254663000, "netIncomeRatio": 0.0977036123, "eps": 6.02, "epsdiluted": 5.93, "weightedAverageShsOut": 43845000, "weightedAverageShsOutDil": 44537000, "link": "https://www.sec.gov/Archives/edgar/data/913142/000091314223000008/0000913142-23-000008-index.htm", "finalLink": "https://www.sec.gov/Archives/edgar/data/913142/000091314223000008/bdc-20221231.htm", "calculatedOtherExpenses": -31000, "calculatedOperatingExpenses": 552955000, "calculatedNetInterest": 0, "calculatedOtherIncome": -45941000, "calculatedIncomeNonControlling": 13085000, "calculatedEbitda": 418186000}, {"date": "2021-12-31", "symbol": "BDC", "reportedCurrency": "USD", "cik": "0000913142", "fillingDate": "2022-02-15", "acceptedDate": "2022-02-15 14:44:21", "calendarYear": "2021", "period": "FY", "revenue": 2408100000, "costOfRevenue": 1553738000, "grossProfit": 854362000, "grossProfitRatio": 0.3547867613, "researchAndDevelopmentExpenses": 124660000, "generalAndAdministrativeExpenses": 0, "sellingAndMarketingExpenses": 0, "sellingGeneralAndAdministrativeExpenses": 426335000, "otherExpenses": 38346000, "operatingExpenses": 589341000, "costAndExpenses": 2143079000, "interestIncome": 62693000, "interestExpense": 62695000, "depreciationAndAmortization": 87988000, "ebitda": 384521000, "ebitdaratio": 0.1596781695, "operatingIncome": 296533000, "operatingIncomeRatio": 0.1231398198, "totalOtherIncomeExpensesNet": -208871000, "incomeBeforeTax": 87662000, "incomeBeforeTaxRatio": 0.0364029733, "incomeTaxExpense": 25205000, "netIncome": 63925000, "netIncomeRatio": 0.0265458245, "eps": 1.39, "epsdiluted": 1.37, "weightedAverageShsOut": 44802000, "weightedAverageShsOutDil": 45361000, "link": "https://www.sec.gov/Archives/edgar/data/913142/000091314222000007/0000913142-22-000007-index.htm", "finalLink": "https://www.sec.gov/Archives/edgar/data/913142/000091314222000007/bdc-20211231.htm", "calculatedOtherExpenses": 6834000, "calculatedOperatingExpenses": 557829000, "calculatedNetInterest": -2000, "calculatedOtherIncome": -208869000, "calculatedIncomeNonControlling": -1468000, "calculatedEbitda": 384521000}, {"date": "2020-12-31", "symbol": "BDC", "reportedCurrency": "USD", "cik": "0000913142", "fillingDate": "2021-02-16", "acceptedDate": "2021-02-16 17:15:33", "calendarYear": "2020", "period": "FY", "revenue": 1862716000, "costOfRevenue": 1199427000, "grossProfit": 663289000, "grossProfitRatio": 0.3560870256, "researchAndDevelopmentExpenses": 107296000, "generalAndAdministrativeExpenses": 0, "sellingAndMarketingExpenses": 0, "sellingGeneralAndAdministrativeExpenses": 366188000, "otherExpenses": 64395000, "operatingExpenses": 537879000, "costAndExpenses": 1737306000, "interestIncome": 58903000, "interestExpense": 58888000, "depreciationAndAmortization": 108292000, "ebitda": 233702000, "ebitdaratio": 0.1254630335, "operatingIncome": 125410000, "operatingIncomeRatio": 0.0673264201, "totalOtherIncomeExpensesNet": -59283000, "incomeBeforeTax": 66127000, "incomeBeforeTaxRatio": 0.0355003124, "incomeTaxExpense": 11724000, "netIncome": 54403000, "netIncomeRatio": 0.0292062773, "eps": 1.21, "epsdiluted": 1.21, "weightedAverageShsOut": 44778000, "weightedAverageShsOutDil": 44778000, "link": "https://www.sec.gov/Archives/edgar/data/913142/000091314221000007/0000913142-21-000007-index.htm", "finalLink": "https://www.sec.gov/Archives/edgar/data/913142/000091314221000007/bdc-20201231.htm", "calculatedOtherExpenses": 64395000, "calculatedOperatingExpenses": 537879000, "calculatedNetInterest": 15000, "calculatedOtherIncome": -59298000, "calculatedIncomeNonControlling": 0, "calculatedEbitda": 233702000}, {"date": "2019-12-31", "symbol": "BDC", "reportedCurrency": "USD", "cik": "0000913142", "fillingDate": "2020-02-11", "acceptedDate": "2020-02-11 16:30:05", "calendarYear": "2019", "period": "FY", "revenue": 2131278000, "costOfRevenue": 1337773000, "grossProfit": 793505000, "grossProfitRatio": 0.3723141702, "researchAndDevelopmentExpenses": 94360000, "generalAndAdministrativeExpenses": 0, "sellingAndMarketingExpenses": 0, "sellingGeneralAndAdministrativeExpenses": 417329000, "otherExpenses": 74609000, "operatingExpenses": 586298000, "costAndExpenses": 1924071000, "interestIncome": 55814000, "interestExpense": 55814000, "depreciationAndAmortization": 140276000, "ebitda": 347483000, "ebitdaratio": 0.1630397348, "operatingIncome": 207207000, "operatingIncomeRatio": 0.0972219485, "totalOtherIncomeExpensesNet": -54797000, "incomeBeforeTax": 152410000, "incomeBeforeTaxRatio": 0.071511084, "incomeTaxExpense": 42519000, "netIncome": 109891000, "netIncomeRatio": 0.0515610821, "eps": 2.6, "epsdiluted": 2.6, "weightedAverageShsOut": 42203000, "weightedAverageShsOutDil": 42203000, "link": "https://www.sec.gov/Archives/edgar/data/913142/000091314220000008/0000913142-20-000008-index.htm", "finalLink": "https://www.sec.gov/Archives/edgar/data/913142/000091314220000008/bdc-12312019x10k.htm", "calculatedOtherExpenses": 74609000, "calculatedOperatingExpenses": 586298000, "calculatedNetInterest": 0, "calculatedOtherIncome": -54797000, "calculatedIncomeNonControlling": 0, "calculatedEbitda": 347483000}, {"date": "2018-12-31", "symbol": "BDC", "reportedCurrency": "USD", "cik": "0000913142", "fillingDate": "2019-02-20", "acceptedDate": "2019-02-20 12:21:56", "calendarYear": "2018", "period": "FY", "revenue": 2585368000, "costOfRevenue": 1576956000, "grossProfit": 1008412000, "grossProfitRatio": 0.3900458271, "researchAndDevelopmentExpenses": 140585000, "generalAndAdministrativeExpenses": 0, "sellingAndMarketingExpenses": 0, "sellingGeneralAndAdministrativeExpenses": 525918000, "otherExpenses": -342000, "operatingExpenses": 765332000, "costAndExpenses": 2342288000, "interestIncome": 0, "interestExpense": 61559000, "depreciationAndAmortization": 148632000, "ebitda": 391370000, "ebitdaratio": 0.1513788366, "operatingIncome": 305221000, "operatingIncomeRatio": 0.1180570812, "totalOtherIncomeExpensesNet": 38809000, "incomeBeforeTax": 220330000, "incomeBeforeTaxRatio": 0.0852219104, "incomeTaxExpense": 59619000, "netIncome": 160894000, "netIncomeRatio": 0.0622325332, "eps": 3.96, "epsdiluted": 3.93, "weightedAverageShsOut": 40675000, "weightedAverageShsOutDil": 40956000, "link": "https://www.sec.gov/Archives/edgar/data/913142/000091314219000004/0000913142-19-000004-index.htm", "finalLink": "https://www.sec.gov/Archives/edgar/data/913142/000091314219000004/bdc-20183112x10k.htm", "calculatedOtherExpenses": 36688000, "calculatedOperatingExpenses": 703191000, "calculatedNetInterest": -61559000, "calculatedOtherIncome": -23332000, "calculatedIncomeNonControlling": -183000, "calculatedEbitda": 453853000}, {"date": "2017-12-31", "symbol": "BDC", "reportedCurrency": "USD", "cik": "0000913142", "fillingDate": "2018-02-13", "acceptedDate": "2018-02-13 16:22:28", "calendarYear": "2017", "period": "FY", "revenue": 2388643000, "costOfRevenue": 1454604000, "grossProfit": 934039000, "grossProfitRatio": 0.3910333189, "researchAndDevelopmentExpenses": 134330000, "generalAndAdministrativeExpenses": 0, "sellingAndMarketingExpenses": 0, "sellingGeneralAndAdministrativeExpenses": 461022000, "otherExpenses": 103997000, "operatingExpenses": 699349000, "costAndExpenses": 2153953000, "interestIncome": 0, "interestExpense": 82901000, "depreciationAndAmortization": 149650000, "ebitda": 384340000, "ebitdaratio": 0.1609030734, "operatingIncome": 234690000, "operatingIncomeRatio": 0.0982524387, "totalOtherIncomeExpensesNet": -52441000, "incomeBeforeTax": 99348000, "incomeBeforeTaxRatio": 0.0415918159, "incomeTaxExpense": 6495000, "netIncome": 93210000, "netIncomeRatio": 0.0390221561, "eps": 2.21, "epsdiluted": 2.19, "weightedAverageShsOut": 42220000, "weightedAverageShsOutDil": 42643000, "link": "https://www.sec.gov/Archives/edgar/data/913142/000091314218000006/0000913142-18-000006-index.htm", "finalLink": "https://www.sec.gov/Archives/edgar/data/913142/000091314218000006/bdc-20173112x10k.htm", "calculatedOtherExpenses": 103997000, "calculatedOperatingExpenses": 699349000, "calculatedNetInterest": -82901000, "calculatedOtherIncome": -52441000, "calculatedIncomeNonControlling": -357000, "calculatedEbitda": 384340000}, {"date": "2016-12-31", "symbol": "BDC", "reportedCurrency": "USD", "cik": "0000913142", "fillingDate": "2017-02-17", "acceptedDate": "2017-02-17 11:09:10", "calendarYear": "2016", "period": "FY", "revenue": 2356672000, "costOfRevenue": 1375678000, "grossProfit": 980994000, "grossProfitRatio": 0.4162624243, "researchAndDevelopmentExpenses": 140601000, "generalAndAdministrativeExpenses": 0, "sellingAndMarketingExpenses": 0, "sellingGeneralAndAdministrativeExpenses": 494224000, "otherExpenses": 98385000, "operatingExpenses": 733210000, "costAndExpenses": 2108888000, "interestIncome": 0, "interestExpense": 95050000, "depreciationAndAmortization": 145593000, "ebitda": 393377000, "ebitdaratio": 0.1669205558, "operatingIncome": 223853000, "operatingIncomeRatio": 0.0949869137, "totalOtherIncomeExpensesNet": -26273000, "incomeBeforeTax": 126461000, "incomeBeforeTaxRatio": 0.0536608404, "incomeTaxExpense": -1185000, "netIncome": 128003000, "netIncomeRatio": 0.0543151529, "eps": 3.04, "epsdiluted": 3.01, "weightedAverageShsOut": 42093000, "weightedAverageShsOutDil": 42557000, "link": "https://www.sec.gov/Archives/edgar/data/913142/000091314217000005/0000913142-17-000005-index.htm", "finalLink": "https://www.sec.gov/Archives/edgar/data/913142/000091314217000005/bdc-20163112x10k.htm", "calculatedOtherExpenses": 122316000, "calculatedOperatingExpenses": 757141000, "calculatedNetInterest": -95050000, "calculatedOtherIncome": -2342000, "calculatedIncomeNonControlling": -357000, "calculatedEbitda": 369446000}, {"date": "2015-12-31", "symbol": "BDC", "reportedCurrency": "USD", "cik": "0000913142", "fillingDate": "2016-02-25", "acceptedDate": "2016-02-25 13:30:37", "calendarYear": "2015", "period": "FY", "revenue": 2309222000, "costOfRevenue": 1391049000, "grossProfit": 918173000, "grossProfitRatio": 0.3976114033, "researchAndDevelopmentExpenses": 148311000, "generalAndAdministrativeExpenses": 0, "sellingAndMarketingExpenses": 0, "sellingGeneralAndAdministrativeExpenses": 527288000, "otherExpenses": 103791000, "operatingExpenses": 779390000, "costAndExpenses": 2170439000, "interestIncome": 0, "interestExpense": 100613000, "depreciationAndAmortization": 150342000, "ebitda": 290895000, "ebitdaratio": 0.125970998, "operatingIncome": 140553000, "operatingIncomeRatio": 0.060865954, "totalOtherIncomeExpensesNet": 1770000, "incomeBeforeTax": 39940000, "incomeBeforeTaxRatio": 0.0172958685, "incomeTaxExpense": -26568000, "netIncome": 66204000, "netIncomeRatio": 0.028669396, "eps": 1.56, "epsdiluted": 1.54, "weightedAverageShsOut": 42390000, "weightedAverageShsOutDil": 42953000, "link": "https://www.sec.gov/Archives/edgar/data/913142/000119312516477756/0001193125-16-477756-index.htm", "finalLink": "https://www.sec.gov/Archives/edgar/data/913142/000119312516477756/d48667d10k.htm", "calculatedOtherExpenses": 102021000, "calculatedOperatingExpenses": 777620000, "calculatedNetInterest": -100613000, "calculatedOtherIncome": 0, "calculatedIncomeNonControlling": 304000, "calculatedEbitda": 290895000}, {"date": "2014-12-31", "symbol": "BDC", "reportedCurrency": "USD", "cik": "0000913142", "fillingDate": "2015-02-23", "acceptedDate": "2015-02-23 09:52:19", "calendarYear": "2014", "period": "FY", "revenue": 2308265000, "costOfRevenue": 1488816000, "grossProfit": 819449000, "grossProfitRatio": 0.3550064659, "researchAndDevelopmentExpenses": 113914000, "generalAndAdministrativeExpenses": 0, "sellingAndMarketingExpenses": 0, "sellingGeneralAndAdministrativeExpenses": 487945000, "otherExpenses": 58426000, "operatingExpenses": 660285000, "costAndExpenses": 2149101000, "interestIncome": 583000, "interestExpense": 82156000, "depreciationAndAmortization": 102162000, "ebitda": 265864000, "ebitdaratio": 0.1151791497, "operatingIncome": 163119000, "operatingIncomeRatio": 0.0706673627, "totalOtherIncomeExpensesNet": 3955000, "incomeBeforeTax": 81546000, "incomeBeforeTaxRatio": 0.0353278328, "incomeTaxExpense": 7114000, "netIncome": 74449000, "netIncomeRatio": 0.0322532292, "eps": 1.72, "epsdiluted": 1.69, "weightedAverageShsOut": 43273000, "weightedAverageShsOutDil": 43997000, "link": "https://www.sec.gov/Archives/edgar/data/913142/000119312515057344/0001193125-15-057344-index.htm", "finalLink": "https://www.sec.gov/Archives/edgar/data/913142/000119312515057344/d838386d10k.htm", "calculatedOtherExpenses": 54471000, "calculatedOperatingExpenses": 656330000, "calculatedNetInterest": -81573000, "calculatedOtherIncome": 0, "calculatedIncomeNonControlling": -17000, "calculatedEbitda": 265281000}, {"date": "2013-12-31", "symbol": "BDC", "reportedCurrency": "USD", "cik": "0000913142", "fillingDate": "2014-02-27", "acceptedDate": "2014-02-27 09:42:13", "calendarYear": "2013", "period": "FY", "revenue": 2069193000, "costOfRevenue": 1364764000, "grossProfit": 704429000, "grossProfitRatio": 0.3404365857, "researchAndDevelopmentExpenses": 83277000, "generalAndAdministrativeExpenses": 0, "sellingAndMarketingExpenses": 0, "sellingGeneralAndAdministrativeExpenses": 378009000, "otherExpenses": 50803000, "operatingExpenses": 512089000, "costAndExpenses": 1876853000, "interestIncome": 494000, "interestExpense": 73095000, "depreciationAndAmortization": 94451000, "ebitda": 296207000, "ebitdaratio": 0.1431509772, "operatingIncome": 201262000, "operatingIncomeRatio": 0.0972659389, "totalOtherIncomeExpensesNet": 7310000, "incomeBeforeTax": 127049000, "incomeBeforeTaxRatio": 0.0614002657, "incomeTaxExpense": 22315000, "netIncome": 103313000, "netIncomeRatio": 0.049929127, "eps": 2.35, "epsdiluted": 2.31, "weightedAverageShsOut": 43871000, "weightedAverageShsOutDil": 44737000, "link": "https://www.sec.gov/Archives/edgar/data/913142/000119312514071414/0001193125-14-071414-index.htm", "finalLink": "https://www.sec.gov/Archives/edgar/data/913142/000119312514071414/d636342d10k.htm", "calculatedOtherExpenses": 41881000, "calculatedOperatingExpenses": 503167000, "calculatedNetInterest": -72601000, "calculatedOtherIncome": -1612000, "calculatedIncomeNonControlling": 1421000, "calculatedEbitda": 295713000}, {"date": "2012-12-31", "symbol": "BDC", "reportedCurrency": "USD", "cik": "0000913142", "fillingDate": "2013-02-28", "acceptedDate": "2013-02-28 09:29:14", "calendarYear": "2012", "period": "FY", "revenue": 1840739000, "costOfRevenue": 1274142000, "grossProfit": 566597000, "grossProfitRatio": 0.3078095265, "researchAndDevelopmentExpenses": 65410000, "generalAndAdministrativeExpenses": 0, "sellingAndMarketingExpenses": 0, "sellingGeneralAndAdministrativeExpenses": 345926000, "otherExpenses": 22792000, "operatingExpenses": 434128000, "costAndExpenses": 1708270000, "interestIncome": 1033000, "interestExpense": 52038000, "depreciationAndAmortization": 59355000, "ebitda": 202561000, "ebitdaratio": 0.1100433033, "operatingIncome": 108497000, "operatingIncomeRatio": 0.0589420879, "totalOtherIncomeExpensesNet": -76422000, "incomeBeforeTax": 5042000, "incomeBeforeTaxRatio": 0.0027391173, "incomeTaxExpense": -38194000, "netIncome": 194490000, "netIncomeRatio": 0.1056586512, "eps": 4.31, "epsdiluted": 4.23, "weightedAverageShsOut": 45097000, "weightedAverageShsOutDil": 45942000, "link": "https://www.sec.gov/Archives/edgar/data/913142/000119312513082378/0001193125-13-082378-index.htm", "finalLink": "https://www.sec.gov/Archives/edgar/data/913142/000119312513082378/d436176d10k.htm", "calculatedOtherExpenses": 46764000, "calculatedOperatingExpenses": 458100000, "calculatedNetInterest": -51005000, "calculatedOtherIncome": -52450000, "calculatedIncomeNonControlling": -151254000, "calculatedEbitda": 167852000}, {"date": "2011-12-31", "symbol": "BDC", "reportedCurrency": "USD", "cik": "0000913142", "fillingDate": "2012-02-29", "acceptedDate": "2012-02-29 09:31:11", "calendarYear": "2011", "period": "FY", "revenue": 1981953000, "costOfRevenue": 1410134000, "grossProfit": 571819000, "grossProfitRatio": 0.2885128961, "researchAndDevelopmentExpenses": 55711000, "generalAndAdministrativeExpenses": 0, "sellingAndMarketingExpenses": 0, "sellingGeneralAndAdministrativeExpenses": 325950000, "otherExpenses": 13772000, "operatingExpenses": 382264000, "costAndExpenses": 1792398000, "interestIncome": 1011000, "interestExpense": 48126000, "depreciationAndAmortization": 50174000, "ebitda": 240740000, "ebitdaratio": 0.1214660489, "operatingIncome": 187006000, "operatingIncomeRatio": 0.094354407, "totalOtherIncomeExpensesNet": -2549000, "incomeBeforeTax": 139891000, "incomeBeforeTaxRatio": 0.0705824003, "incomeTaxExpense": 24638000, "netIncome": 114345000, "netIncomeRatio": 0.0576930936, "eps": 2.43, "epsdiluted": 2.38, "weightedAverageShsOut": 47109000, "weightedAverageShsOutDil": 48104000, "link": "https://www.sec.gov/Archives/edgar/data/913142/000119312512087394/0001193125-12-087394-index.htm", "finalLink": "https://www.sec.gov/Archives/edgar/data/913142/000119312512087394/d259903d10k.htm", "calculatedOtherExpenses": 3152000, "calculatedOperatingExpenses": 384813000, "calculatedNetInterest": -47115000, "calculatedOtherIncome": 0, "calculatedIncomeNonControlling": 908000, "calculatedEbitda": 237180000}, {"date": "2010-12-31", "symbol": "BDC", "reportedCurrency": "USD", "cik": "0000913142", "fillingDate": "2011-02-25", "acceptedDate": "2011-02-25 11:28:53", "calendarYear": "2010", "period": "FY", "revenue": 1617090000, "costOfRevenue": 1149796000, "grossProfit": 467294000, "grossProfitRatio": 0.2889721661, "researchAndDevelopmentExpenses": 42605000, "generalAndAdministrativeExpenses": 0, "sellingAndMarketingExpenses": 0, "sellingGeneralAndAdministrativeExpenses": 279677000, "otherExpenses": 11189000, "operatingExpenses": 321531000, "costAndExpenses": 1471327000, "interestIncome": 1184000, "interestExpense": 49826000, "depreciationAndAmortization": 55279000, "ebitda": 202226000, "ebitdaratio": 0.1250555009, "operatingIncome": 129189000, "operatingIncomeRatio": 0.0798898021, "totalOtherIncomeExpensesNet": -15109000, "incomeBeforeTax": 82012000, "incomeBeforeTaxRatio": 0.0507157919, "incomeTaxExpense": 12714000, "netIncome": 108459000, "netIncomeRatio": 0.0670704785, "eps": 2.32, "epsdiluted": 2.27, "weightedAverageShsOut": 46805000, "weightedAverageShsOutDil": 47783000, "link": "https://www.sec.gov/Archives/edgar/data/913142/000095012311018365/0000950123-11-018365-index.htm", "finalLink": "https://www.sec.gov/Archives/edgar/data/913142/000095012311018365/c61949e10vk.htm", "calculatedOtherExpenses": 15823000, "calculatedOperatingExpenses": 338105000, "calculatedNetInterest": -48642000, "calculatedOtherIncome": 1465000, "calculatedIncomeNonControlling": -39161000, "calculatedEbitda": 184468000}, {"date": "2009-12-31", "symbol": "BDC", "reportedCurrency": "USD", "cik": "0000913142", "fillingDate": "2010-02-26", "acceptedDate": "2010-02-26 17:05:25", "calendarYear": "2009", "period": "FY", "revenue": 1415262000, "costOfRevenue": 1002064000, "grossProfit": 413198000, "grossProfitRatio": 0.2919586621, "researchAndDevelopmentExpenses": 60870000, "generalAndAdministrativeExpenses": 0, "sellingAndMarketingExpenses": 0, "sellingGeneralAndAdministrativeExpenses": 289672000, "otherExpenses": 33264000, "operatingExpenses": 383806000, "costAndExpenses": 1385870000, "interestIncome": 1046000, "interestExpense": 41857000, "depreciationAndAmortization": 55857000, "ebitda": 86295000, "ebitdaratio": 0.0609745757, "operatingIncome": 1641000, "operatingIncomeRatio": 0.0011595026, "totalOtherIncomeExpensesNet": -22995000, "incomeBeforeTax": -34414000, "incomeBeforeTaxRatio": -0.0243163457, "incomeTaxExpense": -10909000, "netIncome": -24901000, "netIncomeRatio": -0.0175946221, "eps": -0.53, "epsdiluted": -0.53, "weightedAverageShsOut": 46594000, "weightedAverageShsOutDil": 46594000, "link": "https://www.sec.gov/Archives/edgar/data/913142/000095012310018295/0000950123-10-018295-index.htm", "finalLink": "https://www.sec.gov/Archives/edgar/data/913142/000095012310018295/c55372e10vk.htm", "calculatedOtherExpenses": 61015000, "calculatedOperatingExpenses": 411557000, "calculatedNetInterest": -40811000, "calculatedOtherIncome": 4756000, "calculatedIncomeNonControlling": 1396000, "calculatedEbitda": 57498000}, {"date": "2008-12-31", "symbol": "BDC", "reportedCurrency": "USD", "cik": "0000913142", "fillingDate": "2009-02-27", "acceptedDate": "2009-02-27 17:06:11", "calendarYear": "2008", "period": "FY", "revenue": 2005890000, "costOfRevenue": 1442208000, "grossProfit": 563682000, "grossProfitRatio": 0.2810134155, "researchAndDevelopmentExpenses": 50089000, "generalAndAdministrativeExpenses": 0, "sellingAndMarketingExpenses": 0, "sellingGeneralAndAdministrativeExpenses": 362122000, "otherExpenses": 17167000, "operatingExpenses": 429378000, "costAndExpenses": 1871586000, "interestIncome": 5300000, "interestExpense": 36660000, "depreciationAndAmortization": 56836000, "ebitda": 196440000, "ebitdaratio": 0.0979315915, "operatingIncome": -342188000, "operatingIncomeRatio": -0.1705916077, "totalOtherIncomeExpensesNet": -470166000, "incomeBeforeTax": -367222000, "incomeBeforeTaxRatio": -0.1830718534, "incomeTaxExpense": -6195000, "netIncome": -361027000, "netIncomeRatio": -0.1799834487, "eps": -8.08, "epsdiluted": -8.08, "weightedAverageShsOut": 44692000, "weightedAverageShsOutDil": 44692000, "link": "https://www.sec.gov/Archives/edgar/data/913142/000095013709001374/0000950137-09-001374-index.htm", "finalLink": "https://www.sec.gov/Archives/edgar/data/913142/000095013709001374/c48690e10vk.htm", "calculatedOtherExpenses": 493659000, "calculatedOperatingExpenses": 905870000, "calculatedNetInterest": -31360000, "calculatedOtherIncome": 6326000, "calculatedIncomeNonControlling": 0, "calculatedEbitda": -285352000}, {"date": "2007-12-31", "symbol": "BDC", "reportedCurrency": "USD", "cik": "0000913142", "fillingDate": "2008-02-29", "acceptedDate": "2008-02-29 14:54:13", "calendarYear": "2007", "period": "FY", "revenue": 2032841000, "costOfRevenue": 1471471000, "grossProfit": 561370000, "grossProfitRatio": 0.2761504712, "researchAndDevelopmentExpenses": 0, "generalAndAdministrativeExpenses": 0, "sellingAndMarketingExpenses": 0, "sellingGeneralAndAdministrativeExpenses": 345928000, "otherExpenses": 0, "operatingExpenses": 340634000, "costAndExpenses": 1812105000, "interestIncome": 3748000, "interestExpense": -9805000, "depreciationAndAmortization": 51746000, "ebitda": 265389000, "ebitdaratio": 0.1305507907, "operatingIncome": 220736000, "operatingIncomeRatio": 0.1085849803, "totalOtherIncomeExpensesNet": 7093000, "incomeBeforeTax": 201563000, "incomeBeforeTaxRatio": 0.0991533524, "incomeTaxExpense": 64440000, "netIncome": 137123000, "netIncomeRatio": 0.0674538737, "eps": 3.06, "epsdiluted": 2.71, "weightedAverageShsOut": 44877000, "weightedAverageShsOutDil": 50615000, "link": "https://www.sec.gov/Archives/edgar/data/913142/000095013708003072/0000950137-08-003072-index.htm", "finalLink": "https://www.sec.gov/Archives/edgar/data/913142/000095013708003072/c24313e10vk.htm", "calculatedOtherExpenses": -5294000, "calculatedOperatingExpenses": 340634000, "calculatedNetInterest": 13553000, "calculatedOtherIncome": -32726000, "calculatedIncomeNonControlling": 0, "calculatedEbitda": 272482000}, {"date": "2006-12-31", "symbol": "BDC", "reportedCurrency": "USD", "cik": "0000913142", "fillingDate": "2007-03-01", "acceptedDate": "2007-03-01 17:08:19", "calendarYear": "2006", "period": "FY", "revenue": 1495811000, "costOfRevenue": 1162498000, "grossProfit": 333313000, "grossProfitRatio": 0.2228309593, "researchAndDevelopmentExpenses": 0, "generalAndAdministrativeExpenses": 0, "sellingAndMarketingExpenses": 0, "sellingGeneralAndAdministrativeExpenses": 203756000, "otherExpenses": 11079000, "operatingExpenses": 214835000, "costAndExpenses": 1377333000, "interestIncome": 0, "interestExpense": 0, "depreciationAndAmortization": 38616000, "ebitda": 168360000, "ebitdaratio": 0.1125543267, "operatingIncome": 118478000, "operatingIncomeRatio": 0.0792065308, "totalOtherIncomeExpensesNet": -11266000, "incomeBeforeTax": 112276000, "incomeBeforeTaxRatio": 0.075060285, "incomeTaxExpense": 40713000, "netIncome": 65935000, "netIncomeRatio": 0.0440797668, "eps": 1.52, "epsdiluted": 1.31, "weightedAverageShsOut": 43319000, "weightedAverageShsOutDil": 50276000, "link": "https://www.sec.gov/Archives/edgar/data/913142/000095013707003138/0000950137-07-003138-index.htm", "finalLink": "https://www.sec.gov/Archives/edgar/data/913142/000095013707003138/c12830e10vk.htm", "calculatedOtherExpenses": 11079000, "calculatedOperatingExpenses": 214835000, "calculatedNetInterest": 0, "calculatedOtherIncome": -6202000, "calculatedIncomeNonControlling": 5628000, "calculatedEbitda": 157094000}, {"date": "2005-12-31", "symbol": "BDC", "reportedCurrency": "USD", "cik": "0000913142", "fillingDate": "2006-03-16", "acceptedDate": "2006-03-16 10:27:05", "calendarYear": "2005", "period": "FY", "revenue": 1352131000, "costOfRevenue": 1067007000, "grossProfit": 285124000, "grossProfitRatio": 0.2108701006, "researchAndDevelopmentExpenses": 0, "generalAndAdministrativeExpenses": 0, "sellingAndMarketingExpenses": 0, "sellingGeneralAndAdministrativeExpenses": 207124000, "otherExpenses": 9849000, "operatingExpenses": 216973000, "costAndExpenses": 1283980000, "interestIncome": 0, "interestExpense": 0, "depreciationAndAmortization": 40470000, "ebitda": 118470000, "ebitdaratio": 0.0876172501, "operatingIncome": 68151000, "operatingIncomeRatio": 0.0504026607, "totalOtherIncomeExpensesNet": -9849000, "incomeBeforeTax": 57361000, "incomeBeforeTaxRatio": 0.0424226647, "incomeTaxExpense": 24719000, "netIncome": 47558000, "netIncomeRatio": 0.0351726275, "eps": 1.04, "epsdiluted": 0.91, "weightedAverageShsOut": 45655000, "weightedAverageShsOutDil": 52122000, "link": "https://www.sec.gov/Archives/edgar/data/913142/000095013706003119/0000950137-06-003119-index.htm", "finalLink": "https://www.sec.gov/Archives/edgar/data/913142/000095013706003119/c03427e10vk.htm", "calculatedOtherExpenses": 9849000, "calculatedOperatingExpenses": 216973000, "calculatedNetInterest": 0, "calculatedOtherIncome": -10790000, "calculatedIncomeNonControlling": -14916000, "calculatedEbitda": 108621000}, {"date": "2004-12-31", "symbol": "BDC", "reportedCurrency": "USD", "cik": "0000913142", "fillingDate": "2005-03-31", "acceptedDate": "2005-03-31 14:42:13", "calendarYear": "2004", "period": "FY", "revenue": 966174000, "costOfRevenue": 766101000, "grossProfit": 200073000, "grossProfitRatio": 0.2070776071, "researchAndDevelopmentExpenses": 0, "generalAndAdministrativeExpenses": 0, "sellingAndMarketingExpenses": 0, "sellingGeneralAndAdministrativeExpenses": 157309000, "otherExpenses": 0, "operatingExpenses": 157309000, "costAndExpenses": 923410000, "interestIncome": 0, "interestExpense": 0, "depreciationAndAmortization": 30714000, "ebitda": 71746000, "ebitdaratio": 0.0742578459, "operatingIncome": 42764000, "operatingIncomeRatio": 0.0442611786, "totalOtherIncomeExpensesNet": 1732000, "incomeBeforeTax": 31244000, "incomeBeforeTaxRatio": 0.0323378605, "incomeTaxExpense": 15891000, "netIncome": 15189000, "netIncomeRatio": 0.0157207708, "eps": 0.43, "epsdiluted": 0.39, "weightedAverageShsOut": 35404000, "weightedAverageShsOutDil": 38724000, "link": "https://www.sec.gov/Archives/edgar/data/913142/000095013705003959/0000950137-05-003959-index.htm", "finalLink": "https://www.sec.gov/Archives/edgar/data/913142/000095013705003959/c93201e10vk.htm", "calculatedOtherExpenses": 0, "calculatedOperatingExpenses": 157309000, "calculatedNetInterest": 0, "calculatedOtherIncome": -11520000, "calculatedIncomeNonControlling": 164000, "calculatedEbitda": 73478000}, {"date": "2003-07-31", "symbol": "BDC", "reportedCurrency": "USD", "cik": "0000913142", "fillingDate": "2003-10-29", "acceptedDate": "2003-10-29 17:30:11", "calendarYear": "2003", "period": "FY", "revenue": 484663000, "costOfRevenue": 370708000, "grossProfit": 113955000, "grossProfitRatio": 0.2351221364, "researchAndDevelopmentExpenses": 4017000, "generalAndAdministrativeExpenses": 0, "sellingAndMarketingExpenses": 0, "sellingGeneralAndAdministrativeExpenses": 93158000, "otherExpenses": 0, "operatingExpenses": 97175000, "costAndExpenses": 467883000, "interestIncome": 0, "interestExpense": 0, "depreciationAndAmortization": 20122000, "ebitda": 49306000, "ebitdaratio": 0.1017325441, "operatingIncome": 4358000, "operatingIncomeRatio": 0.0089918149, "totalOtherIncomeExpensesNet": -12404000, "incomeBeforeTax": -3072000, "incomeBeforeTaxRatio": -0.0063384248, "incomeTaxExpense": -53000, "netIncome": -71574000, "netIncomeRatio": -0.147677871, "eps": -3.23, "epsdiluted": -3.23, "weightedAverageShsOut": 22172500, "weightedAverageShsOutDil": 22172500, "link": "https://www.sec.gov/Archives/edgar/data/913142/000119312503069447/0001193125-03-069447-index.htm", "finalLink": "https://www.sec.gov/Archives/edgar/data/913142/000119312503069447/d10k.htm", "calculatedOtherExpenses": 12422000, "calculatedOperatingExpenses": 109597000, "calculatedNetInterest": 0, "calculatedOtherIncome": -7430000, "calculatedIncomeNonControlling": 68555000, "calculatedEbitda": 24480000}, {"date": "2002-07-31", "symbol": "BDC", "reportedCurrency": "USD", "cik": "0000913142", "fillingDate": "2002-10-29", "acceptedDate": "2002-10-29 16:54:26", "calendarYear": "2002", "period": "FY", "revenue": 553754000, "costOfRevenue": 415106000, "grossProfit": 138648000, "grossProfitRatio": 0.2503783268, "researchAndDevelopmentExpenses": 4988000, "generalAndAdministrativeExpenses": 0, "sellingAndMarketingExpenses": 0, "sellingGeneralAndAdministrativeExpenses": 110156000, "otherExpenses": 2052000, "operatingExpenses": 117196000, "costAndExpenses": 532302000, "interestIncome": 0, "interestExpense": 0, "depreciationAndAmortization": 24159000, "ebitda": 52491000, "ebitdaratio": 0.0947911889, "operatingIncome": 15623000, "operatingIncomeRatio": 0.0282128888, "totalOtherIncomeExpensesNet": -6880000, "incomeBeforeTax": 7776000, "incomeBeforeTaxRatio": 0.0140423365, "incomeTaxExpense": 3888000, "netIncome": 3588000, "netIncomeRatio": 0.0064794114, "eps": 0.16, "epsdiluted": 0.16, "weightedAverageShsOut": 22122000, "weightedAverageShsOutDil": 22315500, "link": "https://www.sec.gov/Archives/edgar/data/913142/000102140802013002/0001021408-02-013002-index.htm", "finalLink": "https://www.sec.gov/Archives/edgar/data/913142/000102140802013002/d10k.txt", "calculatedOtherExpenses": 7881000, "calculatedOperatingExpenses": 123025000, "calculatedNetInterest": 0, "calculatedOtherIncome": -7847000, "calculatedIncomeNonControlling": 300000, "calculatedEbitda": 39782000}, {"date": "2001-07-31", "symbol": "BDC", "reportedCurrency": "USD", "cik": "0000913142", "fillingDate": "2001-10-29", "acceptedDate": "2001-10-29 00:00:00", "calendarYear": "2001", "period": "FY", "revenue": 763225000, "costOfRevenue": 548410000, "grossProfit": 214815000, "grossProfitRatio": 0.2814569753, "researchAndDevelopmentExpenses": 5211000, "generalAndAdministrativeExpenses": 0, "sellingAndMarketingExpenses": 0, "sellingGeneralAndAdministrativeExpenses": 134365000, "otherExpenses": 19955000, "operatingExpenses": 159531000, "costAndExpenses": 707941000, "interestIncome": 0, "interestExpense": 0, "depreciationAndAmortization": 22543000, "ebitda": 95627000, "ebitdaratio": 0.1252933277, "operatingIncome": 55284000, "operatingIncomeRatio": 0.0724347342, "totalOtherIncomeExpensesNet": -17800000, "incomeBeforeTax": 45359000, "incomeBeforeTaxRatio": 0.0594307052, "incomeTaxExpense": 21903000, "netIncome": 23456000, "netIncomeRatio": 0.0307327459, "eps": 1.07, "epsdiluted": 1.04, "weightedAverageShsOut": 21871500, "weightedAverageShsOutDil": 22463500, "link": "https://www.sec.gov/Archives/edgar/data/913142/000095013001504922/0000950130-01-504922-index.htm", "finalLink": "https://www.sec.gov/Archives/edgar/data/913142/000095013001504922/d10k.txt", "calculatedOtherExpenses": 19955000, "calculatedOperatingExpenses": 159531000, "calculatedNetInterest": 0, "calculatedOtherIncome": -9925000, "calculatedIncomeNonControlling": 0, "calculatedEbitda": 77827000}, {"date": "2000-07-31", "symbol": "BDC", "reportedCurrency": "USD", "cik": "0000913142", "fillingDate": "2000-10-27", "acceptedDate": "2000-10-27 00:00:00", "calendarYear": "2000", "period": "FY", "revenue": 797824000, "costOfRevenue": 542530000, "grossProfit": 255294000, "grossProfitRatio": 0.319987867, "researchAndDevelopmentExpenses": 4626000, "generalAndAdministrativeExpenses": 0, "sellingAndMarketingExpenses": 0, "sellingGeneralAndAdministrativeExpenses": 126064000, "otherExpenses": 21449000, "operatingExpenses": 152139000, "costAndExpenses": 694669000, "interestIncome": 0, "interestExpense": 0, "depreciationAndAmortization": 21449000, "ebitda": 124792000, "ebitdaratio": 0.15641545, "operatingIncome": 103155000, "operatingIncomeRatio": 0.1292954336, "totalOtherIncomeExpensesNet": -188000, "incomeBeforeTax": 90211000, "incomeBeforeTaxRatio": 0.1130713039, "incomeTaxExpense": 35291000, "netIncome": 54920000, "netIncomeRatio": 0.0688372373, "eps": 2.57, "epsdiluted": 2.49, "weightedAverageShsOut": 21332500, "weightedAverageShsOutDil": 22043000, "link": "https://www.sec.gov/Archives/edgar/data/913142/000095013000005672/0000950130-00-005672-index.htm", "finalLink": "https://www.sec.gov/Archives/edgar/data/913142/000095013000005672/0000950130-00-005672-0001.txt", "calculatedOtherExpenses": 21449000, "calculatedOperatingExpenses": 152139000, "calculatedNetInterest": 0, "calculatedOtherIncome": -12944000, "calculatedIncomeNonControlling": 0, "calculatedEbitda": 124604000}, {"date": "1999-07-31", "symbol": "BDC", "reportedCurrency": "USD", "cik": "0000913142", "fillingDate": "1999-10-27", "acceptedDate": "1999-10-27 00:00:00", "calendarYear": "1999", "period": "FY", "revenue": 684000000, "costOfRevenue": 460600000, "grossProfit": 223400000, "grossProfitRatio": 0.3266081871, "researchAndDevelopmentExpenses": 5500000, "generalAndAdministrativeExpenses": 0, "sellingAndMarketingExpenses": 0, "sellingGeneralAndAdministrativeExpenses": 113600000, "otherExpenses": 18800000, "operatingExpenses": 137900000, "costAndExpenses": 598500000, "interestIncome": 0, "interestExpense": 0, "depreciationAndAmortization": 18800000, "ebitda": 109200000, "ebitdaratio": 0.1596491228, "operatingIncome": 85500000, "operatingIncomeRatio": 0.125, "totalOtherIncomeExpensesNet": -4900000, "incomeBeforeTax": 66300000, "incomeBeforeTaxRatio": 0.0969298246, "incomeTaxExpense": 26700000, "netIncome": 39600000, "netIncomeRatio": 0.0578947368, "eps": 1.84, "epsdiluted": 1.82, "weightedAverageShsOut": 21521739, "weightedAverageShsOutDil": 21758242, "link": "https://www.sec.gov/Archives/edgar/data/913142/000095013099006036/0000950130-99-006036-index.html", "finalLink": "https://www.sec.gov/Archives/edgar/data/913142/000095013099006036/", "calculatedOtherExpenses": 18800000, "calculatedOperatingExpenses": 137900000, "calculatedNetInterest": 0, "calculatedOtherIncome": -19200000, "calculatedIncomeNonControlling": 0, "calculatedEbitda": 104300000}, {"date": "1998-07-31", "symbol": "BDC", "reportedCurrency": "USD", "cik": "0000913142", "fillingDate": "1998-10-29", "acceptedDate": "1998-10-29 00:00:00", "calendarYear": "1998", "period": "FY", "revenue": 651700000, "costOfRevenue": 446000000, "grossProfit": 205700000, "grossProfitRatio": 0.3156360288, "researchAndDevelopmentExpenses": 0, "generalAndAdministrativeExpenses": 0, "sellingAndMarketingExpenses": 0, "sellingGeneralAndAdministrativeExpenses": 112100000, "otherExpenses": 14100000, "operatingExpenses": 126200000, "costAndExpenses": 572200000, "interestIncome": 0, "interestExpense": 0, "depreciationAndAmortization": 14100000, "ebitda": 98800000, "ebitdaratio": 0.1516034985, "operatingIncome": 79500000, "operatingIncomeRatio": 0.1219886451, "totalOtherIncomeExpensesNet": -5200000, "incomeBeforeTax": 65800000, "incomeBeforeTaxRatio": 0.1009667025, "incomeTaxExpense": 25300000, "netIncome": 40500000, "netIncomeRatio": 0.0621451588, "eps": 1.9, "epsdiluted": 1.72, "weightedAverageShsOut": 21333333, "weightedAverageShsOutDil": 23491000, "link": "https://www.sec.gov/Archives/edgar/data/913142/000095013098005150/0000950130-98-005150-index.html", "finalLink": "https://www.sec.gov/Archives/edgar/data/913142/", "calculatedOtherExpenses": 14100000, "calculatedOperatingExpenses": 126200000, "calculatedNetInterest": 0, "calculatedOtherIncome": -13700000, "calculatedIncomeNonControlling": 0, "calculatedEbitda": 93600000}, {"date": "1997-07-31", "symbol": "BDC", "reportedCurrency": "USD", "cik": "0000913142", "fillingDate": "1997-10-28", "acceptedDate": "1997-10-28 00:00:00", "calendarYear": "1997", "period": "FY", "revenue": 517000000, "costOfRevenue": 352000000, "grossProfit": 165000000, "grossProfitRatio": 0.3191489362, "researchAndDevelopmentExpenses": 0, "generalAndAdministrativeExpenses": 0, "sellingAndMarketingExpenses": 0, "sellingGeneralAndAdministrativeExpenses": 92300000, "otherExpenses": 10100000, "operatingExpenses": 102400000, "costAndExpenses": 454400000, "interestIncome": 0, "interestExpense": 0, "depreciationAndAmortization": 10100000, "ebitda": 72600000, "ebitdaratio": 0.1404255319, "operatingIncome": 62600000, "operatingIncomeRatio": 0.1210831721, "totalOtherIncomeExpensesNet": 100000, "incomeBeforeTax": 57300000, "incomeBeforeTaxRatio": 0.1108317215, "incomeTaxExpense": 21300000, "netIncome": 36000000, "netIncomeRatio": 0.0696324952, "eps": 1.74, "epsdiluted": 1.56, "weightedAverageShsOut": 20689655, "weightedAverageShsOutDil": 23076923, "link": "https://www.sec.gov/Archives/edgar/data/913142/000095013097004652/0000950130-97-004652-index.html", "finalLink": "https://www.sec.gov/Archives/edgar/data/913142/", "calculatedOtherExpenses": 10100000, "calculatedOperatingExpenses": 102400000, "calculatedNetInterest": 0, "calculatedOtherIncome": -5300000, "calculatedIncomeNonControlling": 0, "calculatedEbitda": 72700000}, {"date": "1996-07-31", "symbol": "BDC", "reportedCurrency": "USD", "cik": "0000913142", "fillingDate": "1996-10-29", "acceptedDate": "1996-10-29 00:00:00", "calendarYear": "1996", "period": "FY", "revenue": 357400000, "costOfRevenue": 239500000, "grossProfit": 117900000, "grossProfitRatio": 0.3298824846, "researchAndDevelopmentExpenses": 0, "generalAndAdministrativeExpenses": 0, "sellingAndMarketingExpenses": 0, "sellingGeneralAndAdministrativeExpenses": 63600000, "otherExpenses": 6000000, "operatingExpenses": 69600000, "costAndExpenses": 309100000, "interestIncome": 0, "interestExpense": 0, "depreciationAndAmortization": 6000000, "ebitda": 71300000, "ebitdaratio": 0.1994963626, "operatingIncome": 48300000, "operatingIncomeRatio": 0.1351426973, "totalOtherIncomeExpensesNet": -17000000, "incomeBeforeTax": 25900000, "incomeBeforeTaxRatio": 0.0724678232, "incomeTaxExpense": 10000000, "netIncome": 15300000, "netIncomeRatio": 0.0428091774, "eps": 0.74, "epsdiluted": 0.74, "weightedAverageShsOut": 20675676, "weightedAverageShsOutDil": 20675676, "link": "https://www.sec.gov/Archives/edgar/data/913142/000095013096004071/0000950130-96-004071-index.html", "finalLink": "https://www.sec.gov/Archives/edgar/data/913142/", "calculatedOtherExpenses": 6000000, "calculatedOperatingExpenses": 69600000, "calculatedNetInterest": 0, "calculatedOtherIncome": -22400000, "calculatedIncomeNonControlling": 600000, "calculatedEbitda": 54300000}, {"date": "1995-07-31", "symbol": "BDC", "reportedCurrency": "USD", "cik": "0000913142", "fillingDate": "1995-07-31", "acceptedDate": "1995-07-31 00:00:00", "calendarYear": "1995", "period": "FY", "revenue": 188900000, "costOfRevenue": 122000000, "grossProfit": 66900000, "grossProfitRatio": 0.3541556379, "researchAndDevelopmentExpenses": 0, "generalAndAdministrativeExpenses": 0, "sellingAndMarketingExpenses": 0, "sellingGeneralAndAdministrativeExpenses": 33600000, "otherExpenses": 3800000, "operatingExpenses": 37400000, "costAndExpenses": 159400000, "interestIncome": 0, "interestExpense": 0, "depreciationAndAmortization": 3800000, "ebitda": 33300000, "ebitdaratio": 0.176283748, "operatingIncome": 29500000, "operatingIncomeRatio": 0.1561672843, "totalOtherIncomeExpensesNet": -5000000, "incomeBeforeTax": 24500000, "incomeBeforeTaxRatio": 0.129698253, "incomeTaxExpense": 9800000, "netIncome": 14700000, "netIncomeRatio": 0.0778189518, "eps": 0.9, "epsdiluted": 0.76, "weightedAverageShsOut": 16333333, "weightedAverageShsOutDil": 19342105, "link": null, "finalLink": null, "calculatedOtherExpenses": 3800000, "calculatedOperatingExpenses": 37400000, "calculatedNetInterest": 0, "calculatedOtherIncome": -5000000, "calculatedIncomeNonControlling": 0, "calculatedEbitda": 33300000}, {"date": "1994-07-31", "symbol": "BDC", "reportedCurrency": "USD", "cik": "0000913142", "fillingDate": "1994-07-31", "acceptedDate": "1994-07-31 00:00:00", "calendarYear": "1994", "period": "FY", "revenue": 145400000, "costOfRevenue": 93000000, "grossProfit": 52400000, "grossProfitRatio": 0.3603851444, "researchAndDevelopmentExpenses": 0, "generalAndAdministrativeExpenses": 0, "sellingAndMarketingExpenses": 0, "sellingGeneralAndAdministrativeExpenses": 27200000, "otherExpenses": 3400000, "operatingExpenses": 30600000, "costAndExpenses": 123600000, "interestIncome": 0, "interestExpense": 0, "depreciationAndAmortization": 3400000, "ebitda": 24900000, "ebitdaratio": 0.1712517194, "operatingIncome": 21800000, "operatingIncomeRatio": 0.1499312242, "totalOtherIncomeExpensesNet": 300000, "incomeBeforeTax": 16900000, "incomeBeforeTaxRatio": 0.1162310867, "incomeTaxExpense": 6800000, "netIncome": 6100000, "netIncomeRatio": 0.0419532325, "eps": 0.42, "epsdiluted": 0.34, "weightedAverageShsOut": 14523810, "weightedAverageShsOutDil": 17941176, "link": null, "finalLink": null, "calculatedOtherExpenses": 3400000, "calculatedOperatingExpenses": 30600000, "calculatedNetInterest": 0, "calculatedOtherIncome": -4900000, "calculatedIncomeNonControlling": 4000000, "calculatedEbitda": 25200000}, {"date": "1993-07-31", "symbol": "BDC", "reportedCurrency": "USD", "cik": "0000913142", "fillingDate": "1993-07-31", "acceptedDate": "1993-07-31 00:00:00", "calendarYear": "1993", "period": "FY", "revenue": 126700000, "costOfRevenue": 80800000, "grossProfit": 45900000, "grossProfitRatio": 0.362273086, "researchAndDevelopmentExpenses": 0, "generalAndAdministrativeExpenses": 0, "sellingAndMarketingExpenses": 0, "sellingGeneralAndAdministrativeExpenses": 23300000, "otherExpenses": 3100000, "operatingExpenses": 26400000, "costAndExpenses": 107200000, "interestIncome": 0, "interestExpense": 0, "depreciationAndAmortization": 3100000, "ebitda": 22900000, "ebitdaratio": 0.18074191, "operatingIncome": 19500000, "operatingIncomeRatio": 0.1539068666, "totalOtherIncomeExpensesNet": -300000, "incomeBeforeTax": 10500000, "incomeBeforeTaxRatio": 0.0828729282, "incomeTaxExpense": 4500000, "netIncome": 6000000, "netIncomeRatio": 0.047355959, "eps": 0.4, "epsdiluted": 0.36, "weightedAverageShsOut": 15000000, "weightedAverageShsOutDil": 16666667, "link": null, "finalLink": null, "calculatedOtherExpenses": 3100000, "calculatedOperatingExpenses": 26400000, "calculatedNetInterest": 0, "calculatedOtherIncome": -9000000, "calculatedIncomeNonControlling": 0, "calculatedEbitda": 22600000}]}