{"originalCurrency": "USD", "convertedCurrency": "USD", "report": [{"date": "2023-12-31", "symbol": "BE", "reportedCurrency": "USD", "cik": "0001664703", "fillingDate": "2024-02-15", "acceptedDate": "2024-02-15 16:04:22", "calendarYear": "2023", "period": "FY", "revenue": 1333470000, "costOfRevenue": 1135676000, "grossProfit": 197794000, "grossProfitRatio": 0.1483302961, "researchAndDevelopmentExpenses": 155865000, "generalAndAdministrativeExpenses": 160875000, "sellingAndMarketingExpenses": 89961000, "sellingGeneralAndAdministrativeExpenses": 250836000, "otherExpenses": -2793000, "operatingExpenses": 406701000, "costAndExpenses": 1542377000, "interestIncome": 19885000, "interestExpense": 108299000, "depreciationAndAmortization": 62609000, "ebitda": -129206000, "ebitdaratio": -0.0968945683, "operatingIncome": -208907000, "operatingIncomeRatio": -0.1566641919, "totalOtherIncomeExpensesNet": -8722000, "incomeBeforeTax": -306043000, "incomeBeforeTaxRatio": -0.2295087254, "incomeTaxExpense": 1894000, "netIncome": -302116000, "netIncomeRatio": -0.2265637772, "eps": -1.42, "epsdiluted": -1.42, "weightedAverageShsOut": 212681000, "weightedAverageShsOutDil": 212681000, "link": "https://www.sec.gov/Archives/edgar/data/1664703/000162828024005035/0001628280-24-005035-index.htm", "finalLink": "https://www.sec.gov/Archives/edgar/data/1664703/000162828024005035/be-20231231.htm", "calculatedOtherExpenses": 0, "calculatedOperatingExpenses": 406701000, "calculatedNetInterest": -88414000, "calculatedOtherIncome": -8722000, "calculatedIncomeNonControlling": -5821000, "calculatedEbitda": -146298000}, {"date": "2022-12-31", "symbol": "BE", "reportedCurrency": "USD", "cik": "0001664703", "fillingDate": "2023-02-21", "acceptedDate": "2023-02-21 16:17:50", "calendarYear": "2022", "period": "FY", "revenue": 1199125000, "costOfRevenue": 1050837000, "grossProfit": 148288000, "grossProfitRatio": 0.1236635046, "researchAndDevelopmentExpenses": 150606000, "generalAndAdministrativeExpenses": 167740000, "sellingAndMarketingExpenses": 90934000, "sellingGeneralAndAdministrativeExpenses": 258674000, "otherExpenses": 4998000, "operatingExpenses": 409280000, "costAndExpenses": 1460117000, "interestIncome": 3887000, "interestExpense": 53493000, "depreciationAndAmortization": 70493000, "ebitda": -190499000, "ebitdaratio": -0.1588650057, "operatingIncome": -260992000, "operatingIncomeRatio": -0.2176520379, "totalOtherIncomeExpensesNet": -52997000, "incomeBeforeTax": -313989000, "incomeBeforeTaxRatio": -0.2618484311, "incomeTaxExpense": 1097000, "netIncome": -315086000, "netIncomeRatio": -0.2627632649, "eps": -1.69, "epsdiluted": -1.69, "weightedAverageShsOut": 185907000, "weightedAverageShsOutDil": 185907000, "link": "https://www.sec.gov/Archives/edgar/data/1664703/000162828023004301/0001628280-23-004301-index.htm", "finalLink": "https://www.sec.gov/Archives/edgar/data/1664703/000162828023004301/be-20221231.htm", "calculatedOtherExpenses": 0, "calculatedOperatingExpenses": 409280000, "calculatedNetInterest": -49606000, "calculatedOtherIncome": -3391000, "calculatedIncomeNonControlling": 0, "calculatedEbitda": -190499000}, {"date": "2021-12-31", "symbol": "BE", "reportedCurrency": "USD", "cik": "0001664703", "fillingDate": "2022-02-25", "acceptedDate": "2022-02-25 16:27:14", "calendarYear": "2021", "period": "FY", "revenue": 972176000, "costOfRevenue": 774595000, "grossProfit": 197581000, "grossProfitRatio": 0.2032358338, "researchAndDevelopmentExpenses": 103396000, "generalAndAdministrativeExpenses": 122188000, "sellingAndMarketingExpenses": 86499000, "sellingGeneralAndAdministrativeExpenses": 208687000, "otherExpenses": -8139000, "operatingExpenses": 312083000, "costAndExpenses": 1086678000, "interestIncome": 262000, "interestExpense": 69025000, "depreciationAndAmortization": 45577000, "ebitda": -68925000, "ebitdaratio": -0.0708976564, "operatingIncome": -114502000, "operatingIncomeRatio": -0.1177790853, "totalOtherIncomeExpensesNet": -77821000, "incomeBeforeTax": -192323000, "incomeBeforeTaxRatio": -0.1978273481, "incomeTaxExpense": 1046000, "netIncome": -193369000, "netIncomeRatio": -0.198903285, "eps": -1.11, "epsdiluted": -1.11, "weightedAverageShsOut": 173438000, "weightedAverageShsOutDil": 173438000, "link": "https://www.sec.gov/Archives/edgar/data/1664703/000166470322000034/0001664703-22-000034-index.htm", "finalLink": "https://www.sec.gov/Archives/edgar/data/1664703/000166470322000034/be-20211231.htm", "calculatedOtherExpenses": 0, "calculatedOperatingExpenses": 312083000, "calculatedNetInterest": -68763000, "calculatedOtherIncome": -9058000, "calculatedIncomeNonControlling": 0, "calculatedEbitda": -68925000}, {"date": "2020-12-31", "symbol": "BE", "reportedCurrency": "USD", "cik": "0001664703", "fillingDate": "2021-02-26", "acceptedDate": "2021-02-26 16:27:27", "calendarYear": "2020", "period": "FY", "revenue": 794247000, "costOfRevenue": 628454000, "grossProfit": 165793000, "grossProfitRatio": 0.2087423686, "researchAndDevelopmentExpenses": 83577000, "generalAndAdministrativeExpenses": 107085000, "sellingAndMarketingExpenses": 55916000, "sellingGeneralAndAdministrativeExpenses": 163001000, "otherExpenses": -8318000, "operatingExpenses": 246578000, "costAndExpenses": 875032000, "interestIncome": 1475000, "interestExpense": 78789000, "depreciationAndAmortization": 45436000, "ebitda": -35349000, "ebitdaratio": -0.044506306, "operatingIncome": -80785000, "operatingIncomeRatio": -0.1017126914, "totalOtherIncomeExpensesNet": -98046000, "incomeBeforeTax": -178831000, "incomeBeforeTaxRatio": -0.2251579169, "incomeTaxExpense": 256000, "netIncome": -179087000, "netIncomeRatio": -0.2254802347, "eps": -1.29, "epsdiluted": -1.29, "weightedAverageShsOut": 138722000, "weightedAverageShsOutDil": 138722000, "link": "https://www.sec.gov/Archives/edgar/data/1664703/000166470321000017/0001664703-21-000017-index.htm", "finalLink": "https://www.sec.gov/Archives/edgar/data/1664703/000166470321000017/be-20201231.htm", "calculatedOtherExpenses": 0, "calculatedOperatingExpenses": 246578000, "calculatedNetInterest": -77314000, "calculatedOtherIncome": -20732000, "calculatedIncomeNonControlling": 0, "calculatedEbitda": -35349000}, {"date": "2019-12-31", "symbol": "BE", "reportedCurrency": "USD", "cik": "0001664703", "fillingDate": "2020-03-31", "acceptedDate": "2020-03-31 17:21:39", "calendarYear": "2019", "period": "FY", "revenue": 785177000, "costOfRevenue": 687590000, "grossProfit": 97587000, "grossProfitRatio": 0.1242866258, "researchAndDevelopmentExpenses": 104168000, "generalAndAdministrativeExpenses": 152650000, "sellingAndMarketingExpenses": 73573000, "sellingGeneralAndAdministrativeExpenses": 226223000, "otherExpenses": 706000, "operatingExpenses": 330391000, "costAndExpenses": 1017981000, "interestIncome": 5661000, "interestExpense": 94236000, "depreciationAndAmortization": 84951000, "ebitda": -147853000, "ebitdaratio": -0.1883053121, "operatingIncome": -232804000, "operatingIncomeRatio": -0.2964987512, "totalOtherIncomeExpensesNet": -90029000, "incomeBeforeTax": -322833000, "incomeBeforeTaxRatio": -0.411159522, "incomeTaxExpense": 633000, "netIncome": -323466000, "netIncomeRatio": -0.4119657096, "eps": -2.81, "epsdiluted": -2.81, "weightedAverageShsOut": 115118000, "weightedAverageShsOutDil": 115118000, "link": "https://www.sec.gov/Archives/edgar/data/1664703/000166470320000013/0001664703-20-000013-index.htm", "finalLink": "https://www.sec.gov/Archives/edgar/data/1664703/000166470320000013/a2019q410kbloom.htm", "calculatedOtherExpenses": 0, "calculatedOperatingExpenses": 330391000, "calculatedNetInterest": -88575000, "calculatedOtherIncome": -1454000, "calculatedIncomeNonControlling": 0, "calculatedEbitda": -147853000}, {"date": "2018-12-31", "symbol": "BE", "reportedCurrency": "USD", "cik": "0001664703", "fillingDate": "2019-03-22", "acceptedDate": "2019-03-21 21:43:38", "calendarYear": "2018", "period": "FY", "revenue": 742038000, "costOfRevenue": 624968000, "grossProfit": 117070000, "grossProfitRatio": 0.1577682006, "researchAndDevelopmentExpenses": 89135000, "generalAndAdministrativeExpenses": 118817000, "sellingAndMarketingExpenses": 62975000, "sellingGeneralAndAdministrativeExpenses": 181792000, "otherExpenses": -999000, "operatingExpenses": 270927000, "costAndExpenses": 895895000, "interestIncome": 4322000, "interestExpense": 85828000, "depreciationAndAmortization": 43459000, "ebitda": -107075000, "ebitdaratio": -0.14429854, "operatingIncome": -153857000, "operatingIncomeRatio": -0.2073438288, "totalOtherIncomeExpensesNet": -22589000, "incomeBeforeTax": -257952000, "incomeBeforeTaxRatio": -0.3476264019, "incomeTaxExpense": 1537000, "netIncome": -241753000, "netIncomeRatio": -0.3257959835, "eps": -4.54, "epsdiluted": -4.54, "weightedAverageShsOut": 53268000, "weightedAverageShsOutDil": 53268000, "link": "https://www.sec.gov/Archives/edgar/data/1664703/000166470319000008/0001664703-19-000008-index.htm", "finalLink": "https://www.sec.gov/Archives/edgar/data/1664703/000166470319000008/a2018q410kbloomenergycorp.htm", "calculatedOtherExpenses": 0, "calculatedOperatingExpenses": 270927000, "calculatedNetInterest": -81506000, "calculatedOtherIncome": -22589000, "calculatedIncomeNonControlling": -17736000, "calculatedEbitda": -110398000}, {"date": "2017-12-31", "symbol": "BE", "reportedCurrency": "USD", "cik": "0001664703", "fillingDate": "2017-12-31", "acceptedDate": "2017-12-30 19:00:00", "calendarYear": "2017", "period": "FY", "revenue": 375996000, "costOfRevenue": 394040000, "grossProfit": -18044000, "grossProfitRatio": -0.0479898722, "researchAndDevelopmentExpenses": 51146000, "generalAndAdministrativeExpenses": 55674000, "sellingAndMarketingExpenses": 32415000, "sellingGeneralAndAdministrativeExpenses": 88089000, "otherExpenses": 268000, "operatingExpenses": 139235000, "costAndExpenses": 533275000, "interestIncome": 0, "interestExpense": 108623000, "depreciationAndAmortization": 46105000, "ebitda": -110906000, "ebitdaratio": -0.2949659039, "operatingIncome": -157279000, "operatingIncomeRatio": -0.4182996628, "totalOtherIncomeExpensesNet": -14727000, "incomeBeforeTax": -280629000, "incomeBeforeTaxRatio": -0.7463616634, "incomeTaxExpense": 636000, "netIncome": -262599000, "netIncomeRatio": -0.6984090256, "eps": -4.52, "epsdiluted": -4.48, "weightedAverageShsOut": 58135362, "weightedAverageShsOutDil": 58557362, "link": "", "finalLink": "", "calculatedOtherExpenses": 0, "calculatedOperatingExpenses": 139235000, "calculatedNetInterest": -108623000, "calculatedOtherIncome": -14727000, "calculatedIncomeNonControlling": -18666000, "calculatedEbitda": -111174000}, {"date": "2016-12-31", "symbol": "BE", "reportedCurrency": "USD", "cik": "0001664703", "fillingDate": "2016-12-31", "acceptedDate": "2016-12-30 19:00:00", "calendarYear": "2016", "period": "FY", "revenue": 208540000, "costOfRevenue": 312029000, "grossProfit": -103489000, "grossProfitRatio": -0.4962549151, "researchAndDevelopmentExpenses": 46848000, "generalAndAdministrativeExpenses": 61545000, "sellingAndMarketingExpenses": 29101000, "sellingGeneralAndAdministrativeExpenses": 90646000, "otherExpenses": -773000, "operatingExpenses": 137494000, "costAndExpenses": 449523000, "interestIncome": 394000, "interestExpense": 81190000, "depreciationAndAmortization": 43100000, "ebitda": -198262000, "ebitdaratio": -0.9507144912, "operatingIncome": -240983000, "operatingIncomeRatio": -1.1555720725, "totalOtherIncomeExpensesNet": -13808000, "incomeBeforeTax": -335587000, "incomeBeforeTaxRatio": -1.6092212525, "incomeTaxExpense": 729000, "netIncome": -279658000, "netIncomeRatio": -1.3410281001, "eps": -4.81, "epsdiluted": -4.81, "weightedAverageShsOut": 58135362, "weightedAverageShsOutDil": 58135362, "link": "", "finalLink": "", "calculatedOtherExpenses": 0, "calculatedOperatingExpenses": 137494000, "calculatedNetInterest": -80796000, "calculatedOtherIncome": -13808000, "calculatedIncomeNonControlling": -56658000, "calculatedEbitda": -197883000}]}