{"originalCurrency": "USD", "convertedCurrency": "USD", "report": [{"date": "2023-12-31", "symbol": "BECN", "reportedCurrency": "USD", "cik": "0001124941", "fillingDate": "2024-02-28", "acceptedDate": "2024-02-28 11:24:01", "calendarYear": "2023", "period": "FY", "revenue": 9119800000, "costOfRevenue": 6777100000, "grossProfit": 2342700000, "grossProfitRatio": 0.2568806333, "researchAndDevelopmentExpenses": 0, "generalAndAdministrativeExpenses": 0, "sellingAndMarketingExpenses": 0, "sellingGeneralAndAdministrativeExpenses": 1446900000, "otherExpenses": 0, "operatingExpenses": 1630299999, "costAndExpenses": 8407399999, "interestIncome": 126300000, "interestExpense": 0, "depreciationAndAmortization": 176200000, "ebitda": 895800000, "ebitdaratio": 0.0982258383, "operatingIncome": 719600000, "operatingIncomeRatio": 0.0789052391, "totalOtherIncomeExpensesNet": -133500000, "incomeBeforeTax": 586100000, "incomeBeforeTaxRatio": 0.0642667602, "incomeTaxExpense": 151100000, "netIncome": 435000000, "netIncomeRatio": 0.0476984144, "eps": -0.43, "epsdiluted": -0.43, "weightedAverageShsOut": 63700000, "weightedAverageShsOutDil": 63700000, "link": "https://www.sec.gov/Archives/edgar/data/1124941/000112494124000024/0001124941-24-000024-index.htm", "finalLink": "https://www.sec.gov/Archives/edgar/data/1124941/000112494124000024/becn-20231231.htm", "calculatedOtherExpenses": 176200000, "calculatedOperatingExpenses": 1623100000, "calculatedNetInterest": 126300000, "calculatedOtherIncome": -259800000, "calculatedIncomeNonControlling": 0, "calculatedEbitda": 895800000}, {"date": "2022-12-31", "symbol": "BECN", "reportedCurrency": "USD", "cik": "0001124941", "fillingDate": "2023-02-24", "acceptedDate": "2023-02-24 12:45:23", "calendarYear": "2022", "period": "FY", "revenue": 8429700000, "costOfRevenue": 6194200000, "grossProfit": 2235500000, "grossProfitRatio": 0.2651933046, "researchAndDevelopmentExpenses": 0, "generalAndAdministrativeExpenses": 0, "sellingAndMarketingExpenses": 0, "sellingGeneralAndAdministrativeExpenses": 1372900000, "otherExpenses": 159200000, "operatingExpenses": 1532100000, "costAndExpenses": 7726300000, "interestIncome": 0, "interestExpense": 83700000, "depreciationAndAmortization": 159200000, "ebitda": 862600000, "ebitdaratio": 0.1023286712, "operatingIncome": 703400000, "operatingIncomeRatio": 0.0834430644, "totalOtherIncomeExpensesNet": -83700000, "incomeBeforeTax": 619700000, "incomeBeforeTaxRatio": 0.0735138854, "incomeTaxExpense": 161300000, "netIncome": 458400000, "netIncomeRatio": 0.0543791594, "eps": 6.47, "epsdiluted": 6.35, "weightedAverageShsOut": 67100000, "weightedAverageShsOutDil": 68400000, "link": "https://www.sec.gov/Archives/edgar/data/1124941/000112494123000013/0001124941-23-000013-index.htm", "finalLink": "https://www.sec.gov/Archives/edgar/data/1124941/000112494123000013/becn-20221231.htm", "calculatedOtherExpenses": 159200000, "calculatedOperatingExpenses": 1532100000, "calculatedNetInterest": -83700000, "calculatedOtherIncome": 0, "calculatedIncomeNonControlling": 0, "calculatedEbitda": 862600000}, {"date": "2021-12-31", "symbol": "BECN", "reportedCurrency": "USD", "cik": "0001124941", "fillingDate": "2021-12-31", "acceptedDate": "2021-12-31 00:00:00", "calendarYear": "2021", "period": "FY", "revenue": 6820400000, "costOfRevenue": 5000800000, "grossProfit": 1819600000, "grossProfitRatio": 0.2667878717, "researchAndDevelopmentExpenses": 0, "generalAndAdministrativeExpenses": 0, "sellingAndMarketingExpenses": 0, "sellingGeneralAndAdministrativeExpenses": 1167700000, "otherExpenses": 161500000, "operatingExpenses": 1329200000, "costAndExpenses": 6330000000, "interestIncome": 0, "interestExpense": 85500000, "depreciationAndAmortization": 183900000, "ebitda": 652000000, "ebitdaratio": 0.0955955662, "operatingIncome": 468100000, "operatingIncomeRatio": 0.0686323383, "totalOtherIncomeExpensesNet": -145700000, "incomeBeforeTax": 322400000, "incomeBeforeTaxRatio": 0.0472699548, "incomeTaxExpense": 80500000, "netIncome": 243000000, "netIncomeRatio": 0.0356284089, "eps": 3.47, "epsdiluted": 3.41, "weightedAverageShsOut": 70000000, "weightedAverageShsOutDil": 71200000, "link": null, "finalLink": null, "calculatedOtherExpenses": 183800000, "calculatedOperatingExpenses": 1351500000, "calculatedNetInterest": -85500000, "calculatedOtherIncome": -60200000, "calculatedIncomeNonControlling": -1100000, "calculatedEbitda": 652000000}, {"date": "2020-09-30", "symbol": "BECN", "reportedCurrency": "USD", "cik": "0001124941", "fillingDate": "2020-11-20", "acceptedDate": "2020-11-20 15:23:17", "calendarYear": "2020", "period": "FY", "revenue": 6943900000, "costOfRevenue": 5244700000, "grossProfit": 1699200000, "grossProfitRatio": 0.2447039848, "researchAndDevelopmentExpenses": 0, "generalAndAdministrativeExpenses": 0, "sellingAndMarketingExpenses": 0, "sellingGeneralAndAdministrativeExpenses": 1273000000, "otherExpenses": 391100000, "operatingExpenses": 1664100000, "costAndExpenses": 6908800000, "interestIncome": 0, "interestExpense": 128100000, "depreciationAndAmortization": 391100000, "ebitda": 426200000, "ebitdaratio": 0.061377612, "operatingIncome": 35100000, "operatingIncomeRatio": 0.0050547963, "totalOtherIncomeExpensesNet": -14700000, "incomeBeforeTax": -107700000, "incomeBeforeTaxRatio": -0.015510016, "incomeTaxExpense": -26800000, "netIncome": -80900000, "netIncomeRatio": -0.0116505134, "eps": -1.18, "epsdiluted": -1.18, "weightedAverageShsOut": 68800000, "weightedAverageShsOutDil": 68800000, "link": "https://www.sec.gov/Archives/edgar/data/1124941/000156459020054777/0001564590-20-054777-index.htm", "finalLink": "https://www.sec.gov/Archives/edgar/data/1124941/000156459020054777/becn-10k_20200930.htm", "calculatedOtherExpenses": 391100000, "calculatedOperatingExpenses": 1664100000, "calculatedNetInterest": -128100000, "calculatedOtherIncome": -14700000, "calculatedIncomeNonControlling": 0, "calculatedEbitda": 426200000}, {"date": "2019-09-30", "symbol": "BECN", "reportedCurrency": "USD", "cik": "0001124941", "fillingDate": "2019-11-26", "acceptedDate": "2019-11-26 16:06:51", "calendarYear": "2019", "period": "FY", "revenue": 7105160000, "costOfRevenue": 5368605000, "grossProfit": 1736555000, "grossProfitRatio": 0.2444075855, "researchAndDevelopmentExpenses": 0, "generalAndAdministrativeExpenses": 0, "sellingAndMarketingExpenses": 0, "sellingGeneralAndAdministrativeExpenses": 1311043000, "otherExpenses": 277760000, "operatingExpenses": 1588803000, "costAndExpenses": 6957408000, "interestIncome": 0, "interestExpense": 158534000, "depreciationAndAmortization": 277761000, "ebitda": 425513000, "ebitdaratio": 0.0598878843, "operatingIncome": 147752000, "operatingIncomeRatio": 0.0207950278, "totalOtherIncomeExpensesNet": -158534000, "incomeBeforeTax": -10782000, "incomeBeforeTaxRatio": -0.0015174887, "incomeTaxExpense": -170000, "netIncome": -10612000, "netIncomeRatio": -0.0014935624, "eps": -0.16, "epsdiluted": -0.16, "weightedAverageShsOut": 68095238, "weightedAverageShsOutDil": 68400000, "link": "https://www.sec.gov/Archives/edgar/data/1124941/000156459019044546/0001564590-19-044546-index.htm", "finalLink": "https://www.sec.gov/Archives/edgar/data/1124941/000156459019044546/becn-10k_20190930.htm", "calculatedOtherExpenses": 277760000, "calculatedOperatingExpenses": 1588803000, "calculatedNetInterest": -158534000, "calculatedOtherIncome": 0, "calculatedIncomeNonControlling": 0, "calculatedEbitda": 425513000}, {"date": "2018-09-30", "symbol": "BECN", "reportedCurrency": "USD", "cik": "0001124941", "fillingDate": "2018-11-20", "acceptedDate": "2018-11-20 09:02:38", "calendarYear": "2018", "period": "FY", "revenue": 6418311000, "costOfRevenue": 4824990000, "grossProfit": 1593321000, "grossProfitRatio": 0.2482461507, "researchAndDevelopmentExpenses": 0, "generalAndAdministrativeExpenses": 1187192000, "sellingAndMarketingExpenses": 0, "sellingGeneralAndAdministrativeExpenses": 1187192000, "otherExpenses": 201503000, "operatingExpenses": 1388695000, "costAndExpenses": 6213685000, "interestIncome": 0, "interestExpense": 136544000, "depreciationAndAmortization": 201503000, "ebitda": 406129000, "ebitdaratio": 0.0632766159, "operatingIncome": 204626000, "operatingIncomeRatio": 0.0318815963, "totalOtherIncomeExpensesNet": -136544000, "incomeBeforeTax": 68082000, "incomeBeforeTaxRatio": 0.0106074636, "incomeTaxExpense": -30544000, "netIncome": 98626000, "netIncomeRatio": 0.0153663479, "eps": 1.45, "epsdiluted": 1.43, "weightedAverageShsOut": 68000000, "weightedAverageShsOutDil": 69200000, "link": "https://www.sec.gov/Archives/edgar/data/1124941/000156459018029873/0001564590-18-029873-index.htm", "finalLink": "https://www.sec.gov/Archives/edgar/data/1124941/000156459018029873/becn-10k_20180930.htm", "calculatedOtherExpenses": 201503000, "calculatedOperatingExpenses": 1388695000, "calculatedNetInterest": -136544000, "calculatedOtherIncome": 0, "calculatedIncomeNonControlling": 0, "calculatedEbitda": 406129000}, {"date": "2017-09-30", "symbol": "BECN", "reportedCurrency": "USD", "cik": "0001124941", "fillingDate": "2017-11-21", "acceptedDate": "2017-11-21 16:16:17", "calendarYear": "2017", "period": "FY", "revenue": 4376670000, "costOfRevenue": 3300731000, "grossProfit": 1075939000, "grossProfitRatio": 0.2458350755, "researchAndDevelopmentExpenses": 0, "generalAndAdministrativeExpenses": 0, "sellingAndMarketingExpenses": 0, "sellingGeneralAndAdministrativeExpenses": 0, "otherExpenses": 859843000, "operatingExpenses": 859843000, "costAndExpenses": 4160574000, "interestIncome": 0, "interestExpense": 52751000, "depreciationAndAmortization": 116467000, "ebitda": 332563000, "ebitdaratio": 0.0759853953, "operatingIncome": 216096000, "operatingIncomeRatio": 0.0493745245, "totalOtherIncomeExpensesNet": -52751000, "incomeBeforeTax": 163345000, "incomeBeforeTaxRatio": 0.0373217538, "incomeTaxExpense": 62481000, "netIncome": 100864000, "netIncomeRatio": 0.0230458316, "eps": 1.67, "epsdiluted": 1.64, "weightedAverageShsOut": 60315648, "weightedAverageShsOutDil": 61344263, "link": "https://www.sec.gov/Archives/edgar/data/1124941/000156459017024183/0001564590-17-024183-index.htm", "finalLink": "https://www.sec.gov/Archives/edgar/data/1124941/000156459017024183/becn-10k_20170930.htm", "calculatedOtherExpenses": 859843000, "calculatedOperatingExpenses": 859843000, "calculatedNetInterest": -52751000, "calculatedOtherIncome": 0, "calculatedIncomeNonControlling": 0, "calculatedEbitda": 332563000}, {"date": "2016-09-30", "symbol": "BECN", "reportedCurrency": "USD", "cik": "0001124941", "fillingDate": "2016-11-22", "acceptedDate": "2016-11-22 16:35:45", "calendarYear": "2016", "period": "FY", "revenue": 4127109000, "costOfRevenue": 3114040000, "grossProfit": 1013069000, "grossProfitRatio": 0.2454669843, "researchAndDevelopmentExpenses": 0, "generalAndAdministrativeExpenses": 0, "sellingAndMarketingExpenses": 0, "sellingGeneralAndAdministrativeExpenses": 0, "otherExpenses": 808085000, "operatingExpenses": 808085000, "costAndExpenses": 3922125000, "interestIncome": 0, "interestExpense": 58452000, "depreciationAndAmortization": 100191000, "ebitda": 305175000, "ebitdaratio": 0.0739440126, "operatingIncome": 204984000, "operatingIncomeRatio": 0.0496676972, "totalOtherIncomeExpensesNet": -58452000, "incomeBeforeTax": 146532000, "incomeBeforeTaxRatio": 0.0355047565, "incomeTaxExpense": 56615000, "netIncome": 89917000, "netIncomeRatio": 0.0217869215, "eps": 1.51, "epsdiluted": 1.49, "weightedAverageShsOut": 59424372, "weightedAverageShsOutDil": 60418067, "link": "https://www.sec.gov/Archives/edgar/data/1124941/000114420416135949/0001144204-16-135949-index.htm", "finalLink": "https://www.sec.gov/Archives/edgar/data/1124941/000114420416135949/v452263_10k.htm", "calculatedOtherExpenses": 808085000, "calculatedOperatingExpenses": 808085000, "calculatedNetInterest": -58452000, "calculatedOtherIncome": 0, "calculatedIncomeNonControlling": 0, "calculatedEbitda": 305175000}, {"date": "2015-09-30", "symbol": "BECN", "reportedCurrency": "USD", "cik": "0001124941", "fillingDate": "2015-11-24", "acceptedDate": "2015-11-24 09:37:47", "calendarYear": "2015", "period": "FY", "revenue": 2515169000, "costOfRevenue": 1919804000, "grossProfit": 595365000, "grossProfitRatio": 0.23670974, "researchAndDevelopmentExpenses": 0, "generalAndAdministrativeExpenses": 0, "sellingAndMarketingExpenses": 0, "sellingGeneralAndAdministrativeExpenses": 0, "otherExpenses": 478284000, "operatingExpenses": 478284000, "costAndExpenses": 2398088000, "interestIncome": 0, "interestExpense": 11037000, "depreciationAndAmortization": 34862000, "ebitda": 151943000, "ebitdaratio": 0.0604106523, "operatingIncome": 117081000, "operatingIncomeRatio": 0.0465499535, "totalOtherIncomeExpensesNet": -11037000, "incomeBeforeTax": 106044000, "incomeBeforeTaxRatio": 0.0421617792, "incomeTaxExpense": 43767000, "netIncome": 62277000, "netIncomeRatio": 0.0247605628, "eps": 1.26, "epsdiluted": 1.24, "weightedAverageShsOut": 49578130, "weightedAverageShsOutDil": 50173478, "link": "https://www.sec.gov/Archives/edgar/data/1124941/000114420415067681/0001144204-15-067681-index.htm", "finalLink": "https://www.sec.gov/Archives/edgar/data/1124941/000114420415067681/v424990_10k.htm", "calculatedOtherExpenses": 478284000, "calculatedOperatingExpenses": 478284000, "calculatedNetInterest": -11037000, "calculatedOtherIncome": 0, "calculatedIncomeNonControlling": 0, "calculatedEbitda": 151943000}, {"date": "2014-09-30", "symbol": "BECN", "reportedCurrency": "USD", "cik": "0001124941", "fillingDate": "2014-11-25", "acceptedDate": "2014-11-25 08:14:30", "calendarYear": "2014", "period": "FY", "revenue": 2326905000, "costOfRevenue": 1799065000, "grossProfit": 527840000, "grossProfitRatio": 0.2268420928, "researchAndDevelopmentExpenses": 0, "generalAndAdministrativeExpenses": 0, "sellingAndMarketingExpenses": 0, "sellingGeneralAndAdministrativeExpenses": 0, "otherExpenses": 428977000, "operatingExpenses": 428977000, "costAndExpenses": 2228042000, "interestIncome": 0, "interestExpense": 10095000, "depreciationAndAmortization": 30294000, "ebitda": 129157000, "ebitdaratio": 0.0555059188, "operatingIncome": 98863000, "operatingIncomeRatio": 0.0424869086, "totalOtherIncomeExpensesNet": -10095000, "incomeBeforeTax": 88768000, "incomeBeforeTaxRatio": 0.0381485278, "incomeTaxExpense": 34922000, "netIncome": 53846000, "netIncomeRatio": 0.0231406095, "eps": 1.09, "epsdiluted": 1.08, "weightedAverageShsOut": 49227466, "weightedAverageShsOutDil": 49947699, "link": "https://www.sec.gov/Archives/edgar/data/1124941/000114420414070784/0001144204-14-070784-index.htm", "finalLink": "https://www.sec.gov/Archives/edgar/data/1124941/000114420414070784/v393812_10k.htm", "calculatedOtherExpenses": 428977000, "calculatedOperatingExpenses": 428977000, "calculatedNetInterest": -10095000, "calculatedOtherIncome": 0, "calculatedIncomeNonControlling": 0, "calculatedEbitda": 129157000}, {"date": "2013-09-30", "symbol": "BECN", "reportedCurrency": "USD", "cik": "0001124941", "fillingDate": "2013-11-27", "acceptedDate": "2013-11-27 15:53:11", "calendarYear": "2013", "period": "FY", "revenue": 2240723000, "costOfRevenue": 1709326000, "grossProfit": 531397000, "grossProfitRatio": 0.2371542578, "researchAndDevelopmentExpenses": 0, "generalAndAdministrativeExpenses": 0, "sellingAndMarketingExpenses": 0, "sellingGeneralAndAdministrativeExpenses": 0, "otherExpenses": 401676000, "operatingExpenses": 401676000, "costAndExpenses": 2111002000, "interestIncome": 0, "interestExpense": 8247000, "depreciationAndAmortization": 30415000, "ebitda": 160136000, "ebitdaratio": 0.0714662187, "operatingIncome": 129721000, "operatingIncomeRatio": 0.0578924749, "totalOtherIncomeExpensesNet": -8247000, "incomeBeforeTax": 121474000, "incomeBeforeTaxRatio": 0.0542119664, "incomeTaxExpense": 48867000, "netIncome": 72607000, "netIncomeRatio": 0.0324033805, "eps": 1.5, "epsdiluted": 1.47, "weightedAverageShsOut": 48472240, "weightedAverageShsOutDil": 49385335, "link": "https://www.sec.gov/Archives/edgar/data/1124941/000114420413064596/0001144204-13-064596-index.htm", "finalLink": "https://www.sec.gov/Archives/edgar/data/1124941/000114420413064596/v361104_10k.htm", "calculatedOtherExpenses": 401676000, "calculatedOperatingExpenses": 401676000, "calculatedNetInterest": -8247000, "calculatedOtherIncome": 0, "calculatedIncomeNonControlling": 0, "calculatedEbitda": 160136000}, {"date": "2012-09-30", "symbol": "BECN", "reportedCurrency": "USD", "cik": "0001124941", "fillingDate": "2012-11-29", "acceptedDate": "2012-11-29 08:00:35", "calendarYear": "2012", "period": "FY", "revenue": 2043658000, "costOfRevenue": 1542254000, "grossProfit": 501404000, "grossProfitRatio": 0.2453463349, "researchAndDevelopmentExpenses": 0, "generalAndAdministrativeExpenses": 0, "sellingAndMarketingExpenses": 0, "sellingGeneralAndAdministrativeExpenses": 0, "otherExpenses": 357732000, "operatingExpenses": 357732000, "costAndExpenses": 1899986000, "interestIncome": 0, "interestExpense": 17173000, "depreciationAndAmortization": 24353000, "ebitda": 168025000, "ebitdaratio": 0.0822177683, "operatingIncome": 143672000, "operatingIncomeRatio": 0.0703013909, "totalOtherIncomeExpensesNet": -17173000, "incomeBeforeTax": 126499000, "incomeBeforeTaxRatio": 0.0618983215, "incomeTaxExpense": 50934000, "netIncome": 75565000, "netIncomeRatio": 0.0369753648, "eps": 1.62, "epsdiluted": 1.58, "weightedAverageShsOut": 46718948, "weightedAverageShsOutDil": 47840967, "link": "https://www.sec.gov/Archives/edgar/data/1124941/000114420412065391/0001144204-12-065391-index.htm", "finalLink": "https://www.sec.gov/Archives/edgar/data/1124941/000114420412065391/v328861_10k.htm", "calculatedOtherExpenses": 357732000, "calculatedOperatingExpenses": 357732000, "calculatedNetInterest": -17173000, "calculatedOtherIncome": 0, "calculatedIncomeNonControlling": 0, "calculatedEbitda": 168025000}, {"date": "2011-09-30", "symbol": "BECN", "reportedCurrency": "USD", "cik": "0001124941", "fillingDate": "2011-11-29", "acceptedDate": "2011-11-29 07:45:52", "calendarYear": "2011", "period": "FY", "revenue": 1817423000, "costOfRevenue": 1397798000, "grossProfit": 419625000, "grossProfitRatio": 0.230890112, "researchAndDevelopmentExpenses": 0, "generalAndAdministrativeExpenses": 315883000, "sellingAndMarketingExpenses": 0, "sellingGeneralAndAdministrativeExpenses": 315883000, "otherExpenses": 315883000, "operatingExpenses": 315883000, "costAndExpenses": 1713681000, "interestIncome": 0, "interestExpense": 13364000, "depreciationAndAmortization": 25060000, "ebitda": 128802000, "ebitdaratio": 0.0708706779, "operatingIncome": 103742000, "operatingIncomeRatio": 0.0570819231, "totalOtherIncomeExpensesNet": -13364000, "incomeBeforeTax": 90378000, "incomeBeforeTaxRatio": 0.0497286543, "incomeTaxExpense": 31158000, "netIncome": 59220000, "netIncomeRatio": 0.0325845992, "eps": 1.29, "epsdiluted": 1.27, "weightedAverageShsOut": 45919198, "weightedAverageShsOutDil": 46753152, "link": "https://www.sec.gov/Archives/edgar/data/1124941/000114420411067281/0001144204-11-067281-index.htm", "finalLink": "https://www.sec.gov/Archives/edgar/data/1124941/000114420411067281/v238742_10k.htm", "calculatedOtherExpenses": 0, "calculatedOperatingExpenses": 315883000, "calculatedNetInterest": -13364000, "calculatedOtherIncome": 0, "calculatedIncomeNonControlling": 0, "calculatedEbitda": 128802000}, {"date": "2010-09-30", "symbol": "BECN", "reportedCurrency": "USD", "cik": "0001124941", "fillingDate": "2010-11-29", "acceptedDate": "2010-11-29 08:01:00", "calendarYear": "2010", "period": "FY", "revenue": 1609969000, "costOfRevenue": 1249869000, "grossProfit": 360100000, "grossProfitRatio": 0.2236689029, "researchAndDevelopmentExpenses": 0, "generalAndAdministrativeExpenses": 0, "sellingAndMarketingExpenses": 0, "sellingGeneralAndAdministrativeExpenses": 0, "otherExpenses": 286583000, "operatingExpenses": 286583000, "costAndExpenses": 1536452000, "interestIncome": 0, "interestExpense": 18210000, "depreciationAndAmortization": 27773000, "ebitda": 101290000, "ebitdaratio": 0.0629142549, "operatingIncome": 73517000, "operatingIncomeRatio": 0.0456636122, "totalOtherIncomeExpensesNet": -18210000, "incomeBeforeTax": 55307000, "incomeBeforeTaxRatio": 0.0343528354, "incomeTaxExpense": 20781000, "netIncome": 34526000, "netIncomeRatio": 0.0214451334, "eps": 0.76, "epsdiluted": 0.75, "weightedAverageShsOut": 45480922, "weightedAverageShsOutDil": 46031593, "link": "https://www.sec.gov/Archives/edgar/data/1124941/000114420410063656/0001144204-10-063656-index.htm", "finalLink": "https://www.sec.gov/Archives/edgar/data/1124941/000114420410063656/v203663_10k.htm", "calculatedOtherExpenses": 286583000, "calculatedOperatingExpenses": 286583000, "calculatedNetInterest": -18210000, "calculatedOtherIncome": 0, "calculatedIncomeNonControlling": 0, "calculatedEbitda": 101290000}, {"date": "2009-09-30", "symbol": "BECN", "reportedCurrency": "USD", "cik": "0001124941", "fillingDate": "2009-12-01", "acceptedDate": "2009-12-01 07:46:03", "calendarYear": "2009", "period": "FY", "revenue": 1733967000, "costOfRevenue": 1322845000, "grossProfit": 411122000, "grossProfitRatio": 0.2370990913, "researchAndDevelopmentExpenses": 0, "generalAndAdministrativeExpenses": 0, "sellingAndMarketingExpenses": 0, "sellingGeneralAndAdministrativeExpenses": 0, "otherExpenses": 301913000, "operatingExpenses": 301913000, "costAndExpenses": 1624758000, "interestIncome": 0, "interestExpense": 22887000, "depreciationAndAmortization": 30389000, "ebitda": 139598000, "ebitdaratio": 0.0805078759, "operatingIncome": 109209000, "operatingIncomeRatio": 0.0629821675, "totalOtherIncomeExpensesNet": -22887000, "incomeBeforeTax": 86322000, "incomeBeforeTaxRatio": 0.0497829543, "incomeTaxExpense": 33904000, "netIncome": 52418000, "netIncomeRatio": 0.0302301024, "eps": 1.16, "epsdiluted": 1.15, "weightedAverageShsOut": 45007313, "weightedAverageShsOutDil": 45493786, "link": "https://www.sec.gov/Archives/edgar/data/1124941/000104746909010482/0001047469-09-010482-index.htm", "finalLink": "https://www.sec.gov/Archives/edgar/data/1124941/000104746909010482/a2195687z10-k.htm", "calculatedOtherExpenses": 301913000, "calculatedOperatingExpenses": 301913000, "calculatedNetInterest": -22887000, "calculatedOtherIncome": 0, "calculatedIncomeNonControlling": 0, "calculatedEbitda": 139598000}, {"date": "2008-09-30", "symbol": "BECN", "reportedCurrency": "USD", "cik": "0001124941", "fillingDate": "2008-12-02", "acceptedDate": "2008-12-02 07:45:27", "calendarYear": "2008", "period": "FY", "revenue": 1784495000, "costOfRevenue": 1364487000, "grossProfit": 420008000, "grossProfitRatio": 0.2353651873, "researchAndDevelopmentExpenses": 0, "generalAndAdministrativeExpenses": 325298000, "sellingAndMarketingExpenses": 0, "sellingGeneralAndAdministrativeExpenses": 325298000, "otherExpenses": 325298000, "operatingExpenses": 325298000, "costAndExpenses": 1689785000, "interestIncome": 0, "interestExpense": 25904000, "depreciationAndAmortization": 34240000, "ebitda": 128950000, "ebitdaratio": 0.07226134, "operatingIncome": 94710000, "operatingIncomeRatio": 0.0530738388, "totalOtherIncomeExpensesNet": -25904000, "incomeBeforeTax": 68806000, "incomeBeforeTaxRatio": 0.0385576872, "incomeTaxExpense": 28500000, "netIncome": 40306000, "netIncomeRatio": 0.0225867823, "eps": 0.91, "epsdiluted": 0.9, "weightedAverageShsOut": 44346293, "weightedAverageShsOutDil": 44959357, "link": "https://www.sec.gov/Archives/edgar/data/1124941/000104746908012664/0001047469-08-012664-index.htm", "finalLink": "https://www.sec.gov/Archives/edgar/data/1124941/000104746908012664/a2189378z10-k.htm", "calculatedOtherExpenses": 0, "calculatedOperatingExpenses": 325298000, "calculatedNetInterest": -25904000, "calculatedOtherIncome": 0, "calculatedIncomeNonControlling": 0, "calculatedEbitda": 128950000}, {"date": "2007-09-30", "symbol": "BECN", "reportedCurrency": "USD", "cik": "0001124941", "fillingDate": "2007-11-28", "acceptedDate": "2007-11-28 07:47:13", "calendarYear": "2007", "period": "FY", "revenue": 1645785000, "costOfRevenue": 1271868000, "grossProfit": 373917000, "grossProfitRatio": 0.2271967481, "researchAndDevelopmentExpenses": 0, "generalAndAdministrativeExpenses": 304109000, "sellingAndMarketingExpenses": 0, "sellingGeneralAndAdministrativeExpenses": 304109000, "otherExpenses": 304109000, "operatingExpenses": 304109000, "costAndExpenses": 1575977000, "interestIncome": 0, "interestExpense": 27434000, "depreciationAndAmortization": 32863000, "ebitda": 102671000, "ebitdaratio": 0.0623842118, "operatingIncome": 69808000, "operatingIncomeRatio": 0.042416233, "totalOtherIncomeExpensesNet": -27434000, "incomeBeforeTax": 42374000, "incomeBeforeTaxRatio": 0.025746984, "incomeTaxExpense": 17095000, "netIncome": 25279000, "netIncomeRatio": 0.0153598435, "eps": 0.57, "epsdiluted": 0.56, "weightedAverageShsOut": 44083915, "weightedAverageShsOutDil": 44971932, "link": "https://www.sec.gov/Archives/edgar/data/1124941/000104746907009561/0001047469-07-009561-index.htm", "finalLink": "https://www.sec.gov/Archives/edgar/data/1124941/000104746907009561/a2181352z10-k.htm", "calculatedOtherExpenses": 0, "calculatedOperatingExpenses": 304109000, "calculatedNetInterest": -27434000, "calculatedOtherIncome": 0, "calculatedIncomeNonControlling": 0, "calculatedEbitda": 102671000}, {"date": "2006-09-30", "symbol": "BECN", "reportedCurrency": "USD", "cik": "0001124941", "fillingDate": "2006-12-14", "acceptedDate": "2006-12-14 08:54:30", "calendarYear": "2006", "period": "FY", "revenue": 1500637000, "costOfRevenue": 1136500000, "grossProfit": 364137000, "grossProfitRatio": 0.2426549525, "researchAndDevelopmentExpenses": 0, "generalAndAdministrativeExpenses": 263836000, "sellingAndMarketingExpenses": 0, "sellingGeneralAndAdministrativeExpenses": 263836000, "otherExpenses": 263836000, "operatingExpenses": 263836000, "costAndExpenses": 1400336000, "interestIncome": 0, "interestExpense": 19461000, "depreciationAndAmortization": 23792000, "ebitda": 124093000, "ebitdaratio": 0.0826935495, "operatingIncome": 100301000, "operatingIncomeRatio": 0.0668389491, "totalOtherIncomeExpensesNet": -19461000, "incomeBeforeTax": 80840000, "incomeBeforeTaxRatio": 0.0538704563, "incomeTaxExpense": 31529000, "netIncome": 49311000, "netIncomeRatio": 0.0328600454, "eps": 1.15, "epsdiluted": 1.12, "weightedAverageShsOut": 42903279, "weightedAverageShsOutDil": 44044769, "link": "https://www.sec.gov/Archives/edgar/data/1124941/000110465906081396/0001104659-06-081396-index.htm", "finalLink": "https://www.sec.gov/Archives/edgar/data/1124941/000110465906081396/a06-25415_110k.htm", "calculatedOtherExpenses": 0, "calculatedOperatingExpenses": 263836000, "calculatedNetInterest": -19461000, "calculatedOtherIncome": 0, "calculatedIncomeNonControlling": 0, "calculatedEbitda": 124093000}, {"date": "2005-09-24", "symbol": "BECN", "reportedCurrency": "USD", "cik": "0001124941", "fillingDate": "2005-12-08", "acceptedDate": "2005-12-08 06:03:12", "calendarYear": "2005", "period": "FY", "revenue": 850928000, "costOfRevenue": 643733000, "grossProfit": 207195000, "grossProfitRatio": 0.2434929865, "researchAndDevelopmentExpenses": 0, "generalAndAdministrativeExpenses": 146500000, "sellingAndMarketingExpenses": -24000, "sellingGeneralAndAdministrativeExpenses": 146476000, "otherExpenses": 0, "operatingExpenses": 146476000, "costAndExpenses": 790209000, "interestIncome": 0, "interestExpense": -4885000, "depreciationAndAmortization": 8748000, "ebitda": 70382000, "ebitdaratio": 0.0827120508, "operatingIncome": 60719000, "operatingIncomeRatio": 0.0713562135, "totalOtherIncomeExpensesNet": -915000, "incomeBeforeTax": 54893000, "incomeBeforeTaxRatio": 0.0645095707, "incomeTaxExpense": 21976000, "netIncome": 32917000, "netIncomeRatio": 0.0386836489, "eps": 0.83, "epsdiluted": 0.8, "weightedAverageShsOut": 39716933, "weightedAverageShsOutDil": 41118944, "link": "https://www.sec.gov/Archives/edgar/data/1124941/000110465905059681/0001104659-05-059681-index.htm", "finalLink": "https://www.sec.gov/Archives/edgar/data/1124941/000110465905059681/a05-21335_110k.htm", "calculatedOtherExpenses": 0, "calculatedOperatingExpenses": 146476000, "calculatedNetInterest": 4885000, "calculatedOtherIncome": -10711000, "calculatedIncomeNonControlling": 0, "calculatedEbitda": 69467000}, {"date": "2004-09-25", "symbol": "BECN", "reportedCurrency": "USD", "cik": "0001124941", "fillingDate": "2004-12-23", "acceptedDate": "2004-12-23 14:31:16", "calendarYear": "2004", "period": "FY", "revenue": 652909000, "costOfRevenue": 487200000, "grossProfit": 165709000, "grossProfitRatio": 0.2538010657, "researchAndDevelopmentExpenses": 0, "generalAndAdministrativeExpenses": 131037000, "sellingAndMarketingExpenses": 0, "sellingGeneralAndAdministrativeExpenses": 131037000, "otherExpenses": 0, "operatingExpenses": 131037000, "costAndExpenses": 618237000, "interestIncome": 0, "interestExpense": 68175000, "depreciationAndAmortization": 6922000, "ebitda": 69871000, "ebitdaratio": 0.1070149133, "operatingIncome": 34672000, "operatingIncomeRatio": 0.0531038782, "totalOtherIncomeExpensesNet": -28277000, "incomeBeforeTax": -5226000, "incomeBeforeTaxRatio": -0.0080041782, "incomeTaxExpense": 10129000, "netIncome": -15355000, "netIncomeRatio": -0.0235178256, "eps": -0.57, "epsdiluted": -0.57, "weightedAverageShsOut": 26857805, "weightedAverageShsOutDil": 26857805, "link": "https://www.sec.gov/Archives/edgar/data/1124941/000104746904038276/0001047469-04-038276-index.htm", "finalLink": "https://www.sec.gov/Archives/edgar/data/1124941/000104746904038276/a2148421z10-k.htm", "calculatedOtherExpenses": 0, "calculatedOperatingExpenses": 131037000, "calculatedNetInterest": -68175000, "calculatedOtherIncome": 28277000, "calculatedIncomeNonControlling": 0, "calculatedEbitda": 41594000}, {"date": "2003-09-30", "symbol": "BECN", "reportedCurrency": "USD", "cik": "0001124941", "fillingDate": "2003-09-30", "acceptedDate": "2003-09-30 00:00:00", "calendarYear": "2003", "period": "FY", "revenue": 559540000, "costOfRevenue": 418662000, "grossProfit": 140878000, "grossProfitRatio": 0.2517746721, "researchAndDevelopmentExpenses": 0, "generalAndAdministrativeExpenses": 109586000, "sellingAndMarketingExpenses": 0, "sellingGeneralAndAdministrativeExpenses": 109586000, "otherExpenses": 0, "operatingExpenses": 109586000, "costAndExpenses": 528248000, "interestIncome": 0, "interestExpense": 19280000, "depreciationAndAmortization": 6047000, "ebitda": 39953000, "ebitdaratio": 0.0714032956, "operatingIncome": 31292000, "operatingIncomeRatio": 0.0559245094, "totalOtherIncomeExpensesNet": -2614000, "incomeBeforeTax": 14626000, "incomeBeforeTaxRatio": 0.0261393287, "incomeTaxExpense": 7521000, "netIncome": 7105000, "netIncomeRatio": 0.0126979304, "eps": 0.27, "epsdiluted": 0.26, "weightedAverageShsOut": 26749589, "weightedAverageShsOutDil": 27332016, "link": null, "finalLink": null, "calculatedOtherExpenses": 0, "calculatedOperatingExpenses": 109586000, "calculatedNetInterest": -19280000, "calculatedOtherIncome": 2614000, "calculatedIncomeNonControlling": 0, "calculatedEbitda": 37339000}, {"date": "2002-09-30", "symbol": "BECN", "reportedCurrency": "USD", "cik": "0001124941", "fillingDate": "2002-09-30", "acceptedDate": "2002-09-30 00:00:00", "calendarYear": "2002", "period": "FY", "revenue": 549873000, "costOfRevenue": 413925000, "grossProfit": 135948000, "grossProfitRatio": 0.2472352707, "researchAndDevelopmentExpenses": 0, "generalAndAdministrativeExpenses": 106520000, "sellingAndMarketingExpenses": 0, "sellingGeneralAndAdministrativeExpenses": 106520000, "otherExpenses": 0, "operatingExpenses": 106520000, "costAndExpenses": 520445000, "interestIncome": 0, "interestExpense": 20820000, "depreciationAndAmortization": 5851000, "ebitda": 38035000, "ebitdaratio": 0.0691705176, "operatingIncome": 29428000, "operatingIncomeRatio": 0.0535178123, "totalOtherIncomeExpensesNet": -2756000, "incomeBeforeTax": 11364000, "incomeBeforeTaxRatio": 0.0206665903, "incomeTaxExpense": 6153000, "netIncome": 5211000, "netIncomeRatio": 0.0094767337, "eps": 0.19, "epsdiluted": 0.19, "weightedAverageShsOut": 26532960, "weightedAverageShsOutDil": 26824097, "link": null, "finalLink": null, "calculatedOtherExpenses": 0, "calculatedOperatingExpenses": 106520000, "calculatedNetInterest": -20820000, "calculatedOtherIncome": 2756000, "calculatedIncomeNonControlling": 0, "calculatedEbitda": 35279000}, {"date": "2001-09-30", "symbol": "BECN", "reportedCurrency": "USD", "cik": "0001124941", "fillingDate": "2001-09-30", "acceptedDate": "2001-09-30 00:00:00", "calendarYear": "2001", "period": "FY", "revenue": 415089000, "costOfRevenue": 321153000, "grossProfit": 93936000, "grossProfitRatio": 0.2263032747, "researchAndDevelopmentExpenses": 0, "generalAndAdministrativeExpenses": 0, "sellingAndMarketingExpenses": 0, "sellingGeneralAndAdministrativeExpenses": 0, "otherExpenses": -75209000, "operatingExpenses": -75209000, "costAndExpenses": 321153000, "interestIncome": 0, "interestExpense": 93514000, "depreciationAndAmortization": 6239000, "ebitda": 100175000, "ebitdaratio": 0.2413337862, "operatingIncome": 18727000, "operatingIncomeRatio": 0.0451156258, "totalOtherIncomeExpensesNet": -93514000, "incomeBeforeTax": 422000, "incomeBeforeTaxRatio": 0.0010166494, "incomeTaxExpense": 798000, "netIncome": -376000, "netIncomeRatio": -0.0009058298, "eps": -0.0167, "epsdiluted": -0.0167, "weightedAverageShsOut": 22529674, "weightedAverageShsOutDil": 22529674, "link": null, "finalLink": null, "calculatedOtherExpenses": 75209000, "calculatedOperatingExpenses": 75209000, "calculatedNetInterest": -93514000, "calculatedOtherIncome": 75209000, "calculatedIncomeNonControlling": 0, "calculatedEbitda": 24966000}, {"date": "2000-09-30", "symbol": "BECN", "reportedCurrency": "USD", "cik": "0001124941", "fillingDate": "2000-09-30", "acceptedDate": "2000-09-30 00:00:00", "calendarYear": "2000", "period": "FY", "revenue": 223955000, "costOfRevenue": 179900000, "grossProfit": 44055000, "grossProfitRatio": 0.1967136255, "researchAndDevelopmentExpenses": 0, "generalAndAdministrativeExpenses": 33687000, "sellingAndMarketingExpenses": 0, "sellingGeneralAndAdministrativeExpenses": 33687000, "otherExpenses": 0, "operatingExpenses": 33687000, "costAndExpenses": 213587000, "interestIncome": 0, "interestExpense": 0, "depreciationAndAmortization": 2664000, "ebitda": 13032000, "ebitdaratio": 0.0581902614, "operatingIncome": 10368000, "operatingIncomeRatio": 0.0462950146, "totalOtherIncomeExpensesNet": 0, "incomeBeforeTax": 0, "incomeBeforeTaxRatio": 0, "incomeTaxExpense": 11310000, "netIncome": -942000, "netIncomeRatio": -0.0042062021, "eps": -0.0673, "epsdiluted": -0.0673, "weightedAverageShsOut": 13987779, "weightedAverageShsOutDil": 13987779, "link": null, "finalLink": null, "calculatedOtherExpenses": 0, "calculatedOperatingExpenses": 33687000, "calculatedNetInterest": 0, "calculatedOtherIncome": -10368000, "calculatedIncomeNonControlling": -10368000, "calculatedEbitda": 13032000}]}