{"originalCurrency": "USD", "convertedCurrency": "USD", "report": [{"date": "2023-09-30", "symbol": "BEN", "reportedCurrency": "USD", "cik": "0000038777", "fillingDate": "2023-11-14", "acceptedDate": "2023-11-13 18:13:39", "calendarYear": "2023", "period": "FY", "revenue": 7849400000, "costOfRevenue": 3494000000, "grossProfit": 4355400000, "grossProfitRatio": 0.554870436, "researchAndDevelopmentExpenses": 0, "generalAndAdministrativeExpenses": 793900000, "sellingAndMarketingExpenses": 1613100000, "sellingGeneralAndAdministrativeExpenses": 2407000000, "otherExpenses": 59300000, "operatingExpenses": 3253100000, "costAndExpenses": 6747100000, "interestIncome": 152000000, "interestExpense": 123700000, "depreciationAndAmortization": 341100000, "ebitda": 1443400000, "ebitdaratio": 0.1838866665, "operatingIncome": 1102300000, "operatingIncomeRatio": 0.1404311158, "totalOtherIncomeExpensesNet": 437100000, "incomeBeforeTax": 1415700000, "incomeBeforeTaxRatio": 0.1803577343, "incomeTaxExpense": 312300000, "netIncome": 882800000, "netIncomeRatio": 0.1124671949, "eps": 1.72, "epsdiluted": 1.72, "weightedAverageShsOut": 490000000, "weightedAverageShsOutDil": 490800000, "link": "https://www.sec.gov/Archives/edgar/data/38777/000003877723000169/0000038777-23-000169-index.htm", "finalLink": "https://www.sec.gov/Archives/edgar/data/38777/000003877723000169/ben-20230930.htm", "calculatedOtherExpenses": 846100000, "calculatedOperatingExpenses": 3253100000, "calculatedNetInterest": 28300000, "calculatedOtherIncome": 285100000, "calculatedIncomeNonControlling": 220600000, "calculatedEbitda": 1443400000}, {"date": "2022-09-30", "symbol": "BEN", "reportedCurrency": "USD", "cik": "0000038777", "fillingDate": "2022-11-14", "acceptedDate": "2022-11-14 17:11:49", "calendarYear": "2022", "period": "FY", "revenue": 8275300000, "costOfRevenue": 4935400000, "grossProfit": 3339900000, "grossProfitRatio": 0.4035986611, "researchAndDevelopmentExpenses": 0, "generalAndAdministrativeExpenses": 1284000000, "sellingAndMarketingExpenses": 1845600000, "sellingGeneralAndAdministrativeExpenses": 1284000000, "otherExpenses": 282000000, "operatingExpenses": 1566000000, "costAndExpenses": 6501400000, "interestIncome": 60300000, "interestExpense": 98200000, "depreciationAndAmortization": 282000000, "ebitda": 2055900000, "ebitdaratio": 0.2484381231, "operatingIncome": 1773900000, "operatingIncomeRatio": 0.2143608087, "totalOtherIncomeExpensesNet": -44500000, "incomeBeforeTax": 1729400000, "incomeBeforeTaxRatio": 0.2089833601, "incomeTaxExpense": 396200000, "netIncome": 1291900000, "netIncomeRatio": 0.1561151862, "eps": 2.53, "epsdiluted": 2.53, "weightedAverageShsOut": 488700000, "weightedAverageShsOutDil": 489300000, "link": "https://www.sec.gov/Archives/edgar/data/38777/000003877722000198/0000038777-22-000198-index.htm", "finalLink": "https://www.sec.gov/Archives/edgar/data/38777/000003877722000198/ben-20220930.htm", "calculatedOtherExpenses": 282000000, "calculatedOperatingExpenses": 1566000000, "calculatedNetInterest": -37900000, "calculatedOtherIncome": -6600000, "calculatedIncomeNonControlling": 41300000, "calculatedEbitda": 2055900000}, {"date": "2021-09-30", "symbol": "BEN", "reportedCurrency": "USD", "cik": "0000038777", "fillingDate": "2021-11-19", "acceptedDate": "2021-11-19 14:47:37", "calendarYear": "2021", "period": "FY", "revenue": 8425500000, "costOfRevenue": 5077100000, "grossProfit": 3348400000, "grossProfitRatio": 0.3974126165, "researchAndDevelopmentExpenses": 0, "generalAndAdministrativeExpenses": 1241400000, "sellingAndMarketingExpenses": 2105800000, "sellingGeneralAndAdministrativeExpenses": 1241400000, "otherExpenses": 232000000, "operatingExpenses": 1473400000, "costAndExpenses": 6550500000, "interestIncome": 8800000, "interestExpense": 85400000, "depreciationAndAmortization": 232000000, "ebitda": 2107000000, "ebitdaratio": 0.2500741796, "operatingIncome": 1875000000, "operatingIncomeRatio": 0.2225387217, "totalOtherIncomeExpensesNet": 569200000, "incomeBeforeTax": 2444200000, "incomeBeforeTaxRatio": 0.2900955433, "incomeTaxExpense": 349600000, "netIncome": 1831200000, "netIncomeRatio": 0.2173402172, "eps": 3.58, "epsdiluted": 3.57, "weightedAverageShsOut": 489900000, "weightedAverageShsOutDil": 490600000, "link": "https://www.sec.gov/Archives/edgar/data/38777/000003877721000205/0000038777-21-000205-index.htm", "finalLink": "https://www.sec.gov/Archives/edgar/data/38777/000003877721000205/ben-20210930.htm", "calculatedOtherExpenses": 232000000, "calculatedOperatingExpenses": 1473400000, "calculatedNetInterest": -76600000, "calculatedOtherIncome": 645800000, "calculatedIncomeNonControlling": 263400000, "calculatedEbitda": 2107000000}, {"date": "2020-09-30", "symbol": "BEN", "reportedCurrency": "USD", "cik": "0000038777", "fillingDate": "2020-11-23", "acceptedDate": "2020-11-20 20:08:41", "calendarYear": "2020", "period": "FY", "revenue": 5566500000, "costOfRevenue": 3577000000, "grossProfit": 1989500000, "grossProfitRatio": 0.3574059104, "researchAndDevelopmentExpenses": 0, "generalAndAdministrativeExpenses": 886600000, "sellingAndMarketingExpenses": 2105800000, "sellingGeneralAndAdministrativeExpenses": 886600000, "otherExpenses": 54000000, "operatingExpenses": 940600000, "costAndExpenses": 4517600000, "interestIncome": 14300000, "interestExpense": 33400000, "depreciationAndAmortization": 54000000, "ebitda": 1102900000, "ebitdaratio": 0.1981316806, "operatingIncome": 1048900000, "operatingIncomeRatio": 0.1884307913, "totalOtherIncomeExpensesNet": -31000000, "incomeBeforeTax": 1017900000, "incomeBeforeTaxRatio": 0.1828617623, "incomeTaxExpense": 230800000, "netIncome": 798900000, "netIncomeRatio": 0.143519267, "eps": 1.59, "epsdiluted": 1.59, "weightedAverageShsOut": 491900000, "weightedAverageShsOutDil": 491900000, "link": "https://www.sec.gov/Archives/edgar/data/38777/000003877720000203/0000038777-20-000203-index.htm", "finalLink": "https://www.sec.gov/Archives/edgar/data/38777/000003877720000203/form10-k93020.htm", "calculatedOtherExpenses": 54000000, "calculatedOperatingExpenses": 940600000, "calculatedNetInterest": -19100000, "calculatedOtherIncome": -11900000, "calculatedIncomeNonControlling": -11800000, "calculatedEbitda": 1102900000}, {"date": "2019-09-30", "symbol": "BEN", "reportedCurrency": "USD", "cik": "0000038777", "fillingDate": "2019-11-12", "acceptedDate": "2019-11-12 13:53:09", "calendarYear": "2019", "period": "FY", "revenue": 5774500000, "costOfRevenue": 3404300000, "grossProfit": 2370200000, "grossProfitRatio": 0.4104597801, "researchAndDevelopmentExpenses": 0, "generalAndAdministrativeExpenses": 812800000, "sellingAndMarketingExpenses": 0, "sellingGeneralAndAdministrativeExpenses": 812800000, "otherExpenses": 20400000, "operatingExpenses": 812800000, "costAndExpenses": 4217100000, "interestIncome": 31000000, "interestExpense": 24700000, "depreciationAndAmortization": 93400000, "ebitda": 1557400000, "ebitdaratio": 0.2697030046, "operatingIncome": 1557400000, "operatingIncomeRatio": 0.2697030046, "totalOtherIncomeExpensesNet": 90400000, "incomeBeforeTax": 1647800000, "incomeBeforeTaxRatio": 0.2853580397, "incomeTaxExpense": 442300000, "netIncome": 1195700000, "netIncomeRatio": 0.2070655468, "eps": 2.35, "epsdiluted": 2.35, "weightedAverageShsOut": 503600000, "weightedAverageShsOutDil": 504300000, "link": "https://www.sec.gov/Archives/edgar/data/38777/000003877719000186/0000038777-19-000186-index.htm", "finalLink": "https://www.sec.gov/Archives/edgar/data/38777/000003877719000186/form10k93019.htm", "calculatedOtherExpenses": 0, "calculatedOperatingExpenses": 812800000, "calculatedNetInterest": 6300000, "calculatedOtherIncome": 84100000, "calculatedIncomeNonControlling": 9800000, "calculatedEbitda": 1650800000}, {"date": "2018-09-30", "symbol": "BEN", "reportedCurrency": "USD", "cik": "0000038777", "fillingDate": "2018-11-09", "acceptedDate": "2018-11-09 12:53:07", "calendarYear": "2018", "period": "FY", "revenue": 6319100000, "costOfRevenue": 3430300000, "grossProfit": 2888800000, "grossProfitRatio": 0.4571537086, "researchAndDevelopmentExpenses": 0, "generalAndAdministrativeExpenses": 770200000, "sellingAndMarketingExpenses": 0, "sellingGeneralAndAdministrativeExpenses": 770200000, "otherExpenses": 25300000, "operatingExpenses": 770200000, "costAndExpenses": 4200500000, "interestIncome": 76500000, "interestExpense": 48700000, "depreciationAndAmortization": 76400000, "ebitda": 2118600000, "ebitdaratio": 0.335269263, "operatingIncome": 2118600000, "operatingIncomeRatio": 0.335269263, "totalOtherIncomeExpensesNet": 145300000, "incomeBeforeTax": 2215200000, "incomeBeforeTaxRatio": 0.3505562501, "incomeTaxExpense": 1472500000, "netIncome": 764400000, "netIncomeRatio": 0.1209665933, "eps": 1.42, "epsdiluted": 1.42, "weightedAverageShsOut": 537400000, "weightedAverageShsOutDil": 538000000, "link": "https://www.sec.gov/Archives/edgar/data/38777/000003877718000233/0000038777-18-000233-index.htm", "finalLink": "https://www.sec.gov/Archives/edgar/data/38777/000003877718000233/form10k93018.htm", "calculatedOtherExpenses": 0, "calculatedOperatingExpenses": 770200000, "calculatedNetInterest": 27800000, "calculatedOtherIncome": 68800000, "calculatedIncomeNonControlling": -21700000, "calculatedEbitda": 2195000000}, {"date": "2017-09-30", "symbol": "BEN", "reportedCurrency": "USD", "cik": "0000038777", "fillingDate": "2017-11-13", "acceptedDate": "2017-11-13 14:01:00", "calendarYear": "2017", "period": "FY", "revenue": 6392200000, "costOfRevenue": 3464600000, "grossProfit": 2927600000, "grossProfitRatio": 0.4579956822, "researchAndDevelopmentExpenses": 0, "generalAndAdministrativeExpenses": 663300000, "sellingAndMarketingExpenses": 0, "sellingGeneralAndAdministrativeExpenses": 663300000, "otherExpenses": 22000000, "operatingExpenses": 663300000, "costAndExpenses": 4127900000, "interestIncome": 74900000, "interestExpense": 51500000, "depreciationAndAmortization": 80300000, "ebitda": 2264300000, "ebitdaratio": 0.3542285911, "operatingIncome": 2264300000, "operatingIncomeRatio": 0.3542285911, "totalOtherIncomeExpensesNet": 336300000, "incomeBeforeTax": 2549100000, "incomeBeforeTaxRatio": 0.3987828916, "incomeTaxExpense": 759400000, "netIncome": 1696700000, "netIncomeRatio": 0.2654328713, "eps": 3.01, "epsdiluted": 3.01, "weightedAverageShsOut": 558800000, "weightedAverageShsOutDil": 559100000, "link": "https://www.sec.gov/Archives/edgar/data/38777/000003877717000268/0000038777-17-000268-index.htm", "finalLink": "https://www.sec.gov/Archives/edgar/data/38777/000003877717000268/form10k93017.htm", "calculatedOtherExpenses": 0, "calculatedOperatingExpenses": 663300000, "calculatedNetInterest": 23400000, "calculatedOtherIncome": 261400000, "calculatedIncomeNonControlling": 93000000, "calculatedEbitda": 2344600000}, {"date": "2016-09-30", "symbol": "BEN", "reportedCurrency": "USD", "cik": "0000038777", "fillingDate": "2016-11-14", "acceptedDate": "2016-11-14 14:54:30", "calendarYear": "2016", "period": "FY", "revenue": 6618000000, "costOfRevenue": 3570800000, "grossProfit": 3047200000, "grossProfitRatio": 0.4604412209, "researchAndDevelopmentExpenses": 0, "generalAndAdministrativeExpenses": 681500000, "sellingAndMarketingExpenses": 0, "sellingGeneralAndAdministrativeExpenses": 681500000, "otherExpenses": 12500000, "operatingExpenses": 681500000, "costAndExpenses": 4252300000, "interestIncome": 36500000, "interestExpense": 49900000, "depreciationAndAmortization": 87100000, "ebitda": 2365700000, "ebitdaratio": 0.3574644908, "operatingIncome": 2365700000, "operatingIncomeRatio": 0.3574644908, "totalOtherIncomeExpensesNet": 184000000, "incomeBeforeTax": 2499800000, "incomeBeforeTaxRatio": 0.3777274101, "incomeTaxExpense": 742100000, "netIncome": 1726700000, "netIncomeRatio": 0.2609096404, "eps": 2.94, "epsdiluted": 2.94, "weightedAverageShsOut": 583800000, "weightedAverageShsOutDil": 583800000, "link": "https://www.sec.gov/Archives/edgar/data/38777/000003877716000609/0000038777-16-000609-index.htm", "finalLink": "https://www.sec.gov/Archives/edgar/data/38777/000003877716000609/form10k93016.htm", "calculatedOtherExpenses": 0, "calculatedOperatingExpenses": 681500000, "calculatedNetInterest": -13400000, "calculatedOtherIncome": 147500000, "calculatedIncomeNonControlling": 31000000, "calculatedEbitda": 2452800000}, {"date": "2015-09-30", "symbol": "BEN", "reportedCurrency": "USD", "cik": "0000038777", "fillingDate": "2015-11-12", "acceptedDate": "2015-11-12 14:02:27", "calendarYear": "2015", "period": "FY", "revenue": 7948700000, "costOfRevenue": 4215600000, "grossProfit": 3733100000, "grossProfitRatio": 0.469649125, "researchAndDevelopmentExpenses": 0, "generalAndAdministrativeExpenses": 705500000, "sellingAndMarketingExpenses": 0, "sellingGeneralAndAdministrativeExpenses": 705500000, "otherExpenses": 7400000, "operatingExpenses": 705500000, "costAndExpenses": 4921100000, "interestIncome": 10800000, "interestExpense": 39600000, "depreciationAndAmortization": 97400000, "ebitda": 3027600000, "ebitdaratio": 0.380892473, "operatingIncome": 3027600000, "operatingIncomeRatio": 0.380892473, "totalOtherIncomeExpensesNet": 40400000, "incomeBeforeTax": 3028400000, "incomeBeforeTaxRatio": 0.3809931184, "incomeTaxExpense": 923700000, "netIncome": 2035300000, "netIncomeRatio": 0.2560544492, "eps": 3.29, "epsdiluted": 3.29, "weightedAverageShsOut": 614800000, "weightedAverageShsOutDil": 614900000, "link": "https://www.sec.gov/Archives/edgar/data/38777/000003877715000278/0000038777-15-000278-index.htm", "finalLink": "https://www.sec.gov/Archives/edgar/data/38777/000003877715000278/form10k93015.htm", "calculatedOtherExpenses": 0, "calculatedOperatingExpenses": 705500000, "calculatedNetInterest": -28800000, "calculatedOtherIncome": 29600000, "calculatedIncomeNonControlling": 69400000, "calculatedEbitda": 3125000000}, {"date": "2014-09-30", "symbol": "BEN", "reportedCurrency": "USD", "cik": "0000038777", "fillingDate": "2014-11-12", "acceptedDate": "2014-11-12 13:53:24", "calendarYear": "2014", "period": "FY", "revenue": 8491400000, "costOfRevenue": 4556100000, "grossProfit": 3935300000, "grossProfitRatio": 0.4634453683, "researchAndDevelopmentExpenses": 0, "generalAndAdministrativeExpenses": 714100000, "sellingAndMarketingExpenses": 0, "sellingGeneralAndAdministrativeExpenses": 714100000, "otherExpenses": 8800000, "operatingExpenses": 714100000, "costAndExpenses": 5270200000, "interestIncome": 9100000, "interestExpense": 47400000, "depreciationAndAmortization": 94600000, "ebitda": 3221200000, "ebitdaratio": 0.3793485173, "operatingIncome": 3221200000, "operatingIncomeRatio": 0.3793485173, "totalOtherIncomeExpensesNet": 235800000, "incomeBeforeTax": 3409600000, "incomeBeforeTaxRatio": 0.4015356714, "incomeTaxExpense": 997900000, "netIncome": 2384300000, "netIncomeRatio": 0.2807899757, "eps": 3.79, "epsdiluted": 3.79, "weightedAverageShsOut": 624800000, "weightedAverageShsOutDil": 625200000, "link": "https://www.sec.gov/Archives/edgar/data/38777/000003877714000259/0000038777-14-000259-index.htm", "finalLink": "https://www.sec.gov/Archives/edgar/data/38777/000003877714000259/form10k93014.htm", "calculatedOtherExpenses": 0, "calculatedOperatingExpenses": 714100000, "calculatedNetInterest": -38300000, "calculatedOtherIncome": 226700000, "calculatedIncomeNonControlling": 27400000, "calculatedEbitda": 3315800000}, {"date": "2013-09-30", "symbol": "BEN", "reportedCurrency": "USD", "cik": "0000038777", "fillingDate": "2013-11-12", "acceptedDate": "2013-11-12 15:38:49", "calendarYear": "2013", "period": "FY", "revenue": 7985000000, "costOfRevenue": 4426600000, "grossProfit": 3558400000, "grossProfitRatio": 0.4456355667, "researchAndDevelopmentExpenses": 0, "generalAndAdministrativeExpenses": 637100000, "sellingAndMarketingExpenses": 0, "sellingGeneralAndAdministrativeExpenses": 637100000, "otherExpenses": 8100000, "operatingExpenses": 637100000, "costAndExpenses": 5063700000, "interestIncome": 7500000, "interestExpense": 46900000, "depreciationAndAmortization": 93500000, "ebitda": 2921300000, "ebitdaratio": 0.3658484659, "operatingIncome": 2921300000, "operatingIncomeRatio": 0.3658484659, "totalOtherIncomeExpensesNet": 152200000, "incomeBeforeTax": 3026600000, "incomeBeforeTaxRatio": 0.3790356919, "incomeTaxExpense": 855900000, "netIncome": 2150200000, "netIncomeRatio": 0.2692798998, "eps": 3.37, "epsdiluted": 3.37, "weightedAverageShsOut": 633100000, "weightedAverageShsOutDil": 634100000, "link": "https://www.sec.gov/Archives/edgar/data/38777/000003877713000227/0000038777-13-000227-index.htm", "finalLink": "https://www.sec.gov/Archives/edgar/data/38777/000003877713000227/form10k93013.htm", "calculatedOtherExpenses": 0, "calculatedOperatingExpenses": 637100000, "calculatedNetInterest": -39400000, "calculatedOtherIncome": 144700000, "calculatedIncomeNonControlling": 20500000, "calculatedEbitda": 3014800000}, {"date": "2012-09-30", "symbol": "BEN", "reportedCurrency": "USD", "cik": "0000038777", "fillingDate": "2012-11-15", "acceptedDate": "2012-11-14 18:49:55", "calendarYear": "2012", "period": "FY", "revenue": 7101000000, "costOfRevenue": 2739700000, "grossProfit": 4361300000, "grossProfitRatio": 0.6141811013, "researchAndDevelopmentExpenses": 182900000, "generalAndAdministrativeExpenses": 1533300000, "sellingAndMarketingExpenses": 0, "sellingGeneralAndAdministrativeExpenses": 1533300000, "otherExpenses": 0, "operatingExpenses": 1716200000, "costAndExpenses": 4455900000, "interestIncome": 12500000, "interestExpense": 36700000, "depreciationAndAmortization": 212000000, "ebitda": 2844800000, "ebitdaratio": 0.400619631, "operatingIncome": 2515200000, "operatingIncomeRatio": 0.3542036333, "totalOtherIncomeExpensesNet": 69800000, "incomeBeforeTax": 2678200000, "incomeBeforeTaxRatio": 0.3771581467, "incomeTaxExpense": 762700000, "netIncome": 1931400000, "netIncomeRatio": 0.2719898606, "eps": 2.99, "epsdiluted": 2.98, "weightedAverageShsOut": 641400000, "weightedAverageShsOutDil": 643200000, "link": "https://www.sec.gov/Archives/edgar/data/38777/000003877712000243/0000038777-12-000243-index.htm", "finalLink": "https://www.sec.gov/Archives/edgar/data/38777/000003877712000243/form10k93012.htm", "calculatedOtherExpenses": 129900000, "calculatedOperatingExpenses": 1846100000, "calculatedNetInterest": -24200000, "calculatedOtherIncome": 187200000, "calculatedIncomeNonControlling": -15900000, "calculatedEbitda": 2727200000}, {"date": "2011-09-30", "symbol": "BEN", "reportedCurrency": "USD", "cik": "0000038777", "fillingDate": "2011-11-15", "acceptedDate": "2011-11-15 14:11:34", "calendarYear": "2011", "period": "FY", "revenue": 7140039000, "costOfRevenue": 2712814000, "grossProfit": 4427225000, "grossProfitRatio": 0.6200561369, "researchAndDevelopmentExpenses": 173138000, "generalAndAdministrativeExpenses": 1463242000, "sellingAndMarketingExpenses": 2712814000, "sellingGeneralAndAdministrativeExpenses": 4176056000, "otherExpenses": -2712814000, "operatingExpenses": 4349194000, "costAndExpenses": 4349194000, "interestIncome": 11013000, "interestExpense": 37436000, "depreciationAndAmortization": 243574000, "ebitda": 2828724000, "ebitdaratio": 0.3961776679, "operatingIncome": 2659827000, "operatingIncomeRatio": 0.3725227551, "totalOtherIncomeExpensesNet": -129209000, "incomeBeforeTax": 2624200000, "incomeBeforeTaxRatio": 0.3675330065, "incomeTaxExpense": 803424000, "netIncome": 1923580000, "netIncomeRatio": 0.269407492, "eps": 2.89, "epsdiluted": 2.87, "weightedAverageShsOut": 663120000, "weightedAverageShsOutDil": 666252000, "link": "https://www.sec.gov/Archives/edgar/data/38777/000003877711000225/0000038777-11-000225-index.htm", "finalLink": "https://www.sec.gov/Archives/edgar/data/38777/000003877711000225/form10k.htm", "calculatedOtherExpenses": -2581796000, "calculatedOperatingExpenses": 1767398000, "calculatedNetInterest": -26423000, "calculatedOtherIncome": -9204000, "calculatedIncomeNonControlling": -102804000, "calculatedEbitda": 2903401000}, {"date": "2010-09-30", "symbol": "BEN", "reportedCurrency": "USD", "cik": "0000038777", "fillingDate": "2010-11-16", "acceptedDate": "2010-11-16 15:18:35", "calendarYear": "2010", "period": "FY", "revenue": 5852999000, "costOfRevenue": 2003465000, "grossProfit": 3849534000, "grossProfitRatio": 0.6577028289, "researchAndDevelopmentExpenses": 0, "generalAndAdministrativeExpenses": 1376550000, "sellingAndMarketingExpenses": 2161923000, "sellingGeneralAndAdministrativeExpenses": 3538473000, "otherExpenses": 355846000, "operatingExpenses": 3894319000, "costAndExpenses": 3894319000, "interestIncome": 12917000, "interestExpense": 16506000, "depreciationAndAmortization": 267445000, "ebitda": 2077817000, "ebitdaratio": 0.3550004024, "operatingIncome": 1958680000, "operatingIncomeRatio": 0.3346455381, "totalOtherIncomeExpensesNet": 127634000, "incomeBeforeTax": 2069808000, "incomeBeforeTaxRatio": 0.353632044, "incomeTaxExpense": 618312000, "netIncome": 1445689000, "netIncomeRatio": 0.2469997005, "eps": 2.12, "epsdiluted": 2.11, "weightedAverageShsOut": 678312000, "weightedAverageShsOutDil": 682059000, "link": "https://www.sec.gov/Archives/edgar/data/38777/000119312510261858/0001193125-10-261858-index.htm", "finalLink": "https://www.sec.gov/Archives/edgar/data/38777/000119312510261858/d10k.htm", "calculatedOtherExpenses": -1647619000, "calculatedOperatingExpenses": 1890854000, "calculatedNetInterest": -3589000, "calculatedOtherIncome": 114717000, "calculatedIncomeNonControlling": 5807000, "calculatedEbitda": 2226125000}, {"date": "2009-09-30", "symbol": "BEN", "reportedCurrency": "USD", "cik": "0000038777", "fillingDate": "2009-11-24", "acceptedDate": "2009-11-24 15:26:03", "calendarYear": "2009", "period": "FY", "revenue": 4194087000, "costOfRevenue": 1352022000, "grossProfit": 2842065000, "grossProfitRatio": 0.6776361578, "researchAndDevelopmentExpenses": 0, "generalAndAdministrativeExpenses": 2584731000, "sellingAndMarketingExpenses": 116129000, "sellingGeneralAndAdministrativeExpenses": 2700860000, "otherExpenses": 290633000, "operatingExpenses": 2991493000, "costAndExpenses": 2991493000, "interestIncome": 31918000, "interestExpense": 3771000, "depreciationAndAmortization": 181272000, "ebitda": 1202594000, "ebitdaratio": 0.2867355875, "operatingIncome": 1202594000, "operatingIncomeRatio": 0.2867355875, "totalOtherIncomeExpensesNet": 82269000, "incomeBeforeTax": 1281092000, "incomeBeforeTaxRatio": 0.3054519375, "incomeTaxExpense": 384314000, "netIncome": 896778000, "netIncomeRatio": 0.2138195989, "eps": 1.3, "epsdiluted": 1.29, "weightedAverageShsOut": 691002000, "weightedAverageShsOutDil": 694362000, "link": "https://www.sec.gov/Archives/edgar/data/38777/000119312509241304/0001193125-09-241304-index.htm", "finalLink": "https://www.sec.gov/Archives/edgar/data/38777/000119312509241304/d10k.htm", "calculatedOtherExpenses": -1061389000, "calculatedOperatingExpenses": 1639471000, "calculatedNetInterest": 28147000, "calculatedOtherIncome": 50351000, "calculatedIncomeNonControlling": 0, "calculatedEbitda": 1383866000}, {"date": "2008-09-30", "symbol": "BEN", "reportedCurrency": "USD", "cik": "0000038777", "fillingDate": "2008-11-25", "acceptedDate": "2008-11-25 16:23:24", "calendarYear": "2008", "period": "FY", "revenue": 6032386000, "costOfRevenue": 1937113000, "grossProfit": 4095273000, "grossProfitRatio": 0.678881126, "researchAndDevelopmentExpenses": 0, "generalAndAdministrativeExpenses": 1441643000, "sellingAndMarketingExpenses": 184309000, "sellingGeneralAndAdministrativeExpenses": 1625952000, "otherExpenses": 370319000, "operatingExpenses": 1996271000, "costAndExpenses": 3933384000, "interestIncome": 100428000, "interestExpense": 15758000, "depreciationAndAmortization": 215222000, "ebitda": 2443005000, "ebitdaratio": 0.4049815446, "operatingIncome": 2099002000, "operatingIncomeRatio": 0.3479555188, "totalOtherIncomeExpensesNet": 52917000, "incomeBeforeTax": 2236589000, "incomeBeforeTaxRatio": 0.3707635751, "incomeTaxExpense": 648376000, "netIncome": 1588213000, "netIncomeRatio": 0.2632810632, "eps": 2.24, "epsdiluted": 2.22, "weightedAverageShsOut": 709188000, "weightedAverageShsOutDil": 714843000, "link": "https://www.sec.gov/Archives/edgar/data/38777/000119312508243375/0001193125-08-243375-index.htm", "finalLink": "https://www.sec.gov/Archives/edgar/data/38777/000119312508243375/d10k.htm", "calculatedOtherExpenses": 370319000, "calculatedOperatingExpenses": 1996271000, "calculatedNetInterest": 84670000, "calculatedOtherIncome": 52917000, "calculatedIncomeNonControlling": 0, "calculatedEbitda": 2314224000}, {"date": "2007-09-30", "symbol": "BEN", "reportedCurrency": "USD", "cik": "0000038777", "fillingDate": "2007-11-29", "acceptedDate": "2007-11-28 18:58:42", "calendarYear": "2007", "period": "FY", "revenue": 6205769000, "costOfRevenue": 0, "grossProfit": 6205769000, "grossProfitRatio": 1, "researchAndDevelopmentExpenses": 317938000, "generalAndAdministrativeExpenses": 0, "sellingAndMarketingExpenses": 189382000, "sellingGeneralAndAdministrativeExpenses": 189382000, "otherExpenses": 1470271000, "operatingExpenses": 1977591000, "costAndExpenses": 1977591000, "interestIncome": 0, "interestExpense": 0, "depreciationAndAmortization": 198619000, "ebitda": 6166454000, "ebitdaratio": 0.9936647658, "operatingIncome": 2067547000, "operatingIncomeRatio": 0.3331653176, "totalOtherIncomeExpensesNet": -1739657000, "incomeBeforeTax": 2465301000, "incomeBeforeTaxRatio": 0.3972595499, "incomeTaxExpense": 692363000, "netIncome": 1772938000, "netIncomeRatio": 0.2856919102, "eps": 2.37, "epsdiluted": 2.34, "weightedAverageShsOut": 747591000, "weightedAverageShsOutDil": 756354000, "link": "https://www.sec.gov/Archives/edgar/data/38777/000119312507255169/0001193125-07-255169-index.htm", "finalLink": "https://www.sec.gov/Archives/edgar/data/38777/000119312507255169/d10k.htm", "calculatedOtherExpenses": 3630902000, "calculatedOperatingExpenses": 4138222000, "calculatedNetInterest": 0, "calculatedOtherIncome": 397754000, "calculatedIncomeNonControlling": 0, "calculatedEbitda": 2266166000}, {"date": "2006-09-30", "symbol": "BEN", "reportedCurrency": "USD", "cik": "0000038777", "fillingDate": "2006-12-20", "acceptedDate": "2006-12-20 17:04:12", "calendarYear": "2006", "period": "FY", "revenue": 5050726000, "costOfRevenue": 1641400000, "grossProfit": 3409326000, "grossProfitRatio": 0.6750170174, "researchAndDevelopmentExpenses": 302341000, "generalAndAdministrativeExpenses": 0, "sellingAndMarketingExpenses": 156460000, "sellingGeneralAndAdministrativeExpenses": 156460000, "otherExpenses": 1248743000, "operatingExpenses": 1707544000, "costAndExpenses": 1707544000, "interestIncome": 0, "interestExpense": 29221000, "depreciationAndAmortization": 215271000, "ebitda": 5036848000, "ebitdaratio": 0.9972522762, "operatingIncome": 1633381000, "operatingIncomeRatio": 0.3233952901, "totalOtherIncomeExpensesNet": -1478395000, "incomeBeforeTax": 1835566000, "incomeBeforeTaxRatio": 0.3634261688, "incomeTaxExpense": 567998000, "netIncome": 1267568000, "netIncomeRatio": 0.2509674847, "eps": 1.66, "epsdiluted": 1.62, "weightedAverageShsOut": 765131590, "weightedAverageShsOutDil": 782449383, "link": "https://www.sec.gov/Archives/edgar/data/38777/000119312506257302/0001193125-06-257302-index.htm", "finalLink": "https://www.sec.gov/Archives/edgar/data/38777/000119312506257302/d10k.htm", "calculatedOtherExpenses": 1317144000, "calculatedOperatingExpenses": 1775945000, "calculatedNetInterest": -29221000, "calculatedOtherIncome": 231406000, "calculatedIncomeNonControlling": 0, "calculatedEbitda": 1848652000}, {"date": "2005-09-30", "symbol": "BEN", "reportedCurrency": "USD", "cik": "0000038777", "fillingDate": "2005-12-14", "acceptedDate": "2005-12-14 16:43:02", "calendarYear": "2005", "period": "FY", "revenue": 4310098000, "costOfRevenue": 1406100000, "grossProfit": 2903998000, "grossProfitRatio": 0.6737661185, "researchAndDevelopmentExpenses": 286866000, "generalAndAdministrativeExpenses": 0, "sellingAndMarketingExpenses": 137298000, "sellingGeneralAndAdministrativeExpenses": 137298000, "otherExpenses": 1191421000, "operatingExpenses": 1615585000, "costAndExpenses": 1615585000, "interestIncome": 0, "interestExpense": 132500000, "depreciationAndAmortization": 212173000, "ebitda": 4146301000, "ebitdaratio": 0.9619969198, "operatingIncome": 1288376000, "operatingIncomeRatio": 0.2989203494, "totalOtherIncomeExpensesNet": -1239615000, "incomeBeforeTax": 1420855000, "incomeBeforeTaxRatio": 0.3296572375, "incomeTaxExpense": 363224000, "netIncome": 1057631000, "netIncomeRatio": 0.2453844437, "eps": 1.41, "epsdiluted": 1.35, "weightedAverageShsOut": 751870379, "weightedAverageShsOutDil": 781500739, "link": "https://www.sec.gov/Archives/edgar/data/38777/000119312505242624/0001193125-05-242624-index.htm", "finalLink": "https://www.sec.gov/Archives/edgar/data/38777/000119312505242624/d10k.htm", "calculatedOtherExpenses": 1191458000, "calculatedOperatingExpenses": 1615622000, "calculatedNetInterest": -132500000, "calculatedOtherIncome": 264979000, "calculatedIncomeNonControlling": 0, "calculatedEbitda": 1500549000}, {"date": "2004-09-30", "symbol": "BEN", "reportedCurrency": "USD", "cik": "0000038777", "fillingDate": "2004-12-14", "acceptedDate": "2004-12-14 15:17:58", "calendarYear": "2004", "period": "FY", "revenue": 3438208000, "costOfRevenue": 1035100000, "grossProfit": 2403108000, "grossProfitRatio": 0.698942007, "researchAndDevelopmentExpenses": 273540000, "generalAndAdministrativeExpenses": 0, "sellingAndMarketingExpenses": 112017000, "sellingGeneralAndAdministrativeExpenses": 112017000, "otherExpenses": 1086715000, "operatingExpenses": 1472272000, "costAndExpenses": 1472272000, "interestIncome": 0, "interestExpense": 63000000, "depreciationAndAmortization": 183437000, "ebitda": 3090785000, "ebitdaratio": 0.8989523031, "operatingIncome": 930825000, "operatingIncomeRatio": 0.2707296941, "totalOtherIncomeExpensesNet": -941412000, "incomeBeforeTax": 993866000, "incomeBeforeTaxRatio": 0.2890651176, "incomeTaxExpense": 291981000, "netIncome": 706664000, "netIncomeRatio": 0.2055326496, "eps": 0.95, "epsdiluted": 0.92, "weightedAverageShsOut": 746476056, "weightedAverageShsOutDil": 770906182, "link": "https://www.sec.gov/Archives/edgar/data/38777/000003877704000612/0000038777-04-000612-index.htm", "finalLink": "https://www.sec.gov/Archives/edgar/data/38777/000003877704000612/form10k_2004.txt", "calculatedOtherExpenses": 1086726000, "calculatedOperatingExpenses": 1472283000, "calculatedNetInterest": -63000000, "calculatedOtherIncome": 126041000, "calculatedIncomeNonControlling": -4779000, "calculatedEbitda": 1114262000}, {"date": "2003-09-30", "symbol": "BEN", "reportedCurrency": "USD", "cik": "0000038777", "fillingDate": "2003-12-22", "acceptedDate": "2003-12-19 21:36:26", "calendarYear": "2003", "period": "FY", "revenue": 2624448000, "costOfRevenue": 760800000, "grossProfit": 1863648000, "grossProfitRatio": 0.7101104689, "researchAndDevelopmentExpenses": 285329000, "generalAndAdministrativeExpenses": 0, "sellingAndMarketingExpenses": 92399000, "sellingGeneralAndAdministrativeExpenses": 92399000, "otherExpenses": 837801000, "operatingExpenses": 1215529000, "costAndExpenses": 1215529000, "interestIncome": 0, "interestExpense": 52100000, "depreciationAndAmortization": 177420000, "ebitda": 2275145000, "ebitdaratio": 0.8669042023, "operatingIncome": 648076000, "operatingIncomeRatio": 0.2469380228, "totalOtherIncomeExpensesNet": -688806000, "incomeBeforeTax": 700203000, "incomeBeforeTaxRatio": 0.2668001043, "incomeTaxExpense": 197373000, "netIncome": 502830000, "netIncomeRatio": 0.1915945753, "eps": 0.66, "epsdiluted": 0.66, "weightedAverageShsOut": 761863636, "weightedAverageShsOutDil": 765730964, "link": "https://www.sec.gov/Archives/edgar/data/38777/000003877703000693/0000038777-03-000693-index.htm", "finalLink": "https://www.sec.gov/Archives/edgar/data/38777/000003877703000693/form10k_03.txt", "calculatedOtherExpenses": 837844000, "calculatedOperatingExpenses": 1215572000, "calculatedNetInterest": -52100000, "calculatedOtherIncome": 104227000, "calculatedIncomeNonControlling": 0, "calculatedEbitda": 825496000}, {"date": "2002-09-30", "symbol": "BEN", "reportedCurrency": "USD", "cik": "0000038777", "fillingDate": "2002-12-18", "acceptedDate": "2002-12-18 14:37:08", "calendarYear": "2002", "period": "FY", "revenue": 2518532000, "costOfRevenue": 0, "grossProfit": 2518532000, "grossProfitRatio": 1, "researchAndDevelopmentExpenses": 294161000, "generalAndAdministrativeExpenses": 0, "sellingAndMarketingExpenses": 106877000, "sellingGeneralAndAdministrativeExpenses": 106877000, "otherExpenses": 815758000, "operatingExpenses": 1216796000, "costAndExpenses": 1216796000, "interestIncome": 0, "interestExpense": 0, "depreciationAndAmortization": 183121000, "ebitda": 2196016000, "ebitdaratio": 0.871942862, "operatingIncome": 585502000, "operatingIncomeRatio": 0.2324774909, "totalOtherIncomeExpensesNet": -711159000, "incomeBeforeTax": 578275000, "incomeBeforeTaxRatio": 0.2296079621, "incomeTaxExpense": 145552000, "netIncome": 432723000, "netIncomeRatio": 0.1718155656, "eps": 0.55, "epsdiluted": 0.55, "weightedAverageShsOut": 781987952, "weightedAverageShsOutDil": 786053957, "link": "https://www.sec.gov/Archives/edgar/data/38777/000003877702000444/0000038777-02-000444-index.htm", "finalLink": "https://www.sec.gov/Archives/edgar/data/38777/000003877702000444/form10k_2002.txt", "calculatedOtherExpenses": 1531992000, "calculatedOperatingExpenses": 1933030000, "calculatedNetInterest": 0, "calculatedOtherIncome": -7227000, "calculatedIncomeNonControlling": 0, "calculatedEbitda": 768623000}, {"date": "2001-09-30", "symbol": "BEN", "reportedCurrency": "USD", "cik": "0000038777", "fillingDate": "2001-12-26", "acceptedDate": "2001-12-26 00:00:00", "calendarYear": "2001", "period": "FY", "revenue": 2354843000, "costOfRevenue": 636900000, "grossProfit": 1717943000, "grossProfitRatio": 0.7295361092, "researchAndDevelopmentExpenses": 263297000, "generalAndAdministrativeExpenses": 0, "sellingAndMarketingExpenses": 106261000, "sellingGeneralAndAdministrativeExpenses": 106261000, "otherExpenses": 836422000, "operatingExpenses": 1205980000, "costAndExpenses": 1205980000, "interestIncome": 0, "interestExpense": 125800000, "depreciationAndAmortization": 223846000, "ebitda": 1873226000, "ebitdaratio": 0.795478085, "operatingIncome": 511995000, "operatingIncomeRatio": 0.2174221381, "totalOtherIncomeExpensesNet": -500517000, "incomeBeforeTax": 637790000, "incomeBeforeTaxRatio": 0.2708418353, "incomeTaxExpense": 153069000, "netIncome": 484721000, "netIncomeRatio": 0.2058400496, "eps": 0.64, "epsdiluted": 0.64, "weightedAverageShsOut": 757376562, "weightedAverageShsOutDil": 761341885, "link": "https://www.sec.gov/Archives/edgar/data/38777/000003877701500097/0000038777-01-500097-index.htm", "finalLink": "https://www.sec.gov/Archives/edgar/data/38777/000003877701500097/form10k_2001.txt", "calculatedOtherExpenses": 836390000, "calculatedOperatingExpenses": 1205948000, "calculatedNetInterest": -125800000, "calculatedOtherIncome": 251595000, "calculatedIncomeNonControlling": 0, "calculatedEbitda": 735841000}, {"date": "2000-09-30", "symbol": "BEN", "reportedCurrency": "USD", "cik": "0000038777", "fillingDate": "2000-12-07", "acceptedDate": "2000-12-07 00:00:00", "calendarYear": "2000", "period": "FY", "revenue": 2340140000, "costOfRevenue": 0, "grossProfit": 2340140000, "grossProfitRatio": 1, "researchAndDevelopmentExpenses": 213670000, "generalAndAdministrativeExpenses": 0, "sellingAndMarketingExpenses": 101196000, "sellingGeneralAndAdministrativeExpenses": 101196000, "otherExpenses": 738687000, "operatingExpenses": 1053553000, "costAndExpenses": 1053553000, "interestIncome": 0, "interestExpense": 0, "depreciationAndAmortization": 199639000, "ebitda": 2019262000, "ebitdaratio": 0.8628808533, "operatingIncome": 663443000, "operatingIncomeRatio": 0.2835056877, "totalOtherIncomeExpensesNet": -533036000, "incomeBeforeTax": 739591000, "incomeBeforeTaxRatio": 0.3160456212, "incomeTaxExpense": 177502000, "netIncome": 562089000, "netIncomeRatio": 0.2401946037, "eps": 0.76, "epsdiluted": 0.76, "weightedAverageShsOut": 739590789, "weightedAverageShsOutDil": 739590789, "link": "https://www.sec.gov/Archives/edgar/data/38777/000003877700000380/0000038777-00-000380-index.htm", "finalLink": "https://www.sec.gov/Archives/edgar/data/38777/000003877700000380/0000038777-00-000380-0001.txt", "calculatedOtherExpenses": 1361831000, "calculatedOperatingExpenses": 1676697000, "calculatedNetInterest": 0, "calculatedOtherIncome": 76148000, "calculatedIncomeNonControlling": 0, "calculatedEbitda": 863082000}, {"date": "1999-09-30", "symbol": "BEN", "reportedCurrency": "USD", "cik": "0000038777", "fillingDate": "1999-12-21", "acceptedDate": "1999-12-21 00:00:00", "calendarYear": "1999", "period": "FY", "revenue": 2262497000, "costOfRevenue": 0, "grossProfit": 2262497000, "grossProfitRatio": 1, "researchAndDevelopmentExpenses": 212495000, "generalAndAdministrativeExpenses": 0, "sellingAndMarketingExpenses": 105935000, "sellingGeneralAndAdministrativeExpenses": 105935000, "otherExpenses": 726457000, "operatingExpenses": 1044887000, "costAndExpenses": 1044887000, "interestIncome": 0, "interestExpense": 0, "depreciationAndAmortization": 200014000, "ebitda": 2040192000, "ebitdaratio": 0.9017435161, "operatingIncome": 539108000, "operatingIncomeRatio": 0.238280095, "totalOtherIncomeExpensesNet": -622568000, "incomeBeforeTax": 574084000, "incomeBeforeTaxRatio": 0.253739121, "incomeTaxExpense": 147373000, "netIncome": 426711000, "netIncomeRatio": 0.188601797, "eps": 0.56, "epsdiluted": 0.56, "weightedAverageShsOut": 757475148, "weightedAverageShsOutDil": 758055000, "link": "https://www.sec.gov/Archives/edgar/data/38777/000003877799000471/0000038777-99-000471-index.htm", "finalLink": "https://www.sec.gov/Archives/edgar/data/38777/000003877799000471/0000038777-99-000471.txt", "calculatedOtherExpenses": 1404959000, "calculatedOperatingExpenses": 1723389000, "calculatedNetInterest": 0, "calculatedOtherIncome": 34976000, "calculatedIncomeNonControlling": 0, "calculatedEbitda": 739122000}, {"date": "1998-09-30", "symbol": "BEN", "reportedCurrency": "USD", "cik": "0000038777", "fillingDate": "1998-12-24", "acceptedDate": "1998-12-24 00:00:00", "calendarYear": "1998", "period": "FY", "revenue": 2577272000, "costOfRevenue": 0, "grossProfit": 2577272000, "grossProfitRatio": 1, "researchAndDevelopmentExpenses": 181665000, "generalAndAdministrativeExpenses": 0, "sellingAndMarketingExpenses": 125925000, "sellingGeneralAndAdministrativeExpenses": 125925000, "otherExpenses": 785880000, "operatingExpenses": 1093470000, "costAndExpenses": 1093470000, "interestIncome": 0, "interestExpense": 0, "depreciationAndAmortization": 191374000, "ebitda": 2460159000, "ebitdaratio": 0.954559317, "operatingIncome": 642096000, "operatingIncomeRatio": 0.2491378481, "totalOtherIncomeExpensesNet": -784983000, "incomeBeforeTax": 676284000, "incomeBeforeTaxRatio": 0.262403037, "incomeTaxExpense": 175834000, "netIncome": 500450000, "netIncomeRatio": 0.1941781853, "eps": 0.66, "epsdiluted": 0.66, "weightedAverageShsOut": 758257576, "weightedAverageShsOutDil": 758257576, "link": "https://www.sec.gov/Archives/edgar/data/38777/000003877798000595/0000038777-98-000595-index.htm", "finalLink": "https://www.sec.gov/Archives/edgar/data/38777/0000038777-98-000595.txt", "calculatedOtherExpenses": 1627586000, "calculatedOperatingExpenses": 1935176000, "calculatedNetInterest": 0, "calculatedOtherIncome": 34188000, "calculatedIncomeNonControlling": 0, "calculatedEbitda": 833470000}, {"date": "1997-09-30", "symbol": "BEN", "reportedCurrency": "USD", "cik": "0000038777", "fillingDate": "1997-12-22", "acceptedDate": "1997-12-22 00:00:00", "calendarYear": "1997", "period": "FY", "revenue": 2163275000, "costOfRevenue": 0, "grossProfit": 2163275000, "grossProfitRatio": 1, "researchAndDevelopmentExpenses": 135391000, "generalAndAdministrativeExpenses": 0, "sellingAndMarketingExpenses": 96552000, "sellingGeneralAndAdministrativeExpenses": 96552000, "otherExpenses": 627544000, "operatingExpenses": 859487000, "costAndExpenses": 859487000, "interestIncome": 0, "interestExpense": 0, "depreciationAndAmortization": 123908000, "ebitda": 2090438000, "ebitdaratio": 0.9663302169, "operatingIncome": 591460000, "operatingIncomeRatio": 0.2734095295, "totalOtherIncomeExpensesNet": -662742000, "incomeBeforeTax": 615713000, "incomeBeforeTaxRatio": 0.2846207717, "incomeTaxExpense": 181650000, "netIncome": 434063000, "netIncomeRatio": 0.200650865, "eps": 0.57, "epsdiluted": 0.57, "weightedAverageShsOut": 757086628, "weightedAverageShsOutDil": 761514035, "link": "https://www.sec.gov/Archives/edgar/data/38777/000003877797000384/0000038777-97-000384-index.htm", "finalLink": "https://www.sec.gov/Archives/edgar/data/38777/0000038777-97-000384.txt", "calculatedOtherExpenses": 1339872000, "calculatedOperatingExpenses": 1571815000, "calculatedNetInterest": 0, "calculatedOtherIncome": 24253000, "calculatedIncomeNonControlling": 0, "calculatedEbitda": 715368000}, {"date": "1996-09-30", "symbol": "BEN", "reportedCurrency": "USD", "cik": "0000038777", "fillingDate": "1996-12-27", "acceptedDate": "1996-12-27 00:00:00", "calendarYear": "1996", "period": "FY", "revenue": 1522568000, "costOfRevenue": 520200000, "grossProfit": 1002368000, "grossProfitRatio": 0.6583403828, "researchAndDevelopmentExpenses": 0, "generalAndAdministrativeExpenses": 147963000, "sellingAndMarketingExpenses": 71655000, "sellingGeneralAndAdministrativeExpenses": 219618000, "otherExpenses": 343483000, "operatingExpenses": 563101000, "costAndExpenses": 1083301000, "interestIncome": 0, "interestExpense": 39100000, "depreciationAndAmortization": 40491000, "ebitda": 971659000, "ebitdaratio": 0.6381711687, "operatingIncome": 417108000, "operatingIncomeRatio": 0.273950326, "totalOtherIncomeExpensesNet": -491901000, "incomeBeforeTax": 456230000, "incomeBeforeTaxRatio": 0.2996450733, "incomeTaxExpense": 141500000, "netIncome": 314730000, "netIncomeRatio": 0.2067099795, "eps": 0.84, "epsdiluted": 0.83, "weightedAverageShsOut": 742580645, "weightedAverageShsOutDil": 750652174, "link": "https://www.sec.gov/Archives/edgar/data/38777/000003877796000161/0000038777-96-000161-index.htm", "finalLink": "https://www.sec.gov/Archives/edgar/data/38777/0000038777-96-000161.txt", "calculatedOtherExpenses": 365642000, "calculatedOperatingExpenses": 585260000, "calculatedNetInterest": -39100000, "calculatedOtherIncome": 78222000, "calculatedIncomeNonControlling": 0, "calculatedEbitda": 457599000}, {"date": "1995-09-30", "symbol": "BEN", "reportedCurrency": "USD", "cik": "0000038777", "fillingDate": "1995-12-29", "acceptedDate": "1995-12-29 00:00:00", "calendarYear": "1995", "period": "FY", "revenue": 845803000, "costOfRevenue": 22600000, "grossProfit": 823203000, "grossProfitRatio": 0.9732798299, "researchAndDevelopmentExpenses": 0, "generalAndAdministrativeExpenses": 389219000, "sellingAndMarketingExpenses": 70138000, "sellingGeneralAndAdministrativeExpenses": 459357000, "otherExpenses": 18305000, "operatingExpenses": 477662000, "costAndExpenses": 500262000, "interestIncome": 0, "interestExpense": 0, "depreciationAndAmortization": 40940000, "ebitda": 356808000, "ebitdaratio": 0.4218570991, "operatingIncome": 368141000, "operatingIncomeRatio": 0.4352562003, "totalOtherIncomeExpensesNet": 29673000, "incomeBeforeTax": 386655000, "incomeBeforeTaxRatio": 0.4571454582, "incomeTaxExpense": 117710000, "netIncome": 268945000, "netIncomeRatio": 0.3179759353, "eps": 0.36, "epsdiluted": 0.36, "weightedAverageShsOut": 747069444, "weightedAverageShsOutDil": 756407812, "link": "https://www.sec.gov/Archives/edgar/data/38777/000003877795000111/0000038777-95-000111-index.htm", "finalLink": "https://www.sec.gov/Archives/edgar/data/38777/0000038777-95-000111.txt", "calculatedOtherExpenses": -4295000, "calculatedOperatingExpenses": 455062000, "calculatedNetInterest": 0, "calculatedOtherIncome": 18514000, "calculatedIncomeNonControlling": 0, "calculatedEbitda": 409081000}, {"date": "1994-09-30", "symbol": "BEN", "reportedCurrency": "USD", "cik": "0000038777", "fillingDate": "1994-12-29", "acceptedDate": "1994-12-29 00:00:00", "calendarYear": "1994", "period": "FY", "revenue": 826871000, "costOfRevenue": 18400000, "grossProfit": 808471000, "grossProfitRatio": 0.9777474358, "researchAndDevelopmentExpenses": 0, "generalAndAdministrativeExpenses": 360548000, "sellingAndMarketingExpenses": 69073000, "sellingGeneralAndAdministrativeExpenses": 429621000, "otherExpenses": 27667000, "operatingExpenses": 457288000, "costAndExpenses": 475688000, "interestIncome": 0, "interestExpense": 0, "depreciationAndAmortization": 36693000, "ebitda": 365173000, "ebitdaratio": 0.4416323707, "operatingIncome": 369583000, "operatingIncomeRatio": 0.4469657298, "totalOtherIncomeExpensesNet": 22703000, "incomeBeforeTax": 362521000, "incomeBeforeTaxRatio": 0.438425099, "incomeTaxExpense": 111213000, "netIncome": 251308000, "netIncomeRatio": 0.3039264891, "eps": 0.33, "epsdiluted": 0.33, "weightedAverageShsOut": 753924000, "weightedAverageShsOutDil": 753924000, "link": "https://www.sec.gov/Archives/edgar/data/38777/000003877794000129/0000038777-94-000129-index.htm", "finalLink": "https://www.sec.gov/Archives/edgar/data/38777/0000038777-94-000129.txt", "calculatedOtherExpenses": 9267000, "calculatedOperatingExpenses": 438888000, "calculatedNetInterest": 0, "calculatedOtherIncome": -7062000, "calculatedIncomeNonControlling": 0, "calculatedEbitda": 406276000}, {"date": "1993-09-30", "symbol": "BEN", "reportedCurrency": "USD", "cik": "0000038777", "fillingDate": "1994-01-06", "acceptedDate": "1994-01-06 00:00:00", "calendarYear": "1993", "period": "FY", "revenue": 640700000, "costOfRevenue": 7300000, "grossProfit": 633400000, "grossProfitRatio": 0.988606212, "researchAndDevelopmentExpenses": 0, "generalAndAdministrativeExpenses": 329600000, "sellingAndMarketingExpenses": 0, "sellingGeneralAndAdministrativeExpenses": 329600000, "otherExpenses": 24300000, "operatingExpenses": 353900000, "costAndExpenses": 361200000, "interestIncome": 0, "interestExpense": 0, "depreciationAndAmortization": -24300000, "ebitda": 289000000, "ebitdaratio": 0.4510691431, "operatingIncome": 279500000, "operatingIncomeRatio": 0.4362416107, "totalOtherIncomeExpensesNet": 14800000, "incomeBeforeTax": 274400000, "incomeBeforeTaxRatio": 0.428281567, "incomeTaxExpense": 98900000, "netIncome": 175500000, "netIncomeRatio": 0.2739191509, "eps": 0.24, "epsdiluted": 0.23, "weightedAverageShsOut": 745140566, "weightedAverageShsOutDil": 752237143, "link": "https://www.sec.gov/Archives/edgar/data/38777/000003877794000002/0000038777-94-000002-index.htm", "finalLink": "https://www.sec.gov/Archives/edgar/data/38777/0000038777-94-000002.txt", "calculatedOtherExpenses": 24300000, "calculatedOperatingExpenses": 353900000, "calculatedNetInterest": 0, "calculatedOtherIncome": -5100000, "calculatedIncomeNonControlling": 0, "calculatedEbitda": 255200000}, {"date": "1992-09-30", "symbol": "BEN", "reportedCurrency": "USD", "cik": "0000038777", "fillingDate": "1992-09-30", "acceptedDate": "1992-09-29 20:00:00", "calendarYear": "1992", "period": "FY", "revenue": 385000000, "costOfRevenue": 0, "grossProfit": 385000000, "grossProfitRatio": 1, "researchAndDevelopmentExpenses": 0, "generalAndAdministrativeExpenses": 120700000, "sellingAndMarketingExpenses": 0, "sellingGeneralAndAdministrativeExpenses": 120700000, "otherExpenses": -167500000, "operatingExpenses": -46800000, "costAndExpenses": -46800000, "interestIncome": 0, "interestExpense": 0, "depreciationAndAmortization": 4300000, "ebitda": 436100000, "ebitdaratio": 1.1327272727, "operatingIncome": 431800000, "operatingIncomeRatio": 1.1215584416, "totalOtherIncomeExpensesNet": -227000000, "incomeBeforeTax": 204800000, "incomeBeforeTaxRatio": 0.5319480519, "incomeTaxExpense": 80700000, "netIncome": 124100000, "netIncomeRatio": 0.3223376623, "eps": 0.18, "epsdiluted": 0.18, "weightedAverageShsOut": 702452830, "weightedAverageShsOutDil": 702452830, "link": "", "finalLink": "", "calculatedOtherExpenses": -167500000, "calculatedOperatingExpenses": -46800000, "calculatedNetInterest": 0, "calculatedOtherIncome": -227000000, "calculatedIncomeNonControlling": 0, "calculatedEbitda": 436100000}, {"date": "1991-09-30", "symbol": "BEN", "reportedCurrency": "USD", "cik": "0000038777", "fillingDate": "1991-09-30", "acceptedDate": "1991-09-29 20:00:00", "calendarYear": "1991", "period": "FY", "revenue": 318400000, "costOfRevenue": 36600000, "grossProfit": 281800000, "grossProfitRatio": 0.8850502513, "researchAndDevelopmentExpenses": 0, "generalAndAdministrativeExpenses": 102800000, "sellingAndMarketingExpenses": 0, "sellingGeneralAndAdministrativeExpenses": 102800000, "otherExpenses": 4700000, "operatingExpenses": 107500000, "costAndExpenses": 144100000, "interestIncome": 0, "interestExpense": 0, "depreciationAndAmortization": -4700000, "ebitda": 179000000, "ebitdaratio": 0.5621859296, "operatingIncome": 174300000, "operatingIncomeRatio": 0.5474246231, "totalOtherIncomeExpensesNet": -11600000, "incomeBeforeTax": 162700000, "incomeBeforeTaxRatio": 0.5109924623, "incomeTaxExpense": 64500000, "netIncome": 98200000, "netIncomeRatio": 0.3084170854, "eps": 0.14, "epsdiluted": 0.14, "weightedAverageShsOut": 701428571, "weightedAverageShsOutDil": 701428571, "link": "", "finalLink": "", "calculatedOtherExpenses": 4700000, "calculatedOperatingExpenses": 107500000, "calculatedNetInterest": 0, "calculatedOtherIncome": -11600000, "calculatedIncomeNonControlling": 0, "calculatedEbitda": 169600000}, {"date": "1990-09-30", "symbol": "BEN", "reportedCurrency": "USD", "cik": "0000038777", "fillingDate": "1990-09-30", "acceptedDate": "1990-09-29 20:00:00", "calendarYear": "1990", "period": "FY", "revenue": 287900000, "costOfRevenue": 33200000, "grossProfit": 254700000, "grossProfitRatio": 0.8846821813, "researchAndDevelopmentExpenses": 0, "generalAndAdministrativeExpenses": 93800000, "sellingAndMarketingExpenses": 0, "sellingGeneralAndAdministrativeExpenses": 93800000, "otherExpenses": 4400000, "operatingExpenses": 98200000, "costAndExpenses": 131400000, "interestIncome": 0, "interestExpense": 0, "depreciationAndAmortization": -4400000, "ebitda": 160900000, "ebitdaratio": 0.5588746092, "operatingIncome": 156500000, "operatingIncomeRatio": 0.5435915248, "totalOtherIncomeExpensesNet": -12100000, "incomeBeforeTax": 144400000, "incomeBeforeTaxRatio": 0.5015630427, "incomeTaxExpense": 55000000, "netIncome": 89400000, "netIncomeRatio": 0.3105244877, "eps": 0.13, "epsdiluted": 0.13, "weightedAverageShsOut": 705789474, "weightedAverageShsOutDil": 705789474, "link": "", "finalLink": "", "calculatedOtherExpenses": 4400000, "calculatedOperatingExpenses": 98200000, "calculatedNetInterest": 0, "calculatedOtherIncome": -12100000, "calculatedIncomeNonControlling": 0, "calculatedEbitda": 152100000}, {"date": "1989-09-30", "symbol": "BEN", "reportedCurrency": "USD", "cik": "0000038777", "fillingDate": "1989-09-30", "acceptedDate": "1989-09-29 20:00:00", "calendarYear": "1989", "period": "FY", "revenue": 253300000, "costOfRevenue": 0, "grossProfit": 253300000, "grossProfitRatio": 1, "researchAndDevelopmentExpenses": 0, "generalAndAdministrativeExpenses": 0, "sellingAndMarketingExpenses": 0, "sellingGeneralAndAdministrativeExpenses": 0, "otherExpenses": -112100000, "operatingExpenses": -112100000, "costAndExpenses": -112100000, "interestIncome": 0, "interestExpense": 0, "depreciationAndAmortization": 0, "ebitda": 365400000, "ebitdaratio": 1.4425582313, "operatingIncome": 365400000, "operatingIncomeRatio": 1.4425582313, "totalOtherIncomeExpensesNet": -235700000, "incomeBeforeTax": 129700000, "incomeBeforeTaxRatio": 0.512041058, "incomeTaxExpense": 51100000, "netIncome": 78600000, "netIncomeRatio": 0.3103039874, "eps": 0.11, "epsdiluted": 0.11, "weightedAverageShsOut": 693529412, "weightedAverageShsOutDil": 693529412, "link": "", "finalLink": "", "calculatedOtherExpenses": -112100000, "calculatedOperatingExpenses": -112100000, "calculatedNetInterest": 0, "calculatedOtherIncome": -235700000, "calculatedIncomeNonControlling": 0, "calculatedEbitda": 365400000}, {"date": "1988-09-30", "symbol": "BEN", "reportedCurrency": "USD", "cik": "0000038777", "fillingDate": "1988-09-30", "acceptedDate": "1988-09-29 20:00:00", "calendarYear": "1988", "period": "FY", "revenue": 202600000, "costOfRevenue": 0, "grossProfit": 202600000, "grossProfitRatio": 1, "researchAndDevelopmentExpenses": 0, "generalAndAdministrativeExpenses": 0, "sellingAndMarketingExpenses": 0, "sellingGeneralAndAdministrativeExpenses": 0, "otherExpenses": -92900000, "operatingExpenses": -92900000, "costAndExpenses": -92900000, "interestIncome": 0, "interestExpense": 0, "depreciationAndAmortization": 0, "ebitda": 295500000, "ebitdaratio": 1.4585389931, "operatingIncome": 295500000, "operatingIncomeRatio": 1.4585389931, "totalOtherIncomeExpensesNet": -186200000, "incomeBeforeTax": 109300000, "incomeBeforeTaxRatio": 0.5394866732, "incomeTaxExpense": 43000000, "netIncome": 66300000, "netIncomeRatio": 0.3272458045, "eps": 0.0933, "epsdiluted": 0.0933, "weightedAverageShsOut": 710357143, "weightedAverageShsOutDil": 710357143, "link": "", "finalLink": "", "calculatedOtherExpenses": -92900000, "calculatedOperatingExpenses": -92900000, "calculatedNetInterest": 0, "calculatedOtherIncome": -186200000, "calculatedIncomeNonControlling": 0, "calculatedEbitda": 295500000}, {"date": "1987-09-30", "symbol": "BEN", "reportedCurrency": "USD", "cik": "0000038777", "fillingDate": "1987-09-30", "acceptedDate": "1987-09-29 20:00:00", "calendarYear": "1987", "period": "FY", "revenue": 206700000, "costOfRevenue": 0, "grossProfit": 206700000, "grossProfitRatio": 1, "researchAndDevelopmentExpenses": 0, "generalAndAdministrativeExpenses": 0, "sellingAndMarketingExpenses": 0, "sellingGeneralAndAdministrativeExpenses": 0, "otherExpenses": -92600000, "operatingExpenses": -92600000, "costAndExpenses": -92600000, "interestIncome": 0, "interestExpense": 0, "depreciationAndAmortization": 0, "ebitda": 299300000, "ebitdaratio": 1.4479922593, "operatingIncome": 299300000, "operatingIncomeRatio": 1.4479922593, "totalOtherIncomeExpensesNet": -185900000, "incomeBeforeTax": 113400000, "incomeBeforeTaxRatio": 0.5486211901, "incomeTaxExpense": 54500000, "netIncome": 58900000, "netIncomeRatio": 0.2849540397, "eps": 0.0833, "epsdiluted": 0.0833, "weightedAverageShsOut": 706800000, "weightedAverageShsOutDil": 706800000, "link": "", "finalLink": "", "calculatedOtherExpenses": -92600000, "calculatedOperatingExpenses": -92600000, "calculatedNetInterest": 0, "calculatedOtherIncome": -185900000, "calculatedIncomeNonControlling": 0, "calculatedEbitda": 299300000}, {"date": "1986-09-30", "symbol": "BEN", "reportedCurrency": "USD", "cik": "0000038777", "fillingDate": "1986-09-30", "acceptedDate": "1986-09-29 20:00:00", "calendarYear": "1986", "period": "FY", "revenue": 143100000, "costOfRevenue": 0, "grossProfit": 143100000, "grossProfitRatio": 1, "researchAndDevelopmentExpenses": 0, "generalAndAdministrativeExpenses": 0, "sellingAndMarketingExpenses": 0, "sellingGeneralAndAdministrativeExpenses": 0, "otherExpenses": -76400000, "operatingExpenses": -76400000, "costAndExpenses": -76400000, "interestIncome": 0, "interestExpense": 0, "depreciationAndAmortization": 0, "ebitda": 219500000, "ebitdaratio": 1.5338923829, "operatingIncome": 219500000, "operatingIncomeRatio": 1.5338923829, "totalOtherIncomeExpensesNet": -153200000, "incomeBeforeTax": 66300000, "incomeBeforeTaxRatio": 0.463312369, "incomeTaxExpense": 34200000, "netIncome": 32100000, "netIncomeRatio": 0.2243186583, "eps": 0.0467, "epsdiluted": 0.0467, "weightedAverageShsOut": 687857143, "weightedAverageShsOutDil": 687857143, "link": "", "finalLink": "", "calculatedOtherExpenses": -76400000, "calculatedOperatingExpenses": -76400000, "calculatedNetInterest": 0, "calculatedOtherIncome": -153200000, "calculatedIncomeNonControlling": 0, "calculatedEbitda": 219500000}, {"date": "1985-09-30", "symbol": "BEN", "reportedCurrency": "USD", "cik": "0000038777", "fillingDate": "1985-09-30", "acceptedDate": "1985-09-29 20:00:00", "calendarYear": "1985", "period": "FY", "revenue": 63300000, "costOfRevenue": 0, "grossProfit": 63300000, "grossProfitRatio": 1, "researchAndDevelopmentExpenses": 0, "generalAndAdministrativeExpenses": 0, "sellingAndMarketingExpenses": 0, "sellingGeneralAndAdministrativeExpenses": 0, "otherExpenses": -37200000, "operatingExpenses": -37200000, "costAndExpenses": -37200000, "interestIncome": 0, "interestExpense": 0, "depreciationAndAmortization": 0, "ebitda": 100500000, "ebitdaratio": 1.5876777251, "operatingIncome": 100500000, "operatingIncomeRatio": 1.5876777251, "totalOtherIncomeExpensesNet": -74300000, "incomeBeforeTax": 26200000, "incomeBeforeTaxRatio": 0.4139020537, "incomeTaxExpense": 12700000, "netIncome": 13500000, "netIncomeRatio": 0.2132701422, "eps": 0.02, "epsdiluted": 0.02, "weightedAverageShsOut": 675000000, "weightedAverageShsOutDil": 675000000, "link": "", "finalLink": "", "calculatedOtherExpenses": -37200000, "calculatedOperatingExpenses": -37200000, "calculatedNetInterest": 0, "calculatedOtherIncome": -74300000, "calculatedIncomeNonControlling": 0, "calculatedEbitda": 100500000}]}