{"originalCurrency": "USD", "convertedCurrency": "USD", "report": [{"date": "2023-12-31", "symbol": "BEPI", "reportedCurrency": "USD", "cik": "0001533232", "fillingDate": "2024-03-01", "acceptedDate": "2024-02-29 22:00:03", "calendarYear": "2023", "period": "FY", "revenue": 5009208631, "costOfRevenue": 3865614142, "grossProfit": 1143594489, "grossProfitRatio": 0.2282984346, "researchAndDevelopmentExpenses": 0, "generalAndAdministrativeExpenses": 205000000, "sellingAndMarketingExpenses": 3759457, "sellingGeneralAndAdministrativeExpenses": 208759457, "otherExpenses": 427000000, "operatingExpenses": 208759457, "costAndExpenses": 4074373599, "interestIncome": 108962253, "interestExpense": 1656837252, "depreciationAndAmortization": 1897165212, "ebitda": 2832000245, "ebitdaratio": 0.5653588129, "operatingIncome": 934835029, "operatingIncomeRatio": 0.1866232968, "totalOtherIncomeExpensesNet": -545829601, "incomeBeforeTax": 389005427, "incomeBeforeTaxRatio": 0.0776580605, "incomeTaxExpense": -48880263, "netIncome": -50916940, "netIncomeRatio": -0.0101646675, "eps": -0.18, "epsdiluted": -0.18, "weightedAverageShsOut": 287164340, "weightedAverageShsOutDil": 287164340, "link": "https://www.sec.gov/Archives/edgar/data/1533232/000153323224000005/0001533232-24-000005-index.htm", "finalLink": "https://www.sec.gov/Archives/edgar/data/1533232/000153323224000005/bep-20231231.htm", "calculatedOtherExpenses": 3, "calculatedOperatingExpenses": 208759460, "calculatedNetInterest": -1547874999, "calculatedOtherIncome": 1002045397, "calculatedIncomeNonControlling": 488802630, "calculatedEbitda": 2832000241}, {"date": "2022-12-31", "symbol": "BEPI", "reportedCurrency": "USD", "cik": "0001533232", "fillingDate": "2023-03-01", "acceptedDate": "2023-02-28 21:59:27", "calendarYear": "2022", "period": "FY", "revenue": 4711000000, "costOfRevenue": 1434000000, "grossProfit": 3277000000, "grossProfitRatio": 0.6956060284, "researchAndDevelopmentExpenses": 0, "generalAndAdministrativeExpenses": 243000000, "sellingAndMarketingExpenses": 0, "sellingGeneralAndAdministrativeExpenses": 243000000, "otherExpenses": 1583000000, "operatingExpenses": 1826000000, "costAndExpenses": 3260000000, "interestIncome": 68000000, "interestExpense": 1224000000, "depreciationAndAmortization": 1583000000, "ebitda": 3071000000, "ebitdaratio": 0.651878582, "operatingIncome": 1488000000, "operatingIncomeRatio": 0.315856506, "totalOtherIncomeExpensesNet": -1352000000, "incomeBeforeTax": 136000000, "incomeBeforeTaxRatio": 0.0288686054, "incomeTaxExpense": -2000000, "netIncome": 138000000, "netIncomeRatio": 0.0292931437, "eps": 0.5, "epsdiluted": 0.5, "weightedAverageShsOut": 275358750, "weightedAverageShsOutDil": 275358750, "link": "https://www.sec.gov/Archives/edgar/data/1533232/000153323223000009/0001533232-23-000009-index.htm", "finalLink": "https://www.sec.gov/Archives/edgar/data/1533232/000153323223000009/bep-20221231.htm", "calculatedOtherExpenses": 1546000000, "calculatedOperatingExpenses": 1789000000, "calculatedNetInterest": -1156000000, "calculatedOtherIncome": -196000000, "calculatedIncomeNonControlling": 0, "calculatedEbitda": 3071000000}, {"date": "2021-12-31", "symbol": "BEPI", "reportedCurrency": "USD", "cik": "0001533232", "fillingDate": "2022-03-01", "acceptedDate": "2022-02-28 21:21:05", "calendarYear": "2021", "period": "FY", "revenue": 4096000000, "costOfRevenue": 1365000000, "grossProfit": 2731000000, "grossProfitRatio": 0.6667480469, "researchAndDevelopmentExpenses": 0, "generalAndAdministrativeExpenses": 288000000, "sellingAndMarketingExpenses": 0, "sellingGeneralAndAdministrativeExpenses": 288000000, "otherExpenses": 1559000000, "operatingExpenses": 1847000000, "costAndExpenses": 3212000000, "interestIncome": 59000000, "interestExpense": 981000000, "depreciationAndAmortization": 1501000000, "ebitda": 2337000000, "ebitdaratio": 0.5705566406, "operatingIncome": 836000000, "operatingIncomeRatio": 0.2041015625, "totalOtherIncomeExpensesNet": -888000000, "incomeBeforeTax": -52000000, "incomeBeforeTaxRatio": -0.0126953125, "incomeTaxExpense": 14000000, "netIncome": -66000000, "netIncomeRatio": -0.0161132812, "eps": -0.24, "epsdiluted": -0.24, "weightedAverageShsOut": 275084265, "weightedAverageShsOutDil": 275084265, "link": "https://www.sec.gov/Archives/edgar/data/1533232/000153323222000007/0001533232-22-000007-index.htm", "finalLink": "https://www.sec.gov/Archives/edgar/data/1533232/000153323222000007/bep-20211231.htm", "calculatedOtherExpenses": 1607000000, "calculatedOperatingExpenses": 1895000000, "calculatedNetInterest": -922000000, "calculatedOtherIncome": 34000000, "calculatedIncomeNonControlling": 0, "calculatedEbitda": 2337000000}, {"date": "2020-12-31", "symbol": "BEPI", "reportedCurrency": "USD", "cik": "0001533232", "fillingDate": "2021-02-26", "acceptedDate": "2021-02-26 17:16:01", "calendarYear": "2020", "period": "FY", "revenue": 3810000000, "costOfRevenue": 1274000000, "grossProfit": 2536000000, "grossProfitRatio": 0.6656167979, "researchAndDevelopmentExpenses": 0, "generalAndAdministrativeExpenses": 235000000, "sellingAndMarketingExpenses": 0, "sellingGeneralAndAdministrativeExpenses": 235000000, "otherExpenses": 1367000000, "operatingExpenses": 1602000000, "costAndExpenses": 2876000000, "interestIncome": 47000000, "interestExpense": 976000000, "depreciationAndAmortization": 1367000000, "ebitda": 2024000000, "ebitdaratio": 0.5312335958, "operatingIncome": 657000000, "operatingIncomeRatio": 0.1724409449, "totalOtherIncomeExpensesNet": -849000000, "incomeBeforeTax": -192000000, "incomeBeforeTaxRatio": -0.0503937008, "incomeTaxExpense": -147000000, "netIncome": -45000000, "netIncomeRatio": -0.0118110236, "eps": -0.16, "epsdiluted": -0.16, "weightedAverageShsOut": 274837890, "weightedAverageShsOutDil": 274837890, "link": "https://www.sec.gov/Archives/edgar/data/1533232/000153323221000009/0001533232-21-000009-index.htm", "finalLink": "https://www.sec.gov/Archives/edgar/data/1533232/000153323221000009/bep-20201231.htm", "calculatedOtherExpenses": 1644000000, "calculatedOperatingExpenses": 1879000000, "calculatedNetInterest": -929000000, "calculatedOtherIncome": 80000000, "calculatedIncomeNonControlling": 0, "calculatedEbitda": 2024000000}, {"date": "2019-12-31", "symbol": "BEPI", "reportedCurrency": "USD", "cik": "0001533232", "fillingDate": "2020-02-28", "acceptedDate": "2020-02-28 16:33:04", "calendarYear": "2019", "period": "FY", "revenue": 3971000000, "costOfRevenue": 1263000000, "grossProfit": 2708000000, "grossProfitRatio": 0.6819440947, "researchAndDevelopmentExpenses": 0, "generalAndAdministrativeExpenses": 135000000, "sellingAndMarketingExpenses": 0, "sellingGeneralAndAdministrativeExpenses": 135000000, "otherExpenses": 1257000000, "operatingExpenses": 1392000000, "costAndExpenses": 2655000000, "interestIncome": 32000000, "interestExpense": 1001000000, "depreciationAndAmortization": 1271000000, "ebitda": 2536000000, "ebitdaratio": 0.638630068, "operatingIncome": 1265000000, "operatingIncomeRatio": 0.3185595568, "totalOtherIncomeExpensesNet": -1142000000, "incomeBeforeTax": 123000000, "incomeBeforeTaxRatio": 0.0309745656, "incomeTaxExpense": 43000000, "netIncome": 80000000, "netIncomeRatio": 0.0201460589, "eps": 0.3, "epsdiluted": 0.3, "weightedAverageShsOut": 268466689, "weightedAverageShsOutDil": 268466689, "link": "https://www.sec.gov/Archives/edgar/data/1533232/000153323220000006/0001533232-20-000006-index.htm", "finalLink": "https://www.sec.gov/Archives/edgar/data/1533232/000153323220000006/bep2019annual20-f.htm", "calculatedOtherExpenses": 1308000000, "calculatedOperatingExpenses": 1443000000, "calculatedNetInterest": -969000000, "calculatedOtherIncome": -173000000, "calculatedIncomeNonControlling": 0, "calculatedEbitda": 2536000000}, {"date": "2018-12-31", "symbol": "BEPI", "reportedCurrency": "USD", "cik": "0001533232", "fillingDate": "2019-03-01", "acceptedDate": "2019-02-28 21:46:15", "calendarYear": "2018", "period": "FY", "revenue": 2982000000, "costOfRevenue": 1036000000, "grossProfit": 1946000000, "grossProfitRatio": 0.6525821596, "researchAndDevelopmentExpenses": 0, "generalAndAdministrativeExpenses": 80000000, "sellingAndMarketingExpenses": 0, "sellingGeneralAndAdministrativeExpenses": 80000000, "otherExpenses": -36000000, "operatingExpenses": 899000000, "costAndExpenses": 1036000000, "interestIncome": 22000000, "interestExpense": 705000000, "depreciationAndAmortization": 819000000, "ebitda": 2982000000, "ebitdaratio": 1, "operatingIncome": 708000000, "operatingIncomeRatio": 0.2374245473, "totalOtherIncomeExpensesNet": -20000000, "incomeBeforeTax": 344000000, "incomeBeforeTaxRatio": 0.1153588196, "incomeTaxExpense": -59000000, "netIncome": 62000000, "netIncomeRatio": 0.0207914152, "eps": 0.28, "epsdiluted": 0.28, "weightedAverageShsOut": 219047619, "weightedAverageShsOutDil": 219047619, "link": "https://www.sec.gov/Archives/edgar/data/1533232/000117184319001411/0001171843-19-001411-index.htm", "finalLink": "https://www.sec.gov/Archives/edgar/data/1533232/000117184319001411/f20f_022819.htm", "calculatedOtherExpenses": 1158000000, "calculatedOperatingExpenses": 1238000000, "calculatedNetInterest": -683000000, "calculatedOtherIncome": 319000000, "calculatedIncomeNonControlling": 341000000, "calculatedEbitda": 1527000000}, {"date": "2017-12-31", "symbol": "BEPI", "reportedCurrency": "USD", "cik": "0001533232", "fillingDate": "2018-03-01", "acceptedDate": "2018-02-28 21:59:20", "calendarYear": "2017", "period": "FY", "revenue": 2625000000, "costOfRevenue": 978000000, "grossProfit": 1647000000, "grossProfitRatio": 0.6274285714, "researchAndDevelopmentExpenses": 0, "generalAndAdministrativeExpenses": 82000000, "sellingAndMarketingExpenses": 24000000, "sellingGeneralAndAdministrativeExpenses": 82000000, "otherExpenses": 14000000, "operatingExpenses": 864000000, "costAndExpenses": 1842000000, "interestIncome": 32000000, "interestExpense": 632000000, "depreciationAndAmortization": 782000000, "ebitda": 1613000000, "ebitdaratio": 0.6144761905, "operatingIncome": 716000000, "operatingIncomeRatio": 0.2727619048, "totalOtherIncomeExpensesNet": -44000000, "incomeBeforeTax": 139000000, "incomeBeforeTaxRatio": 0.052952381, "incomeTaxExpense": 88000000, "netIncome": -4000000, "netIncomeRatio": -0.0015238095, "eps": -0.0148, "epsdiluted": -0.0148, "weightedAverageShsOut": 270582530, "weightedAverageShsOutDil": 270582541, "link": "https://www.sec.gov/Archives/edgar/data/1533232/000117184318001578/0001171843-18-001578-index.htm", "finalLink": "https://www.sec.gov/Archives/edgar/data/1533232/000117184318001578/f20f_022818.htm", "calculatedOtherExpenses": 849000000, "calculatedOperatingExpenses": 931000000, "calculatedNetInterest": -600000000, "calculatedOtherIncome": 23000000, "calculatedIncomeNonControlling": 55000000, "calculatedEbitda": 1498000000}, {"date": "2016-12-31", "symbol": "BEPI", "reportedCurrency": "USD", "cik": "0001533232", "fillingDate": "2017-03-01", "acceptedDate": "2017-03-01 06:27:55", "calendarYear": "2016", "period": "FY", "revenue": 2452000000, "costOfRevenue": 1038000000, "grossProfit": 1414000000, "grossProfitRatio": 0.5766721044, "researchAndDevelopmentExpenses": 0, "generalAndAdministrativeExpenses": 62000000, "sellingAndMarketingExpenses": 23000000, "sellingGeneralAndAdministrativeExpenses": 62000000, "otherExpenses": -6000000, "operatingExpenses": 843000000, "costAndExpenses": 1881000000, "interestIncome": 41000000, "interestExpense": 606000000, "depreciationAndAmortization": 781000000, "ebitda": 1387000000, "ebitdaratio": 0.5656606852, "operatingIncome": 532000000, "operatingIncomeRatio": 0.2169657423, "totalOtherIncomeExpensesNet": -19000000, "incomeBeforeTax": -13000000, "incomeBeforeTaxRatio": -0.0053017945, "incomeTaxExpense": -53000000, "netIncome": -21000000, "netIncomeRatio": -0.0085644372, "eps": -0.0839, "epsdiluted": -0.0839, "weightedAverageShsOut": 250258986, "weightedAverageShsOutDil": 250258986, "link": "https://www.sec.gov/Archives/edgar/data/1533232/000119907317000163/0001199073-17-000163-index.htm", "finalLink": "https://www.sec.gov/Archives/edgar/data/1533232/000119907317000163/brep20f.htm", "calculatedOtherExpenses": 820000000, "calculatedOperatingExpenses": 882000000, "calculatedNetInterest": -565000000, "calculatedOtherIncome": 20000000, "calculatedIncomeNonControlling": 61000000, "calculatedEbitda": 1313000000}, {"date": "2015-12-31", "symbol": "BEPI", "reportedCurrency": "USD", "cik": "0001533232", "fillingDate": "2016-02-29", "acceptedDate": "2016-02-26 20:54:55", "calendarYear": "2015", "period": "FY", "revenue": 1628000000, "costOfRevenue": 552000000, "grossProfit": 1076000000, "grossProfitRatio": 0.6609336609, "researchAndDevelopmentExpenses": 0, "generalAndAdministrativeExpenses": 48000000, "sellingAndMarketingExpenses": 22000000, "sellingGeneralAndAdministrativeExpenses": 48000000, "otherExpenses": -63000000, "operatingExpenses": 664000000, "costAndExpenses": 1216000000, "interestIncome": 21000000, "interestExpense": 429000000, "depreciationAndAmortization": 616000000, "ebitda": 1059000000, "ebitdaratio": 0.6504914005, "operatingIncome": 372000000, "operatingIncomeRatio": 0.2285012285, "totalOtherIncomeExpensesNet": 39000000, "incomeBeforeTax": 43000000, "incomeBeforeTaxRatio": 0.0264127764, "incomeTaxExpense": -60000000, "netIncome": 3000000, "netIncomeRatio": 0.0018427518, "eps": 0.0093, "epsdiluted": 0.0093, "weightedAverageShsOut": 214782255, "weightedAverageShsOutDil": 214782255, "link": "https://www.sec.gov/Archives/edgar/data/1533232/000110262416002214/0001102624-16-002214-index.htm", "finalLink": "https://www.sec.gov/Archives/edgar/data/1533232/000110262416002214/maindocument001.htm", "calculatedOtherExpenses": 656000000, "calculatedOperatingExpenses": 704000000, "calculatedNetInterest": -408000000, "calculatedOtherIncome": 79000000, "calculatedIncomeNonControlling": 100000000, "calculatedEbitda": 988000000}, {"date": "2014-12-31", "symbol": "BEPI", "reportedCurrency": "USD", "cik": "0001533232", "fillingDate": "2015-03-02", "acceptedDate": "2015-02-27 17:40:52", "calendarYear": "2014", "period": "FY", "revenue": 1704000000, "costOfRevenue": 524000000, "grossProfit": 1180000000, "grossProfitRatio": 0.6924882629, "researchAndDevelopmentExpenses": 0, "generalAndAdministrativeExpenses": 51000000, "sellingAndMarketingExpenses": 21000000, "sellingGeneralAndAdministrativeExpenses": 51000000, "otherExpenses": 13000000, "operatingExpenses": 599000000, "costAndExpenses": 1123000000, "interestIncome": 0, "interestExpense": 415000000, "depreciationAndAmortization": 548000000, "ebitda": 1145000000, "ebitdaratio": 0.6719483568, "operatingIncome": 462000000, "operatingIncomeRatio": 0.2711267606, "totalOtherIncomeExpensesNet": 26000000, "incomeBeforeTax": 192000000, "incomeBeforeTaxRatio": 0.1126760563, "incomeTaxExpense": -11000000, "netIncome": 58000000, "netIncomeRatio": 0.0340375587, "eps": 0.27, "epsdiluted": 0.27, "weightedAverageShsOut": 215035281, "weightedAverageShsOutDil": 215035281, "link": "https://www.sec.gov/Archives/edgar/data/1533232/000110262415000296/0001102624-15-000296-index.htm", "finalLink": "https://www.sec.gov/Archives/edgar/data/1533232/000110262415000296/maindocument001.htm", "calculatedOtherExpenses": 667000000, "calculatedOperatingExpenses": 718000000, "calculatedNetInterest": -415000000, "calculatedOtherIncome": 145000000, "calculatedIncomeNonControlling": 145000000, "calculatedEbitda": 1010000000}, {"date": "2013-12-31", "symbol": "BEPI", "reportedCurrency": "USD", "cik": "0001533232", "fillingDate": "2014-03-18", "acceptedDate": "2014-03-17 18:53:18", "calendarYear": "2013", "period": "FY", "revenue": 1706000000, "costOfRevenue": 530000000, "grossProfit": 1176000000, "grossProfitRatio": 0.6893317702, "researchAndDevelopmentExpenses": 0, "generalAndAdministrativeExpenses": 41000000, "sellingAndMarketingExpenses": 20000000, "sellingGeneralAndAdministrativeExpenses": 41000000, "otherExpenses": -20000000, "operatingExpenses": 576000000, "costAndExpenses": 1106000000, "interestIncome": 0, "interestExpense": 410000000, "depreciationAndAmortization": 535000000, "ebitda": 1124000000, "ebitdaratio": 0.6588511137, "operatingIncome": 480000000, "operatingIncomeRatio": 0.2813599062, "totalOtherIncomeExpensesNet": 26000000, "incomeBeforeTax": 216000000, "incomeBeforeTaxRatio": 0.1266119578, "incomeTaxExpense": 1000000, "netIncome": 69000000, "netIncomeRatio": 0.0404454865, "eps": 0.35, "epsdiluted": 0.35, "weightedAverageShsOut": 199350000, "weightedAverageShsOutDil": 199350000, "link": "https://www.sec.gov/Archives/edgar/data/1533232/000110262414000400/0001102624-14-000400-index.htm", "finalLink": "https://www.sec.gov/Archives/edgar/data/1533232/000110262414000400/form20f.htm", "calculatedOtherExpenses": 655000000, "calculatedOperatingExpenses": 696000000, "calculatedNetInterest": -410000000, "calculatedOtherIncome": 146000000, "calculatedIncomeNonControlling": 146000000, "calculatedEbitda": 1015000000}, {"date": "2012-12-31", "symbol": "BEPI", "reportedCurrency": "USD", "cik": "0001533232", "fillingDate": "2012-12-31", "acceptedDate": "2012-12-30 19:00:00", "calendarYear": "2012", "period": "FY", "revenue": 1309000000, "costOfRevenue": 486000000, "grossProfit": 823000000, "grossProfitRatio": 0.628724217, "researchAndDevelopmentExpenses": 0, "generalAndAdministrativeExpenses": 36000000, "sellingAndMarketingExpenses": 18000000, "sellingGeneralAndAdministrativeExpenses": 36000000, "otherExpenses": 483000000, "operatingExpenses": 519000000, "costAndExpenses": 1005000000, "interestIncome": 0, "interestExpense": 411000000, "depreciationAndAmortization": 483000000, "ebitda": 782000000, "ebitdaratio": 0.5974025974, "operatingIncome": 336000000, "operatingIncomeRatio": 0.256684492, "totalOtherIncomeExpensesNet": -28000000, "incomeBeforeTax": -135000000, "incomeBeforeTaxRatio": -0.103132162, "incomeTaxExpense": -40000000, "netIncome": -35000000, "netIncomeRatio": -0.0267379679, "eps": -0.18, "epsdiluted": -0.18, "weightedAverageShsOut": 199200000, "weightedAverageShsOutDil": 199200000, "link": "", "finalLink": "", "calculatedOtherExpenses": 451000000, "calculatedOperatingExpenses": 487000000, "calculatedNetInterest": -411000000, "calculatedOtherIncome": -60000000, "calculatedIncomeNonControlling": -60000000, "calculatedEbitda": 819000000}, {"date": "2011-12-31", "symbol": "BEPI", "reportedCurrency": "USD", "cik": "0001533232", "fillingDate": "2011-12-31", "acceptedDate": "2011-12-30 19:00:00", "calendarYear": "2011", "period": "FY", "revenue": 1211000000, "costOfRevenue": 407000000, "grossProfit": 804000000, "grossProfitRatio": 0.6639141206, "researchAndDevelopmentExpenses": 0, "generalAndAdministrativeExpenses": 0, "sellingAndMarketingExpenses": 0, "sellingGeneralAndAdministrativeExpenses": 1000000, "otherExpenses": 468000000, "operatingExpenses": 469000000, "costAndExpenses": 876000000, "interestIncome": 0, "interestExpense": 411000000, "depreciationAndAmortization": 468000000, "ebitda": 803000000, "ebitdaratio": 0.6630883567, "operatingIncome": 335000000, "operatingIncomeRatio": 0.2766308836, "totalOtherIncomeExpensesNet": -403000000, "incomeBeforeTax": -479000000, "incomeBeforeTaxRatio": -0.3955408753, "incomeTaxExpense": -28000000, "netIncome": -451000000, "netIncomeRatio": -0.372419488, "eps": -2.26, "epsdiluted": -2.26, "weightedAverageShsOut": 199200000, "weightedAverageShsOutDil": 199200000, "link": "", "finalLink": "", "calculatedOtherExpenses": 468000000, "calculatedOperatingExpenses": 469000000, "calculatedNetInterest": -411000000, "calculatedOtherIncome": -403000000, "calculatedIncomeNonControlling": 0, "calculatedEbitda": 803000000}, {"date": "2010-12-31", "symbol": "BEPI", "reportedCurrency": "USD", "cik": "0001533232", "fillingDate": "2010-12-31", "acceptedDate": "2010-12-30 19:00:00", "calendarYear": "2010", "period": "FY", "revenue": -95884658.454647, "costOfRevenue": 0, "grossProfit": -95884658.454647, "grossProfitRatio": 1, "researchAndDevelopmentExpenses": 0, "generalAndAdministrativeExpenses": 0, "sellingAndMarketingExpenses": 0, "sellingGeneralAndAdministrativeExpenses": 5999040, "otherExpenses": -25595904.655255, "operatingExpenses": 204067349, "costAndExpenses": 204067349, "interestIncome": 0, "interestExpense": 95884658, "depreciationAndAmortization": 105683090, "ebitda": 218964965, "ebitdaratio": -2.2836287737, "operatingIncome": 110882258, "operatingIncomeRatio": -1.1564129214, "totalOtherIncomeExpensesNet": -25595904.655255, "incomeBeforeTax": 17397216, "incomeBeforeTaxRatio": -0.1814389943, "incomeTaxExpense": -19696848.504239, "netIncome": 34694448, "netIncomeRatio": -0.361835245, "eps": 0.65, "epsdiluted": 0.65, "weightedAverageShsOut": 393728622, "weightedAverageShsOutDil": 393728622, "link": "", "finalLink": "", "calculatedOtherExpenses": -212765956.454647, "calculatedOperatingExpenses": -206766916.454647, "calculatedNetInterest": -95884658, "calculatedOtherIncome": 2399616, "calculatedIncomeNonControlling": 2399616.5042390004, "calculatedEbitda": 216565348}, {"date": "2009-12-31", "symbol": "BEPI", "reportedCurrency": "USD", "cik": "0001533232", "fillingDate": "2009-12-31", "acceptedDate": "2009-12-30 19:00:00", "calendarYear": "2009", "period": "FY", "revenue": -65349059.306656, "costOfRevenue": 0, "grossProfit": -65349059.306656, "grossProfitRatio": 1, "researchAndDevelopmentExpenses": 0, "generalAndAdministrativeExpenses": 0, "sellingAndMarketingExpenses": 6139814, "sellingGeneralAndAdministrativeExpenses": 6139814, "otherExpenses": 310315156, "operatingExpenses": 69810906, "costAndExpenses": 69810906, "interestIncome": 3122910, "interestExpense": 68471970, "depreciationAndAmortization": 69793715, "ebitda": -65366249.641868, "ebitdaratio": 1.0002630541, "operatingIncome": 205281252, "operatingIncomeRatio": -3.1413038562, "totalOtherIncomeExpensesNet": 310315156, "incomeBeforeTax": 515596409, "incomeBeforeTaxRatio": -7.8898826467, "incomeTaxExpense": 373016903, "netIncome": -167735650.845191, "netIncomeRatio": 2.5667645812, "eps": -1.58, "epsdiluted": -1.58, "weightedAverageShsOut": 105900000, "weightedAverageShsOutDil": 105900000, "link": "", "finalLink": "", "calculatedOtherExpenses": -276770125.306656, "calculatedOperatingExpenses": -270630311.306656, "calculatedNetInterest": -65349060, "calculatedOtherIncome": 375664217, "calculatedIncomeNonControlling": 310315156.845191, "calculatedEbitda": 275074967}, {"date": "2008-12-31", "symbol": "BEPI", "reportedCurrency": "USD", "cik": "0001533232", "fillingDate": "2008-12-31", "acceptedDate": "2008-12-30 19:00:00", "calendarYear": "2008", "period": "FY", "revenue": -34552177.48562, "costOfRevenue": 41318816, "grossProfit": -75870993.48561999, "grossProfitRatio": 2.1958382657, "researchAndDevelopmentExpenses": 0, "generalAndAdministrativeExpenses": 0, "sellingAndMarketingExpenses": 2438783, "sellingGeneralAndAdministrativeExpenses": 2438783, "otherExpenses": 27511914, "operatingExpenses": 29950698, "costAndExpenses": 71269515, "interestIncome": 0, "interestExpense": 34552177, "depreciationAndAmortization": 27216926, "ebitda": -78433853.738702, "ebitdaratio": 2.2700118906, "operatingIncome": 89563681, "operatingIncomeRatio": -2.5921284132, "totalOtherIncomeExpensesNet": -170912.078882, "incomeBeforeTax": 89392769, "incomeBeforeTaxRatio": -2.5871819233, "incomeTaxExpense": 40799506, "netIncome": 48764174, "netIncomeRatio": -1.4113198573, "eps": 0.67, "epsdiluted": 0.67, "weightedAverageShsOut": 72414000, "weightedAverageShsOutDil": 72414000, "link": "", "finalLink": "", "calculatedOtherExpenses": -167873457.48562, "calculatedOperatingExpenses": -165434674.48562, "calculatedNetInterest": -34552177, "calculatedOtherIncome": 34381265, "calculatedIncomeNonControlling": -170911, "calculatedEbitda": 116780607}, {"date": "2007-12-31", "symbol": "BEPI", "reportedCurrency": "USD", "cik": "0001533232", "fillingDate": "2007-12-31", "acceptedDate": "2007-12-30 19:00:00", "calendarYear": "2007", "period": "FY", "revenue": -39827325.053014, "costOfRevenue": 45441785, "grossProfit": -85269110.05301401, "grossProfitRatio": 2.1409700486, "researchAndDevelopmentExpenses": 0, "generalAndAdministrativeExpenses": 0, "sellingAndMarketingExpenses": 0, "sellingGeneralAndAdministrativeExpenses": 2900131, "otherExpenses": 45441785, "operatingExpenses": 48341916, "costAndExpenses": 93783701, "interestIncome": 0, "interestExpense": 0, "depreciationAndAmortization": 32766838, "ebitda": -100844188.629708, "ebitdaratio": 2.5320351918, "operatingIncome": 108961930, "operatingIncomeRatio": -2.735858606, "totalOtherIncomeExpensesNet": -4257295.768959, "incomeBeforeTax": -954256.285974, "incomeBeforeTaxRatio": 0.0239598387, "incomeTaxExpense": -1667171.564172, "netIncome": 712915, "netIncomeRatio": -0.0179001547, "eps": 0.0067, "epsdiluted": 0.0067, "weightedAverageShsOut": 72414000, "weightedAverageShsOutDil": 72414000, "link": "", "finalLink": "", "calculatedOtherExpenses": -197131171.053014, "calculatedOperatingExpenses": -194231040.053014, "calculatedNetInterest": 0, "calculatedOtherIncome": -109916186.285974, "calculatedIncomeNonControlling": 0.2781979999272153, "calculatedEbitda": 141728768}, {"date": "2006-12-31", "symbol": "BEPI", "reportedCurrency": "USD", "cik": "0001533232", "fillingDate": "2006-12-31", "acceptedDate": "2006-12-30 19:00:00", "calendarYear": "2006", "period": "FY", "revenue": -33110844.200412, "costOfRevenue": 42999313, "grossProfit": -76110157.200412, "grossProfitRatio": 2.2986474383, "researchAndDevelopmentExpenses": 0, "generalAndAdministrativeExpenses": 0, "sellingAndMarketingExpenses": 0, "sellingGeneralAndAdministrativeExpenses": 2300102, "otherExpenses": 26214824, "operatingExpenses": 28514927, "costAndExpenses": 71514241, "interestIncome": 0, "interestExpense": 0, "depreciationAndAmortization": 26214824, "ebitda": -78410260.809883, "ebitdaratio": 2.3681142146, "operatingIncome": 43413692, "operatingIncomeRatio": -1.3111623412, "totalOtherIncomeExpensesNet": -1.0058283805847168e-06, "incomeBeforeTax": 43413692, "incomeBeforeTaxRatio": -1.3111623412, "incomeTaxExpense": 2345573, "netIncome": 41068119, "netIncomeRatio": -1.2403223299, "eps": 0.57, "epsdiluted": 0.57, "weightedAverageShsOut": 72414000, "weightedAverageShsOutDil": 72414000, "link": "", "finalLink": "", "calculatedOtherExpenses": -121823951.200412, "calculatedOperatingExpenses": -119523849.200412, "calculatedNetInterest": 0, "calculatedOtherIncome": 0, "calculatedIncomeNonControlling": 0, "calculatedEbitda": 69628516}, {"date": "2005-12-31", "symbol": "BEPI", "reportedCurrency": "USD", "cik": "0001533232", "fillingDate": "2005-12-31", "acceptedDate": "2005-12-30 19:00:00", "calendarYear": "2005", "period": "FY", "revenue": -30152402.273119, "costOfRevenue": 37960220, "grossProfit": -68112622.273119, "grossProfitRatio": 2.25894513, "researchAndDevelopmentExpenses": 0, "generalAndAdministrativeExpenses": 0, "sellingAndMarketingExpenses": 0, "sellingGeneralAndAdministrativeExpenses": 2011365, "otherExpenses": 23849664, "operatingExpenses": 25861029, "costAndExpenses": 63821250, "interestIncome": 0, "interestExpense": 0, "depreciationAndAmortization": 23849664, "ebitda": -70123988.289995, "ebitdaratio": 2.325651789, "operatingIncome": 28317547, "operatingIncomeRatio": -0.9391472939, "totalOtherIncomeExpensesNet": -1403478.560358, "incomeBeforeTax": 28317547, "incomeBeforeTaxRatio": -0.9391472939, "incomeTaxExpense": 4148441, "netIncome": 24169106, "netIncomeRatio": -0.8015648648, "eps": 0.33, "epsdiluted": 0.33, "weightedAverageShsOut": 72414000, "weightedAverageShsOutDil": 72414000, "link": "", "finalLink": "", "calculatedOtherExpenses": -98441534.273119, "calculatedOperatingExpenses": -96430169.273119, "calculatedNetInterest": 0, "calculatedOtherIncome": 0, "calculatedIncomeNonControlling": 0, "calculatedEbitda": 52167211}, {"date": "2004-12-31", "symbol": "BEPI", "reportedCurrency": "USD", "cik": "0001533232", "fillingDate": "2004-12-31", "acceptedDate": "2004-12-30 19:00:00", "calendarYear": "2004", "period": "FY", "revenue": -27575823.115444, "costOfRevenue": 36036568, "grossProfit": -63612391.115444005, "grossProfitRatio": 2.3068174919, "researchAndDevelopmentExpenses": 0, "generalAndAdministrativeExpenses": 0, "sellingAndMarketingExpenses": 0, "sellingGeneralAndAdministrativeExpenses": 2465603, "otherExpenses": 21509973, "operatingExpenses": 23975576, "costAndExpenses": 60012145, "interestIncome": 0, "interestExpense": 0, "depreciationAndAmortization": 21509973, "ebitda": -66077994.243599, "ebitdaratio": 2.3962292609, "operatingIncome": 42607350, "operatingIncomeRatio": -1.545098031, "totalOtherIncomeExpensesNet": 0, "incomeBeforeTax": 42607350, "incomeBeforeTaxRatio": -1.545098031, "incomeTaxExpense": 1303508, "netIncome": 41303841, "netIncomeRatio": -1.4978280543, "eps": 0.57, "epsdiluted": 0.57, "weightedAverageShsOut": 72414000, "weightedAverageShsOutDil": 72414000, "link": "", "finalLink": "", "calculatedOtherExpenses": -108685344.115444, "calculatedOperatingExpenses": -106219741.115444, "calculatedNetInterest": 0, "calculatedOtherIncome": 0, "calculatedIncomeNonControlling": 1, "calculatedEbitda": 64117323}, {"date": "2003-12-31", "symbol": "BEPI", "reportedCurrency": "USD", "cik": "0001533232", "fillingDate": "2003-12-31", "acceptedDate": "2003-12-30 19:00:00", "calendarYear": "2003", "period": "FY", "revenue": -20853351.018299, "costOfRevenue": 30526616, "grossProfit": -51379967.018299, "grossProfitRatio": 2.4638710092, "researchAndDevelopmentExpenses": 0, "generalAndAdministrativeExpenses": 0, "sellingAndMarketingExpenses": 0, "sellingGeneralAndAdministrativeExpenses": 2136847, "otherExpenses": 18869190, "operatingExpenses": 21006038, "costAndExpenses": 51532654, "interestIncome": 0, "interestExpense": 0, "depreciationAndAmortization": 18869190, "ebitda": -53516814.855371, "ebitdaratio": 2.5663412469, "operatingIncome": 33439237, "operatingIncomeRatio": -1.6035426139, "totalOtherIncomeExpensesNet": 3.725290298461914e-09, "incomeBeforeTax": 33439237, "incomeBeforeTaxRatio": -1.6035426139, "incomeTaxExpense": 1559258, "netIncome": 31879978, "netIncomeRatio": -1.5287700614, "eps": 0.44, "epsdiluted": 0.44, "weightedAverageShsOut": 72414000, "weightedAverageShsOutDil": 72414000, "link": "", "finalLink": "", "calculatedOtherExpenses": -86956051.018299, "calculatedOperatingExpenses": -84819204.018299, "calculatedNetInterest": 0, "calculatedOtherIncome": 0, "calculatedIncomeNonControlling": 1, "calculatedEbitda": 52308427}, {"date": "2002-12-31", "symbol": "BEPI", "reportedCurrency": "USD", "cik": "0001533232", "fillingDate": "2002-12-31", "acceptedDate": "2002-12-30 19:00:00", "calendarYear": "2002", "period": "FY", "revenue": -16555189.257516, "costOfRevenue": 19982087, "grossProfit": -36537276.257516, "grossProfitRatio": 2.2069984033, "researchAndDevelopmentExpenses": 0, "generalAndAdministrativeExpenses": 0, "sellingAndMarketingExpenses": 0, "sellingGeneralAndAdministrativeExpenses": 3490418, "otherExpenses": 19982087, "operatingExpenses": 23472505, "costAndExpenses": 43454592, "interestIncome": 0, "interestExpense": 0, "depreciationAndAmortization": 12460061, "ebitda": -47235296.733172, "ebitdaratio": 2.853201857, "operatingIncome": 48040093, "operatingIncomeRatio": -2.9018147877, "totalOtherIncomeExpensesNet": -29329674.587597, "incomeBeforeTax": 18710419, "incomeBeforeTaxRatio": -1.1301845427, "incomeTaxExpense": -894360.068856, "netIncome": 19604779, "netIncomeRatio": -1.1842074972, "eps": 0.31, "epsdiluted": 0.31, "weightedAverageShsOut": 63474000, "weightedAverageShsOutDil": 63474000, "link": "", "finalLink": "", "calculatedOtherExpenses": -88067787.257516, "calculatedOperatingExpenses": -84577369.257516, "calculatedNetInterest": 0, "calculatedOtherIncome": -29329674, "calculatedIncomeNonControlling": 0.06885600090026855, "calculatedEbitda": 60500154}, {"date": "2001-12-31", "symbol": "BEPI", "reportedCurrency": "USD", "cik": "0001533232", "fillingDate": "2001-12-31", "acceptedDate": "2001-12-30 19:00:00", "calendarYear": "2001", "period": "FY", "revenue": -7045314.639631, "costOfRevenue": 8410909, "grossProfit": -15456223.639631, "grossProfitRatio": 2.1938301453, "researchAndDevelopmentExpenses": 0, "generalAndAdministrativeExpenses": 0, "sellingAndMarketingExpenses": 0, "sellingGeneralAndAdministrativeExpenses": 2130680, "otherExpenses": 14703074, "operatingExpenses": 16833754, "costAndExpenses": 25244663, "interestIncome": 0, "interestExpense": 0, "depreciationAndAmortization": 6356235, "ebitda": -25933742.886217, "ebitdaratio": 3.6809914408, "operatingIncome": 16818678, "operatingIncomeRatio": -2.3872146044, "totalOtherIncomeExpensesNet": -7045314.639631001, "incomeBeforeTax": 9773363, "incomeBeforeTaxRatio": -1.3872145532, "incomeTaxExpense": -9422.228922, "netIncome": 9782786, "netIncomeRatio": -1.3885520685, "eps": 0.29, "epsdiluted": 0.29, "weightedAverageShsOut": 33946500, "weightedAverageShsOutDil": 33946500, "link": "", "finalLink": "", "calculatedOtherExpenses": -34405581.639631, "calculatedOperatingExpenses": -32274901.639631, "calculatedNetInterest": 0, "calculatedOtherIncome": -7045315, "calculatedIncomeNonControlling": -0.7710779998451471, "calculatedEbitda": 23174913}, {"date": "2000-12-31", "symbol": "BEPI", "reportedCurrency": "USD", "cik": "0001533232", "fillingDate": "2000-12-31", "acceptedDate": "2000-12-30 19:00:00", "calendarYear": "2000", "period": "FY", "revenue": 36076025, "costOfRevenue": 8760920, "grossProfit": 27315105, "grossProfitRatio": 0.7571539547, "researchAndDevelopmentExpenses": 0, "generalAndAdministrativeExpenses": 0, "sellingAndMarketingExpenses": 0, "sellingGeneralAndAdministrativeExpenses": 2608202, "otherExpenses": 5481827, "operatingExpenses": 8090030, "costAndExpenses": 16850950, "interestIncome": 0, "interestExpense": 0, "depreciationAndAmortization": -5481827.275759, "ebitda": 24706902, "ebitdaratio": 0.6848565495, "operatingIncome": 14136045, "operatingIncomeRatio": 0.3918404259, "totalOtherIncomeExpensesNet": 0, "incomeBeforeTax": 0, "incomeBeforeTaxRatio": 0, "incomeTaxExpense": 16052684, "netIncome": 14136045, "netIncomeRatio": 0.3918404355, "eps": 0.42, "epsdiluted": 0.42, "weightedAverageShsOut": 33435000, "weightedAverageShsOutDil": 33435714, "link": "", "finalLink": "", "calculatedOtherExpenses": 10570858, "calculatedOperatingExpenses": 13179060, "calculatedNetInterest": 0, "calculatedOtherIncome": -14136045, "calculatedIncomeNonControlling": -30188729, "calculatedEbitda": 8654217.724241}, {"date": "1999-12-31", "symbol": "BEPI", "reportedCurrency": "USD", "cik": "0001533232", "fillingDate": "1999-12-31", "acceptedDate": "1999-12-30 19:00:00", "calendarYear": "1999", "period": "FY", "revenue": 4589423, "costOfRevenue": 994938, "grossProfit": 3594485, "grossProfitRatio": 0.7832106563, "researchAndDevelopmentExpenses": 0, "generalAndAdministrativeExpenses": 0, "sellingAndMarketingExpenses": 0, "sellingGeneralAndAdministrativeExpenses": 211968, "otherExpenses": 2259153, "operatingExpenses": 2471121, "costAndExpenses": 3466060, "interestIncome": 0, "interestExpense": 0, "depreciationAndAmortization": 653856, "ebitda": 1777219, "ebitdaratio": 0.3872423614, "operatingIncome": 2118301, "operatingIncomeRatio": 0.4615615078, "totalOtherIncomeExpensesNet": 0, "incomeBeforeTax": 0, "incomeBeforeTaxRatio": 0, "incomeTaxExpense": -994938.9987090002, "netIncome": 2118301, "netIncomeRatio": 0.4615616752, "eps": 0.0635, "epsdiluted": 0.0635, "weightedAverageShsOut": 33435714, "weightedAverageShsOutDil": 33435714, "link": "", "finalLink": "", "calculatedOtherExpenses": 1264216, "calculatedOperatingExpenses": 1476184, "calculatedNetInterest": 0, "calculatedOtherIncome": -2118301, "calculatedIncomeNonControlling": -1123362.0012909998, "calculatedEbitda": 2772157}]}