{"originalCurrency": "USD", "convertedCurrency": "USD", "report": [{"date": "2023-09-30", "symbol": "BERY", "reportedCurrency": "USD", "cik": "0001378992", "fillingDate": "2023-11-17", "acceptedDate": "2023-11-17 16:18:53", "calendarYear": "2023", "period": "FY", "revenue": 12664000000, "costOfRevenue": 10354000000, "grossProfit": 2310000000, "grossProfitRatio": 0.1824068225, "researchAndDevelopmentExpenses": 82000000, "generalAndAdministrativeExpenses": 0, "sellingAndMarketingExpenses": 0, "sellingGeneralAndAdministrativeExpenses": 886000000, "otherExpenses": -31000000, "operatingExpenses": 1129000000, "costAndExpenses": 11483000000, "interestIncome": 0, "interestExpense": 306000000, "depreciationAndAmortization": 818000000, "ebitda": 1968000000, "ebitdaratio": 0.1554011371, "operatingIncome": 1079000000, "operatingIncomeRatio": 0.0852021478, "totalOtherIncomeExpensesNet": -133000000, "incomeBeforeTax": 742000000, "incomeBeforeTaxRatio": 0.0585912824, "incomeTaxExpense": 133000000, "netIncome": 609000000, "netIncomeRatio": 0.0480890714, "eps": 5.07, "epsdiluted": 4.95, "weightedAverageShsOut": 120100000, "weightedAverageShsOutDil": 123000000, "link": "https://www.sec.gov/Archives/edgar/data/1378992/000114036123053869/0001140361-23-053869-index.htm", "finalLink": "https://www.sec.gov/Archives/edgar/data/1378992/000114036123053869/form10k.htm", "calculatedOtherExpenses": 263000000, "calculatedOperatingExpenses": 1231000000, "calculatedNetInterest": -306000000, "calculatedOtherIncome": -31000000, "calculatedIncomeNonControlling": 0, "calculatedEbitda": 1897000000}, {"date": "2022-10-01", "symbol": "BERY", "reportedCurrency": "USD", "cik": "0001378992", "fillingDate": "2022-11-18", "acceptedDate": "2022-11-18 16:24:10", "calendarYear": "2022", "period": "FY", "revenue": 14495000000, "costOfRevenue": 12123000000, "grossProfit": 2372000000, "grossProfitRatio": 0.1636426354, "researchAndDevelopmentExpenses": 81000000, "generalAndAdministrativeExpenses": 0, "sellingAndMarketingExpenses": 0, "sellingGeneralAndAdministrativeExpenses": 850000000, "otherExpenses": 257000000, "operatingExpenses": 1107000000, "costAndExpenses": 13230000000, "interestIncome": 286000000, "interestExpense": 286000000, "depreciationAndAmortization": 820000000, "ebitda": 2062000000, "ebitdaratio": 0.1422559503, "operatingIncome": 1242000000, "operatingIncomeRatio": 0.0856847189, "totalOtherIncomeExpensesNet": -308000000, "incomeBeforeTax": 934000000, "incomeBeforeTaxRatio": 0.0644360124, "incomeTaxExpense": 168000000, "netIncome": 766000000, "netIncomeRatio": 0.0528458089, "eps": 5.87, "epsdiluted": 5.77, "weightedAverageShsOut": 130600000, "weightedAverageShsOutDil": 132800000, "link": "https://www.sec.gov/Archives/edgar/data/1378992/000114036122042319/0001140361-22-042319-index.htm", "finalLink": "https://www.sec.gov/Archives/edgar/data/1378992/000114036122042319/form10k.htm", "calculatedOtherExpenses": 199000000, "calculatedOperatingExpenses": 1130000000, "calculatedNetInterest": 0, "calculatedOtherIncome": -308000000, "calculatedIncomeNonControlling": 0, "calculatedEbitda": 2062000000}, {"date": "2021-10-02", "symbol": "BERY", "reportedCurrency": "USD", "cik": "0001378992", "fillingDate": "2021-11-18", "acceptedDate": "2021-11-18 17:01:13", "calendarYear": "2021", "period": "FY", "revenue": 13850000000, "costOfRevenue": 11352000000, "grossProfit": 2498000000, "grossProfitRatio": 0.1803610108, "researchAndDevelopmentExpenses": 90000000, "generalAndAdministrativeExpenses": 0, "sellingAndMarketingExpenses": 0, "sellingGeneralAndAdministrativeExpenses": 867000000, "otherExpenses": 288000000, "operatingExpenses": 1155000000, "costAndExpenses": 12507000000, "interestIncome": 336000000, "interestExpense": 336000000, "depreciationAndAmortization": 854000000, "ebitda": 2146000000, "ebitdaratio": 0.1549458484, "operatingIncome": 1292000000, "operatingIncomeRatio": 0.0932851986, "totalOtherIncomeExpensesNet": -387000000, "incomeBeforeTax": 905000000, "incomeBeforeTaxRatio": 0.0653429603, "incomeTaxExpense": 172000000, "netIncome": 733000000, "netIncomeRatio": 0.0529241877, "eps": 5.45, "epsdiluted": 5.3, "weightedAverageShsOut": 134600000, "weightedAverageShsOutDil": 138300000, "link": "https://www.sec.gov/Archives/edgar/data/1378992/000114036121038583/0001140361-21-038583-index.htm", "finalLink": "https://www.sec.gov/Archives/edgar/data/1378992/000114036121038583/form10k.htm", "calculatedOtherExpenses": 249000000, "calculatedOperatingExpenses": 1206000000, "calculatedNetInterest": 0, "calculatedOtherIncome": -387000000, "calculatedIncomeNonControlling": 0, "calculatedEbitda": 2146000000}, {"date": "2020-09-26", "symbol": "BERY", "reportedCurrency": "USD", "cik": "0001378992", "fillingDate": "2020-11-23", "acceptedDate": "2020-11-23 16:21:47", "calendarYear": "2020", "period": "FY", "revenue": 11709000000, "costOfRevenue": 9301000000, "grossProfit": 2408000000, "grossProfitRatio": 0.2056537706, "researchAndDevelopmentExpenses": 79000000, "generalAndAdministrativeExpenses": 0, "sellingAndMarketingExpenses": 0, "sellingGeneralAndAdministrativeExpenses": 850000000, "otherExpenses": 300000000, "operatingExpenses": 1150000000, "costAndExpenses": 10451000000, "interestIncome": 435000000, "interestExpense": 435000000, "depreciationAndAmortization": 893000000, "ebitda": 2072000000, "ebitdaratio": 0.1769578956, "operatingIncome": 1179000000, "operatingIncomeRatio": 0.1006917756, "totalOtherIncomeExpensesNet": -466000000, "incomeBeforeTax": 713000000, "incomeBeforeTaxRatio": 0.0608933299, "incomeTaxExpense": 154000000, "netIncome": 559000000, "netIncomeRatio": 0.0477410539, "eps": 4.22, "epsdiluted": 4.14, "weightedAverageShsOut": 132600000, "weightedAverageShsOutDil": 135100000, "link": "https://www.sec.gov/Archives/edgar/data/1378992/000114036120026326/0001140361-20-026326-index.htm", "finalLink": "https://www.sec.gov/Archives/edgar/data/1378992/000114036120026326/form10k.htm", "calculatedOtherExpenses": 300000000, "calculatedOperatingExpenses": 1229000000, "calculatedNetInterest": 0, "calculatedOtherIncome": -466000000, "calculatedIncomeNonControlling": 0, "calculatedEbitda": 2072000000}, {"date": "2019-09-28", "symbol": "BERY", "reportedCurrency": "USD", "cik": "0001378992", "fillingDate": "2019-11-22", "acceptedDate": "2019-11-22 16:03:08", "calendarYear": "2019", "period": "FY", "revenue": 8878000000, "costOfRevenue": 7259000000, "grossProfit": 1619000000, "grossProfitRatio": 0.1823608921, "researchAndDevelopmentExpenses": 50000000, "generalAndAdministrativeExpenses": 0, "sellingAndMarketingExpenses": 0, "sellingGeneralAndAdministrativeExpenses": 583000000, "otherExpenses": 194000000, "operatingExpenses": 777000000, "costAndExpenses": 8036000000, "interestIncome": 329000000, "interestExpense": 329000000, "depreciationAndAmortization": 194000000, "ebitda": 881000000, "ebitdaratio": 0.0992340617, "operatingIncome": 687000000, "operatingIncomeRatio": 0.0773822933, "totalOtherIncomeExpensesNet": -197000000, "incomeBeforeTax": 490000000, "incomeBeforeTaxRatio": 0.0551926109, "incomeTaxExpense": 86000000, "netIncome": 404000000, "netIncomeRatio": 0.0455057445, "eps": 3.08, "epsdiluted": 3, "weightedAverageShsOut": 131300000, "weightedAverageShsOutDil": 134600000, "link": "https://www.sec.gov/Archives/edgar/data/1378992/000114036119021238/0001140361-19-021238-index.htm", "finalLink": "https://www.sec.gov/Archives/edgar/data/1378992/000114036119021238/form10k.htm", "calculatedOtherExpenses": 299000000, "calculatedOperatingExpenses": 932000000, "calculatedNetInterest": 0, "calculatedOtherIncome": -197000000, "calculatedIncomeNonControlling": 0, "calculatedEbitda": 881000000}, {"date": "2018-09-29", "symbol": "BERY", "reportedCurrency": "USD", "cik": "0001378992", "fillingDate": "2018-11-16", "acceptedDate": "2018-11-16 17:21:42", "calendarYear": "2018", "period": "FY", "revenue": 7869000000, "costOfRevenue": 6438000000, "grossProfit": 1431000000, "grossProfitRatio": 0.1818528403, "researchAndDevelopmentExpenses": 0, "generalAndAdministrativeExpenses": 480000000, "sellingAndMarketingExpenses": 0, "sellingGeneralAndAdministrativeExpenses": 480000000, "otherExpenses": -25000000, "operatingExpenses": 634000000, "costAndExpenses": 7072000000, "interestIncome": 0, "interestExpense": 259000000, "depreciationAndAmortization": 538000000, "ebitda": 1310000000, "ebitdaratio": 0.1664760452, "operatingIncome": 761000000, "operatingIncomeRatio": 0.0967086034, "totalOtherIncomeExpensesNet": -61000000, "incomeBeforeTax": 477000000, "incomeBeforeTaxRatio": 0.0606176134, "incomeTaxExpense": -19000000, "netIncome": 496000000, "netIncomeRatio": 0.0630321515, "eps": 3.77, "epsdiluted": 3.67, "weightedAverageShsOut": 131400000, "weightedAverageShsOutDil": 135200000, "link": "https://www.sec.gov/Archives/edgar/data/1378992/000137899218000039/0001378992-18-000039-index.htm", "finalLink": "https://www.sec.gov/Archives/edgar/data/1378992/000137899218000039/form10k.htm", "calculatedOtherExpenses": 190000000, "calculatedOperatingExpenses": 670000000, "calculatedNetInterest": -259000000, "calculatedOtherIncome": -25000000, "calculatedIncomeNonControlling": 0, "calculatedEbitda": 1299000000}, {"date": "2017-09-30", "symbol": "BERY", "reportedCurrency": "USD", "cik": "0001378992", "fillingDate": "2017-11-21", "acceptedDate": "2017-11-21 17:11:34", "calendarYear": "2017", "period": "FY", "revenue": 7095000000, "costOfRevenue": 5691000000, "grossProfit": 1404000000, "grossProfitRatio": 0.1978858351, "researchAndDevelopmentExpenses": 0, "generalAndAdministrativeExpenses": 494000000, "sellingAndMarketingExpenses": 0, "sellingGeneralAndAdministrativeExpenses": 494000000, "otherExpenses": -14000000, "operatingExpenses": 648000000, "costAndExpenses": 6339000000, "interestIncome": 0, "interestExpense": 269000000, "depreciationAndAmortization": 521000000, "ebitda": 1263000000, "ebitdaratio": 0.178012685, "operatingIncome": 732000000, "operatingIncomeRatio": 0.1031712474, "totalOtherIncomeExpensesNet": -38000000, "incomeBeforeTax": 449000000, "incomeBeforeTaxRatio": 0.0632840028, "incomeTaxExpense": 109000000, "netIncome": 340000000, "netIncomeRatio": 0.0479210712, "eps": 2.66, "epsdiluted": 2.56, "weightedAverageShsOut": 127600000, "weightedAverageShsOutDil": 132600000, "link": "https://www.sec.gov/Archives/edgar/data/1378992/000137899217000028/0001378992-17-000028-index.htm", "finalLink": "https://www.sec.gov/Archives/edgar/data/1378992/000137899217000028/form10k.htm", "calculatedOtherExpenses": 178000000, "calculatedOperatingExpenses": 672000000, "calculatedNetInterest": -269000000, "calculatedOtherIncome": -14000000, "calculatedIncomeNonControlling": 0, "calculatedEbitda": 1253000000}, {"date": "2016-10-01", "symbol": "BERY", "reportedCurrency": "USD", "cik": "0001378992", "fillingDate": "2016-11-30", "acceptedDate": "2016-11-30 16:17:11", "calendarYear": "2016", "period": "FY", "revenue": 6489000000, "costOfRevenue": 5202000000, "grossProfit": 1287000000, "grossProfitRatio": 0.1983356449, "researchAndDevelopmentExpenses": 0, "generalAndAdministrativeExpenses": 0, "sellingAndMarketingExpenses": 0, "sellingGeneralAndAdministrativeExpenses": 531000000, "otherExpenses": 22000000, "operatingExpenses": 674000000, "costAndExpenses": 5876000000, "interestIncome": 0, "interestExpense": 291000000, "depreciationAndAmortization": 525000000, "ebitda": 1160000000, "ebitdaratio": 0.1787640623, "operatingIncome": 581000000, "operatingIncomeRatio": 0.0895361381, "totalOtherIncomeExpensesNet": -14000000, "incomeBeforeTax": 308000000, "incomeBeforeTaxRatio": 0.0474649407, "incomeTaxExpense": 72000000, "netIncome": 236000000, "netIncomeRatio": 0.0363692403, "eps": 1.95, "epsdiluted": 1.89, "weightedAverageShsOut": 120800000, "weightedAverageShsOutDil": 125000000, "link": "https://www.sec.gov/Archives/edgar/data/1378992/000137899216000097/0001378992-16-000097-index.htm", "finalLink": "https://www.sec.gov/Archives/edgar/data/1378992/000137899216000097/form10k.htm", "calculatedOtherExpenses": 175000000, "calculatedOperatingExpenses": 706000000, "calculatedNetInterest": -291000000, "calculatedOtherIncome": 18000000, "calculatedIncomeNonControlling": 0, "calculatedEbitda": 1106000000}, {"date": "2015-09-26", "symbol": "BERY", "reportedCurrency": "USD", "cik": "0001378992", "fillingDate": "2015-11-23", "acceptedDate": "2015-11-23 09:18:31", "calendarYear": "2015", "period": "FY", "revenue": 4881000000, "costOfRevenue": 4012000000, "grossProfit": 869000000, "grossProfitRatio": 0.1780372874, "researchAndDevelopmentExpenses": 0, "generalAndAdministrativeExpenses": 0, "sellingAndMarketingExpenses": 0, "sellingGeneralAndAdministrativeExpenses": 357000000, "otherExpenses": -1000000, "operatingExpenses": 448000000, "costAndExpenses": 4460000000, "interestIncome": 0, "interestExpense": 191000000, "depreciationAndAmortization": 350000000, "ebitda": 770000000, "ebitdaratio": 0.1577545585, "operatingIncome": 408000000, "operatingIncomeRatio": 0.0835894284, "totalOtherIncomeExpensesNet": -108000000, "incomeBeforeTax": 122000000, "incomeBeforeTaxRatio": 0.0249948781, "incomeTaxExpense": 36000000, "netIncome": 86000000, "netIncomeRatio": 0.0176193403, "eps": 0.72, "epsdiluted": 0.7, "weightedAverageShsOut": 119100000, "weightedAverageShsOutDil": 123400000, "link": "https://www.sec.gov/Archives/edgar/data/1378992/000137899215000049/0001378992-15-000049-index.htm", "finalLink": "https://www.sec.gov/Archives/edgar/data/1378992/000137899215000049/bpg10k2015.htm", "calculatedOtherExpenses": 104000000, "calculatedOperatingExpenses": 461000000, "calculatedNetInterest": -191000000, "calculatedOtherIncome": -95000000, "calculatedIncomeNonControlling": 0, "calculatedEbitda": 758000000}, {"date": "2014-09-27", "symbol": "BERY", "reportedCurrency": "USD", "cik": "0001378992", "fillingDate": "2014-11-24", "acceptedDate": "2014-11-24 17:11:37", "calendarYear": "2014", "period": "FY", "revenue": 4958000000, "costOfRevenue": 4190000000, "grossProfit": 768000000, "grossProfitRatio": 0.1549011698, "researchAndDevelopmentExpenses": 0, "generalAndAdministrativeExpenses": 0, "sellingAndMarketingExpenses": 0, "sellingGeneralAndAdministrativeExpenses": 320000000, "otherExpenses": 7000000, "operatingExpenses": 422000000, "costAndExpenses": 4612000000, "interestIncome": 0, "interestExpense": 221000000, "depreciationAndAmortization": 102000000, "ebitda": 455000000, "ebitdaratio": 0.0917708754, "operatingIncome": 316000000, "operatingIncomeRatio": 0.0637353772, "totalOtherIncomeExpensesNet": -58000000, "incomeBeforeTax": 67000000, "incomeBeforeTaxRatio": 0.0135135135, "incomeTaxExpense": 4000000, "netIncome": 62000000, "netIncomeRatio": 0.0125050424, "eps": 0.53, "epsdiluted": 0.51, "weightedAverageShsOut": 116875000, "weightedAverageShsOutDil": 121521000, "link": "https://www.sec.gov/Archives/edgar/data/1378992/000137899214000033/0001378992-14-000033-index.htm", "finalLink": "https://www.sec.gov/Archives/edgar/data/1378992/000137899214000033/bpg10k2014.htm", "calculatedOtherExpenses": 132000000, "calculatedOperatingExpenses": 452000000, "calculatedNetInterest": -221000000, "calculatedOtherIncome": -28000000, "calculatedIncomeNonControlling": 1000000, "calculatedEbitda": 418000000}, {"date": "2013-09-28", "symbol": "BERY", "reportedCurrency": "USD", "cik": "0001378992", "fillingDate": "2013-12-11", "acceptedDate": "2013-12-11 17:08:05", "calendarYear": "2013", "period": "FY", "revenue": 4647000000, "costOfRevenue": 3835000000, "grossProfit": 812000000, "grossProfitRatio": 0.1747363891, "researchAndDevelopmentExpenses": 0, "generalAndAdministrativeExpenses": 0, "sellingAndMarketingExpenses": 0, "sellingGeneralAndAdministrativeExpenses": 307000000, "otherExpenses": 7000000, "operatingExpenses": 412000000, "costAndExpenses": 4247000000, "interestIncome": 0, "interestExpense": 244000000, "depreciationAndAmortization": 105000000, "ebitda": 512000000, "ebitdaratio": 0.1101786099, "operatingIncome": 386000000, "operatingIncomeRatio": 0.0830643426, "totalOtherIncomeExpensesNet": -71000000, "incomeBeforeTax": 85000000, "incomeBeforeTaxRatio": 0.0182913708, "incomeTaxExpense": 28000000, "netIncome": 57000000, "netIncomeRatio": 0.0122659781, "eps": 0.5, "epsdiluted": 0.48, "weightedAverageShsOut": 113486000, "weightedAverageShsOutDil": 119454000, "link": "https://www.sec.gov/Archives/edgar/data/1378992/000137899213000013/0001378992-13-000013-index.htm", "finalLink": "https://www.sec.gov/Archives/edgar/data/1378992/000137899213000013/bpg10k120613.htm", "calculatedOtherExpenses": 119000000, "calculatedOperatingExpenses": 426000000, "calculatedNetInterest": -244000000, "calculatedOtherIncome": -57000000, "calculatedIncomeNonControlling": 0, "calculatedEbitda": 491000000}, {"date": "2012-09-30", "symbol": "BERY", "reportedCurrency": "USD", "cik": "0001378992", "fillingDate": "2012-09-30", "acceptedDate": "2012-09-29 20:00:00", "calendarYear": "2012", "period": "FY", "revenue": 4766000000, "costOfRevenue": 3949000000, "grossProfit": 817000000, "grossProfitRatio": 0.1714225766, "researchAndDevelopmentExpenses": 0, "generalAndAdministrativeExpenses": 308000000, "sellingAndMarketingExpenses": 0, "sellingGeneralAndAdministrativeExpenses": 308000000, "otherExpenses": 7000000, "operatingExpenses": 461000000, "costAndExpenses": 4410000000, "interestIncome": 0, "interestExpense": 328000000, "depreciationAndAmortization": 109000000, "ebitda": 465000000, "ebitdaratio": 0.0975660932, "operatingIncome": 325000000, "operatingIncomeRatio": 0.0681913554, "totalOtherIncomeExpensesNet": -24000000, "incomeBeforeTax": 4000000, "incomeBeforeTaxRatio": 0.0008392782, "incomeTaxExpense": 2000000, "netIncome": 2000000, "netIncomeRatio": 0.0004196391, "eps": 0.02, "epsdiluted": 0.02, "weightedAverageShsOut": 83435000, "weightedAverageShsOutDil": 86644000, "link": "", "finalLink": "", "calculatedOtherExpenses": 184000000, "calculatedOperatingExpenses": 492000000, "calculatedNetInterest": -328000000, "calculatedOtherIncome": 7000000, "calculatedIncomeNonControlling": 0, "calculatedEbitda": 434000000}, {"date": "2011-09-30", "symbol": "BERY", "reportedCurrency": "USD", "cik": "0001378992", "fillingDate": "2011-09-30", "acceptedDate": "2011-09-29 20:00:00", "calendarYear": "2011", "period": "FY", "revenue": 4561000000, "costOfRevenue": 3878000000, "grossProfit": 683000000, "grossProfitRatio": 0.1497478623, "researchAndDevelopmentExpenses": 0, "generalAndAdministrativeExpenses": 275000000, "sellingAndMarketingExpenses": 0, "sellingGeneralAndAdministrativeExpenses": 275000000, "otherExpenses": 145000000, "operatingExpenses": 420000000, "costAndExpenses": 4298000000, "interestIncome": 0, "interestExpense": 327000000, "depreciationAndAmortization": 344000000, "ebitda": 607000000, "ebitdaratio": 0.1330848498, "operatingIncome": 263000000, "operatingIncomeRatio": 0.0576627932, "totalOtherIncomeExpensesNet": -282000000, "incomeBeforeTax": -346000000, "incomeBeforeTaxRatio": -0.0758605569, "incomeTaxExpense": -47000000, "netIncome": -299000000, "netIncomeRatio": -0.0655557992, "eps": -3.58, "epsdiluted": -3.45, "weightedAverageShsOut": 83435000, "weightedAverageShsOutDil": 86644000, "link": "", "finalLink": "", "calculatedOtherExpenses": 145000000, "calculatedOperatingExpenses": 420000000, "calculatedNetInterest": -327000000, "calculatedOtherIncome": -282000000, "calculatedIncomeNonControlling": 0, "calculatedEbitda": 607000000}, {"date": "2010-09-30", "symbol": "BERY", "reportedCurrency": "USD", "cik": "0001378992", "fillingDate": "2010-09-30", "acceptedDate": "2010-09-29 20:00:00", "calendarYear": "2010", "period": "FY", "revenue": 4257000000, "costOfRevenue": 3667000000, "grossProfit": 590000000, "grossProfitRatio": 0.1385952549, "researchAndDevelopmentExpenses": 0, "generalAndAdministrativeExpenses": 272000000, "sellingAndMarketingExpenses": 0, "sellingGeneralAndAdministrativeExpenses": 272000000, "otherExpenses": 27000000, "operatingExpenses": 425000000, "costAndExpenses": 4092000000, "interestIncome": 0, "interestExpense": 313000000, "depreciationAndAmortization": 317000000, "ebitda": 509000000, "ebitdaratio": 0.1195677707, "operatingIncome": 124000000, "operatingIncomeRatio": 0.0291284942, "totalOtherIncomeExpensesNet": -14000000, "incomeBeforeTax": -162000000, "incomeBeforeTaxRatio": -0.0380549683, "incomeTaxExpense": -49000000, "netIncome": -113000000, "netIncomeRatio": -0.0265445149, "eps": -1.35, "epsdiluted": -1.3, "weightedAverageShsOut": 83435000, "weightedAverageShsOutDil": 86644000, "link": "", "finalLink": "", "calculatedOtherExpenses": 194000000, "calculatedOperatingExpenses": 466000000, "calculatedNetInterest": -313000000, "calculatedOtherIncome": 27000000, "calculatedIncomeNonControlling": 0, "calculatedEbitda": 441000000}]}