{"originalCurrency": "USD", "convertedCurrency": "USD", "report": [{"date": "2023-12-31", "symbol": "BFAM", "reportedCurrency": "USD", "cik": "0001437578", "fillingDate": "2024-02-27", "acceptedDate": "2024-02-27 16:35:38", "calendarYear": "2023", "period": "FY", "revenue": 2418257000, "costOfRevenue": 1933445000, "grossProfit": 484812000, "grossProfitRatio": 0.2004799324, "researchAndDevelopmentExpenses": 0, "generalAndAdministrativeExpenses": 0, "sellingAndMarketingExpenses": 0, "sellingGeneralAndAdministrativeExpenses": 324324000, "otherExpenses": 0, "operatingExpenses": 324324000, "costAndExpenses": 2257769000, "interestIncome": 51609000, "interestExpense": 81992000, "depreciationAndAmortization": 110681000, "ebitda": 271169000, "ebitdaratio": 0.1121340701, "operatingIncome": 160488000, "operatingIncomeRatio": 0.0663651547, "totalOtherIncomeExpensesNet": -40856000, "incomeBeforeTax": 119632000, "incomeBeforeTaxRatio": 0.0494703417, "incomeTaxExpense": 45409000, "netIncome": 74223000, "netIncomeRatio": 0.0306927676, "eps": 1.28, "epsdiluted": 1.28, "weightedAverageShsOut": 57717102, "weightedAverageShsOutDil": 57932574, "link": "https://www.sec.gov/Archives/edgar/data/1437578/000143757824000007/0001437578-24-000007-index.htm", "finalLink": "https://www.sec.gov/Archives/edgar/data/1437578/000143757824000007/bfam-20231231.htm", "calculatedOtherExpenses": 0, "calculatedOperatingExpenses": 324324000, "calculatedNetInterest": -30383000, "calculatedOtherIncome": -10473000, "calculatedIncomeNonControlling": 0, "calculatedEbitda": 271169000}, {"date": "2022-12-31", "symbol": "BFAM", "reportedCurrency": "USD", "cik": "0001437578", "fillingDate": "2023-02-28", "acceptedDate": "2023-02-28 16:32:08", "calendarYear": "2022", "period": "FY", "revenue": 2020487000, "costOfRevenue": 1541834000, "grossProfit": 478653000, "grossProfitRatio": 0.2368998167, "researchAndDevelopmentExpenses": 0, "generalAndAdministrativeExpenses": 0, "sellingAndMarketingExpenses": 0, "sellingGeneralAndAdministrativeExpenses": 289156000, "otherExpenses": 31912000, "operatingExpenses": 321068000, "costAndExpenses": 1862902000, "interestIncome": 39486000, "interestExpense": 39486000, "depreciationAndAmortization": 106142000, "ebitda": 263727000, "ebitdaratio": 0.1305264523, "operatingIncome": 157585000, "operatingIncomeRatio": 0.0779935728, "totalOtherIncomeExpensesNet": -45403000, "incomeBeforeTax": 112182000, "incomeBeforeTaxRatio": 0.0555222578, "incomeTaxExpense": 31541000, "netIncome": 80641000, "netIncomeRatio": 0.0399116649, "eps": 1.38, "epsdiluted": 1.37, "weightedAverageShsOut": 58344817, "weightedAverageShsOutDil": 58490652, "link": "https://www.sec.gov/Archives/edgar/data/1437578/000143757823000005/0001437578-23-000005-index.htm", "finalLink": "https://www.sec.gov/Archives/edgar/data/1437578/000143757823000005/bfam-20221231.htm", "calculatedOtherExpenses": 31912000, "calculatedOperatingExpenses": 321068000, "calculatedNetInterest": 0, "calculatedOtherIncome": -45403000, "calculatedIncomeNonControlling": 0, "calculatedEbitda": 263727000}, {"date": "2021-12-31", "symbol": "BFAM", "reportedCurrency": "USD", "cik": "0001437578", "fillingDate": "2022-02-25", "acceptedDate": "2022-02-25 16:38:13", "calendarYear": "2021", "period": "FY", "revenue": 1755307000, "costOfRevenue": 1340296000, "grossProfit": 415011000, "grossProfitRatio": 0.2364321455, "researchAndDevelopmentExpenses": 0, "generalAndAdministrativeExpenses": 0, "sellingAndMarketingExpenses": 0, "sellingGeneralAndAdministrativeExpenses": 256821000, "otherExpenses": 29172000, "operatingExpenses": 285993000, "costAndExpenses": 1626289000, "interestIncome": 36099000, "interestExpense": 36099000, "depreciationAndAmortization": 108830000, "ebitda": 237848000, "ebitdaratio": 0.1355022227, "operatingIncome": 129018000, "operatingIncomeRatio": 0.0735016724, "totalOtherIncomeExpensesNet": -38670000, "incomeBeforeTax": 90348000, "incomeBeforeTaxRatio": 0.0514713381, "incomeTaxExpense": 19889000, "netIncome": 70459000, "netIncomeRatio": 0.0401405566, "eps": 1.17, "epsdiluted": 1.16, "weightedAverageShsOut": 60312690, "weightedAverageShsOutDil": 60871399, "link": "https://www.sec.gov/Archives/edgar/data/1437578/000143757822000007/0001437578-22-000007-index.htm", "finalLink": "https://www.sec.gov/Archives/edgar/data/1437578/000143757822000007/bfam-20211231.htm", "calculatedOtherExpenses": 29172000, "calculatedOperatingExpenses": 285993000, "calculatedNetInterest": 0, "calculatedOtherIncome": -38670000, "calculatedIncomeNonControlling": 0, "calculatedEbitda": 237848000}, {"date": "2020-12-31", "symbol": "BFAM", "reportedCurrency": "USD", "cik": "0001437578", "fillingDate": "2021-03-01", "acceptedDate": "2021-03-01 16:48:02", "calendarYear": "2020", "period": "FY", "revenue": 1515093000, "costOfRevenue": 1210544000, "grossProfit": 304549000, "grossProfitRatio": 0.201010103, "researchAndDevelopmentExpenses": 0, "generalAndAdministrativeExpenses": 0, "sellingAndMarketingExpenses": 0, "sellingGeneralAndAdministrativeExpenses": 219563000, "otherExpenses": 31652000, "operatingExpenses": 251215000, "costAndExpenses": 1461759000, "interestIncome": 37682000, "interestExpense": 37682000, "depreciationAndAmortization": 111662000, "ebitda": 164996000, "ebitdaratio": 0.1089015658, "operatingIncome": 53334000, "operatingIncomeRatio": 0.0352017995, "totalOtherIncomeExpensesNet": -37682000, "incomeBeforeTax": 15652000, "incomeBeforeTaxRatio": 0.010330719, "incomeTaxExpense": -11340000, "netIncome": 26992000, "netIncomeRatio": 0.017815408, "eps": 0.45, "epsdiluted": 0.45, "weightedAverageShsOut": 59533104, "weightedAverageShsOutDil": 60309985, "link": "https://www.sec.gov/Archives/edgar/data/1437578/000143757821000007/0001437578-21-000007-index.htm", "finalLink": "https://www.sec.gov/Archives/edgar/data/1437578/000143757821000007/bfam-20201231.htm", "calculatedOtherExpenses": 31652000, "calculatedOperatingExpenses": 251215000, "calculatedNetInterest": 0, "calculatedOtherIncome": -37682000, "calculatedIncomeNonControlling": 0, "calculatedEbitda": 164996000}, {"date": "2019-12-31", "symbol": "BFAM", "reportedCurrency": "USD", "cik": "0001437578", "fillingDate": "2020-02-27", "acceptedDate": "2020-02-27 16:54:27", "calendarYear": "2019", "period": "FY", "revenue": 2062017000, "costOfRevenue": 1539081000, "grossProfit": 522936000, "grossProfitRatio": 0.2536041167, "researchAndDevelopmentExpenses": 0, "generalAndAdministrativeExpenses": 0, "sellingAndMarketingExpenses": 0, "sellingGeneralAndAdministrativeExpenses": 221496000, "otherExpenses": 33621000, "operatingExpenses": 255117000, "costAndExpenses": 1794198000, "interestIncome": 45154000, "interestExpense": 45154000, "depreciationAndAmortization": 108269000, "ebitda": 376088000, "ebitdaratio": 0.182388409, "operatingIncome": 267819000, "operatingIncomeRatio": 0.1298820524, "totalOtherIncomeExpensesNet": -45154000, "incomeBeforeTax": 222665000, "incomeBeforeTaxRatio": 0.1079840758, "incomeTaxExpense": 42279000, "netIncome": 180386000, "netIncomeRatio": 0.0874803651, "eps": 3.1, "epsdiluted": 3.05, "weightedAverageShsOut": 57838245, "weightedAverageShsOutDil": 58947240, "link": "https://www.sec.gov/Archives/edgar/data/1437578/000143757820000006/0001437578-20-000006-index.htm", "finalLink": "https://www.sec.gov/Archives/edgar/data/1437578/000143757820000006/bfam-123119x10xk.htm", "calculatedOtherExpenses": 33621000, "calculatedOperatingExpenses": 255117000, "calculatedNetInterest": 0, "calculatedOtherIncome": -45154000, "calculatedIncomeNonControlling": 0, "calculatedEbitda": 376088000}, {"date": "2018-12-31", "symbol": "BFAM", "reportedCurrency": "USD", "cik": "0001437578", "fillingDate": "2019-02-27", "acceptedDate": "2019-02-27 17:00:38", "calendarYear": "2018", "period": "FY", "revenue": 1903182000, "costOfRevenue": 1429927000, "grossProfit": 473255000, "grossProfitRatio": 0.2486651303, "researchAndDevelopmentExpenses": 0, "generalAndAdministrativeExpenses": 201591000, "sellingAndMarketingExpenses": 0, "sellingGeneralAndAdministrativeExpenses": 201591000, "otherExpenses": 32569000, "operatingExpenses": 234160000, "costAndExpenses": 1664087000, "interestIncome": 0, "interestExpense": 47508000, "depreciationAndAmortization": 100943000, "ebitda": 340038000, "ebitdaratio": 0.1786681463, "operatingIncome": 239095000, "operatingIncomeRatio": 0.125629078, "totalOtherIncomeExpensesNet": -47508000, "incomeBeforeTax": 191587000, "incomeBeforeTaxRatio": 0.100666673, "incomeTaxExpense": 33606000, "netIncome": 157981000, "netIncomeRatio": 0.0830088767, "eps": 2.73, "epsdiluted": 2.68, "weightedAverageShsOut": 57812602, "weightedAverageShsOutDil": 59000669, "link": "https://www.sec.gov/Archives/edgar/data/1437578/000143757819000006/0001437578-19-000006-index.htm", "finalLink": "https://www.sec.gov/Archives/edgar/data/1437578/000143757819000006/bfam-123118x10xk.htm", "calculatedOtherExpenses": 32569000, "calculatedOperatingExpenses": 234160000, "calculatedNetInterest": -47508000, "calculatedOtherIncome": 0, "calculatedIncomeNonControlling": 0, "calculatedEbitda": 340038000}, {"date": "2017-12-31", "symbol": "BFAM", "reportedCurrency": "USD", "cik": "0001437578", "fillingDate": "2018-02-28", "acceptedDate": "2018-02-28 17:00:29", "calendarYear": "2017", "period": "FY", "revenue": 1740905000, "costOfRevenue": 1310295000, "grossProfit": 430610000, "grossProfitRatio": 0.2473483619, "researchAndDevelopmentExpenses": 0, "generalAndAdministrativeExpenses": 188939000, "sellingAndMarketingExpenses": 0, "sellingGeneralAndAdministrativeExpenses": 188939000, "otherExpenses": 32561000, "operatingExpenses": 225171000, "costAndExpenses": 1535466000, "interestIncome": 0, "interestExpense": 44039000, "depreciationAndAmortization": 94776000, "ebitda": 300215000, "ebitdaratio": 0.1724476637, "operatingIncome": 205439000, "operatingIncomeRatio": 0.1180070136, "totalOtherIncomeExpensesNet": -3671000, "incomeBeforeTax": 161400000, "incomeBeforeTaxRatio": 0.0927104006, "incomeTaxExpense": 4437000, "netIncome": 156963000, "netIncomeRatio": 0.0901617262, "eps": 2.65, "epsdiluted": 2.59, "weightedAverageShsOut": 58873196, "weightedAverageShsOutDil": 60253691, "link": "https://www.sec.gov/Archives/edgar/data/1437578/000143757818000005/0001437578-18-000005-index.htm", "finalLink": "https://www.sec.gov/Archives/edgar/data/1437578/000143757818000005/bfam-123117x10xk.htm", "calculatedOtherExpenses": 36232000, "calculatedOperatingExpenses": 225171000, "calculatedNetInterest": -44039000, "calculatedOtherIncome": 0, "calculatedIncomeNonControlling": 0, "calculatedEbitda": 300215000}, {"date": "2016-12-31", "symbol": "BFAM", "reportedCurrency": "USD", "cik": "0001437578", "fillingDate": "2017-03-01", "acceptedDate": "2017-03-01 16:32:02", "calendarYear": "2016", "period": "FY", "revenue": 1569841000, "costOfRevenue": 1178994000, "grossProfit": 390847000, "grossProfitRatio": 0.2489723482, "researchAndDevelopmentExpenses": 0, "generalAndAdministrativeExpenses": 163967000, "sellingAndMarketingExpenses": 0, "sellingGeneralAndAdministrativeExpenses": 163967000, "otherExpenses": 29642000, "operatingExpenses": 193609000, "costAndExpenses": 1372603000, "interestIncome": 81000, "interestExpense": 42924000, "depreciationAndAmortization": 85284000, "ebitda": 282522000, "ebitdaratio": 0.1799685446, "operatingIncome": 197238000, "operatingIncomeRatio": 0.1256420236, "totalOtherIncomeExpensesNet": -11117000, "incomeBeforeTax": 143197000, "incomeBeforeTaxRatio": 0.0912175182, "incomeTaxExpense": 48437000, "netIncome": 94760000, "netIncomeRatio": 0.0603628011, "eps": 1.59, "epsdiluted": 1.55, "weightedAverageShsOut": 59229069, "weightedAverageShsOutDil": 60594895, "link": "https://www.sec.gov/Archives/edgar/data/1437578/000143757817000006/0001437578-17-000006-index.htm", "finalLink": "https://www.sec.gov/Archives/edgar/data/1437578/000143757817000006/bfam-123116x10xk.htm", "calculatedOtherExpenses": 29642000, "calculatedOperatingExpenses": 193609000, "calculatedNetInterest": -42843000, "calculatedOtherIncome": -11198000, "calculatedIncomeNonControlling": 0, "calculatedEbitda": 282522000}, {"date": "2015-12-31", "symbol": "BFAM", "reportedCurrency": "USD", "cik": "0001437578", "fillingDate": "2016-02-29", "acceptedDate": "2016-02-29 16:34:16", "calendarYear": "2015", "period": "FY", "revenue": 1458445000, "costOfRevenue": 1100690000, "grossProfit": 357755000, "grossProfitRatio": 0.2452989314, "researchAndDevelopmentExpenses": 0, "generalAndAdministrativeExpenses": 148164000, "sellingAndMarketingExpenses": 0, "sellingGeneralAndAdministrativeExpenses": 148164000, "otherExpenses": 27989000, "operatingExpenses": 176153000, "costAndExpenses": 1276843000, "interestIncome": 163000, "interestExpense": 41446000, "depreciationAndAmortization": 78666000, "ebitda": 260268000, "ebitdaratio": 0.1784558211, "operatingIncome": 181602000, "operatingIncomeRatio": 0.1245175512, "totalOtherIncomeExpensesNet": -41446000, "incomeBeforeTax": 140156000, "incomeBeforeTaxRatio": 0.0960996129, "incomeTaxExpense": 46229000, "netIncome": 93927000, "netIncomeRatio": 0.0644021543, "eps": 1.53, "epsdiluted": 1.5, "weightedAverageShsOut": 60835574, "weightedAverageShsOutDil": 62360778, "link": "https://www.sec.gov/Archives/edgar/data/1437578/000143757816000066/0001437578-16-000066-index.htm", "finalLink": "https://www.sec.gov/Archives/edgar/data/1437578/000143757816000066/bfam-123115x10xk.htm", "calculatedOtherExpenses": 27989000, "calculatedOperatingExpenses": 176153000, "calculatedNetInterest": -41283000, "calculatedOtherIncome": -163000, "calculatedIncomeNonControlling": 0, "calculatedEbitda": 260268000}, {"date": "2014-12-31", "symbol": "BFAM", "reportedCurrency": "USD", "cik": "0001437578", "fillingDate": "2015-03-02", "acceptedDate": "2015-03-02 16:06:54", "calendarYear": "2014", "period": "FY", "revenue": 1352999000, "costOfRevenue": 1039397000, "grossProfit": 313602000, "grossProfitRatio": 0.2317828764, "researchAndDevelopmentExpenses": 0, "generalAndAdministrativeExpenses": 137683000, "sellingAndMarketingExpenses": 0, "sellingGeneralAndAdministrativeExpenses": 137683000, "otherExpenses": 28999000, "operatingExpenses": 166682000, "costAndExpenses": 1206079000, "interestIncome": 103000, "interestExpense": 34606000, "depreciationAndAmortization": 77447000, "ebitda": 224367000, "ebitdaratio": 0.1658293909, "operatingIncome": 146920000, "operatingIncomeRatio": 0.1085884025, "totalOtherIncomeExpensesNet": -34606000, "incomeBeforeTax": 112314000, "incomeBeforeTaxRatio": 0.0830111478, "incomeTaxExpense": 40279000, "netIncome": 72035000, "netIncomeRatio": 0.0532409854, "eps": 1.09, "epsdiluted": 1.07, "weightedAverageShsOut": 65612572, "weightedAverageShsOutDil": 67244172, "link": "https://www.sec.gov/Archives/edgar/data/1437578/000143757815000020/0001437578-15-000020-index.htm", "finalLink": "https://www.sec.gov/Archives/edgar/data/1437578/000143757815000020/bfam-123114x10xk.htm", "calculatedOtherExpenses": 28999000, "calculatedOperatingExpenses": 166682000, "calculatedNetInterest": -34503000, "calculatedOtherIncome": -103000, "calculatedIncomeNonControlling": 0, "calculatedEbitda": 224367000}, {"date": "2013-12-31", "symbol": "BFAM", "reportedCurrency": "USD", "cik": "0001437578", "fillingDate": "2014-03-25", "acceptedDate": "2014-03-25 16:03:00", "calendarYear": "2013", "period": "FY", "revenue": 1218776000, "costOfRevenue": 937840000, "grossProfit": 280936000, "grossProfitRatio": 0.2305066723, "researchAndDevelopmentExpenses": 0, "generalAndAdministrativeExpenses": 141827000, "sellingAndMarketingExpenses": 0, "sellingGeneralAndAdministrativeExpenses": 141827000, "otherExpenses": 30075000, "operatingExpenses": 171902000, "costAndExpenses": 1109742000, "interestIncome": 85000, "interestExpense": 40541000, "depreciationAndAmortization": 72808000, "ebitda": 181842000, "ebitdaratio": 0.1492005094, "operatingIncome": 109034000, "operatingIncomeRatio": 0.0894618864, "totalOtherIncomeExpensesNet": -63682000, "incomeBeforeTax": 4811000, "incomeBeforeTaxRatio": 0.003947403, "incomeTaxExpense": -7533000, "netIncome": 12623000, "netIncomeRatio": 0.0103571124, "eps": 0.2, "epsdiluted": 0.2, "weightedAverageShsOut": 62659264, "weightedAverageShsOutDil": 64509036, "link": "https://www.sec.gov/Archives/edgar/data/1437578/000119312514114374/0001193125-14-114374-index.htm", "finalLink": "https://www.sec.gov/Archives/edgar/data/1437578/000119312514114374/d659461d10k.htm", "calculatedOtherExpenses": 30075000, "calculatedOperatingExpenses": 171902000, "calculatedNetInterest": -40456000, "calculatedOtherIncome": -63767000, "calculatedIncomeNonControlling": -279000, "calculatedEbitda": 181842000}, {"date": "2012-12-31", "symbol": "BFAM", "reportedCurrency": "USD", "cik": "0001437578", "fillingDate": "2013-03-26", "acceptedDate": "2013-03-26 15:59:48", "calendarYear": "2012", "period": "FY", "revenue": 1070938000, "costOfRevenue": 825168000, "grossProfit": 245770000, "grossProfitRatio": 0.2294904093, "researchAndDevelopmentExpenses": 0, "generalAndAdministrativeExpenses": 123373000, "sellingAndMarketingExpenses": 0, "sellingGeneralAndAdministrativeExpenses": 123373000, "otherExpenses": 26933000, "operatingExpenses": 150306000, "costAndExpenses": 975474000, "interestIncome": 152000, "interestExpense": 83864000, "depreciationAndAmortization": 61348000, "ebitda": 156964000, "ebitdaratio": 0.1465668414, "operatingIncome": 95464000, "operatingIncomeRatio": 0.0891405478, "totalOtherIncomeExpensesNet": -83712000, "incomeBeforeTax": 11752000, "incomeBeforeTaxRatio": 0.0109735578, "incomeTaxExpense": 3243000, "netIncome": 8162000, "netIncomeRatio": 0.0076213562, "eps": 0.13, "epsdiluted": 0.13, "weightedAverageShsOut": 64533873, "weightedAverageShsOutDil": 64533873, "link": "https://www.sec.gov/Archives/edgar/data/1437578/000119312513126728/0001193125-13-126728-index.htm", "finalLink": "https://www.sec.gov/Archives/edgar/data/1437578/000119312513126728/d499371d10k.htm", "calculatedOtherExpenses": 26933000, "calculatedOperatingExpenses": 150306000, "calculatedNetInterest": -83712000, "calculatedOtherIncome": 0, "calculatedIncomeNonControlling": 347000, "calculatedEbitda": 156812000}, {"date": "2011-12-31", "symbol": "BFAM", "reportedCurrency": "USD", "cik": "0001437578", "fillingDate": "2011-12-31", "acceptedDate": "2011-12-30 19:00:00", "calendarYear": "2011", "period": "FY", "revenue": 973701000, "costOfRevenue": 766500000, "grossProfit": 207201000, "grossProfitRatio": 0.2127973577, "researchAndDevelopmentExpenses": 0, "generalAndAdministrativeExpenses": 92938000, "sellingAndMarketingExpenses": 0, "sellingGeneralAndAdministrativeExpenses": 92938000, "otherExpenses": 27427000, "operatingExpenses": 120365000, "costAndExpenses": 886865000, "interestIncome": 824000, "interestExpense": 82908000, "depreciationAndAmortization": 55451000, "ebitda": 143111000, "ebitdaratio": 0.1469763305, "operatingIncome": 86836000, "operatingIncomeRatio": 0.0891813811, "totalOtherIncomeExpensesNet": 835000, "incomeBeforeTax": 5587000, "incomeBeforeTaxRatio": 0.0057379011, "incomeTaxExpense": 825000, "netIncome": 4759000, "netIncomeRatio": 0.0048875373, "eps": -11.32, "epsdiluted": -11.32, "weightedAverageShsOut": 6016733, "weightedAverageShsOutDil": 6016733, "link": "", "finalLink": "", "calculatedOtherExpenses": 27427000, "calculatedOperatingExpenses": 120365000, "calculatedNetInterest": -82084000, "calculatedOtherIncome": 835000, "calculatedIncomeNonControlling": 3000, "calculatedEbitda": 142287000}, {"date": "2010-12-31", "symbol": "BFAM", "reportedCurrency": "USD", "cik": "0001437578", "fillingDate": "2010-12-31", "acceptedDate": "2010-12-30 19:00:00", "calendarYear": "2010", "period": "FY", "revenue": 878159000, "costOfRevenue": 698264000, "grossProfit": 179895000, "grossProfitRatio": 0.2048547017, "researchAndDevelopmentExpenses": 0, "generalAndAdministrativeExpenses": 83601000, "sellingAndMarketingExpenses": 0, "sellingGeneralAndAdministrativeExpenses": 83601000, "otherExpenses": 27631000, "operatingExpenses": 111232000, "costAndExpenses": 809496000, "interestIncome": 28000, "interestExpense": 88999000, "depreciationAndAmortization": 53320000, "ebitda": 122011000, "ebitdaratio": 0.1389395315, "operatingIncome": 68663000, "operatingIncomeRatio": 0.0781897128, "totalOtherIncomeExpensesNet": -88971000, "incomeBeforeTax": -20308000, "incomeBeforeTaxRatio": -0.0231256526, "incomeTaxExpense": -10314000, "netIncome": -9994000, "netIncomeRatio": -0.011380627, "eps": -1.66, "epsdiluted": -1.66, "weightedAverageShsOut": 6006960, "weightedAverageShsOutDil": 6006960, "link": "", "finalLink": "", "calculatedOtherExpenses": 27631000, "calculatedOperatingExpenses": 111232000, "calculatedNetInterest": -88971000, "calculatedOtherIncome": 0, "calculatedIncomeNonControlling": 0, "calculatedEbitda": 121983000}, {"date": "2007-12-31", "symbol": "BFAM", "reportedCurrency": "USD", "cik": "0001437578", "fillingDate": "2007-12-31", "acceptedDate": "2007-12-30 19:00:00", "calendarYear": "2007", "period": "FY", "revenue": 774601000, "costOfRevenue": 617787000, "grossProfit": 156814000, "grossProfitRatio": 0.2024448716, "researchAndDevelopmentExpenses": 0, "generalAndAdministrativeExpenses": 72178000, "sellingAndMarketingExpenses": 0, "sellingGeneralAndAdministrativeExpenses": 72178000, "otherExpenses": 11729000, "operatingExpenses": 83907000, "costAndExpenses": 701694000, "interestIncome": 0, "interestExpense": 0, "depreciationAndAmortization": 23739000, "ebitda": 96646000, "ebitdaratio": 0.1247687519, "operatingIncome": 72907000, "operatingIncomeRatio": 0.094122006, "totalOtherIncomeExpensesNet": -770000, "incomeBeforeTax": 72137000, "incomeBeforeTaxRatio": 0.0931279459, "incomeTaxExpense": 33003000, "netIncome": 39134000, "netIncomeRatio": 0.0505214943, "eps": 1.5, "epsdiluted": 1.45, "weightedAverageShsOut": 26044000, "weightedAverageShsOutDil": 26925000, "link": "", "finalLink": "", "calculatedOtherExpenses": 11729000, "calculatedOperatingExpenses": 83907000, "calculatedNetInterest": 0, "calculatedOtherIncome": -770000, "calculatedIncomeNonControlling": 0, "calculatedEbitda": 96646000}, {"date": "2006-12-31", "symbol": "BFAM", "reportedCurrency": "USD", "cik": "0001437578", "fillingDate": "2006-12-31", "acceptedDate": "2006-12-30 19:00:00", "calendarYear": "2006", "period": "FY", "revenue": 697865000, "costOfRevenue": 559591000, "grossProfit": 138274000, "grossProfitRatio": 0.1981386085, "researchAndDevelopmentExpenses": 0, "generalAndAdministrativeExpenses": 63235000, "sellingAndMarketingExpenses": 0, "sellingGeneralAndAdministrativeExpenses": 63235000, "otherExpenses": 3376000, "operatingExpenses": 66611000, "costAndExpenses": 626202000, "interestIncome": 0, "interestExpense": 0, "depreciationAndAmortization": 18856000, "ebitda": 90519000, "ebitdaratio": 0.129708468, "operatingIncome": 71663000, "operatingIncomeRatio": 0.1026889155, "totalOtherIncomeExpensesNet": -396000, "incomeBeforeTax": 71267000, "incomeBeforeTaxRatio": 0.1021214705, "incomeTaxExpense": 29544000, "netIncome": 41723000, "netIncomeRatio": 0.059786635, "eps": 1.58, "epsdiluted": 1.52, "weightedAverageShsOut": 26338000, "weightedAverageShsOutDil": 27391000, "link": "", "finalLink": "", "calculatedOtherExpenses": 3376000, "calculatedOperatingExpenses": 66611000, "calculatedNetInterest": 0, "calculatedOtherIncome": -396000, "calculatedIncomeNonControlling": 0, "calculatedEbitda": 90519000}, {"date": "2005-12-31", "symbol": "BFAM", "reportedCurrency": "USD", "cik": "0001437578", "fillingDate": "2005-12-31", "acceptedDate": "2005-12-30 19:00:00", "calendarYear": "2005", "period": "FY", "revenue": 625259000, "costOfRevenue": 509970000, "grossProfit": 115289000, "grossProfitRatio": 0.1843859904, "researchAndDevelopmentExpenses": 0, "generalAndAdministrativeExpenses": 52717000, "sellingAndMarketingExpenses": 0, "sellingGeneralAndAdministrativeExpenses": 52717000, "otherExpenses": 1916000, "operatingExpenses": 54633000, "costAndExpenses": 564603000, "interestIncome": 0, "interestExpense": 0, "depreciationAndAmortization": 14510000, "ebitda": 75166000, "ebitdaratio": 0.1202157826, "operatingIncome": 60656000, "operatingIncomeRatio": 0.0970093993, "totalOtherIncomeExpensesNet": 1286000, "incomeBeforeTax": 61942000, "incomeBeforeTaxRatio": 0.099066147, "incomeTaxExpense": 25241000, "netIncome": 36701000, "netIncomeRatio": 0.0586972758, "eps": 1.35, "epsdiluted": 1.29, "weightedAverageShsOut": 27123000, "weightedAverageShsOutDil": 28392000, "link": "", "finalLink": "", "calculatedOtherExpenses": 1916000, "calculatedOperatingExpenses": 54633000, "calculatedNetInterest": 0, "calculatedOtherIncome": 1286000, "calculatedIncomeNonControlling": 0, "calculatedEbitda": 75166000}, {"date": "2004-12-31", "symbol": "BFAM", "reportedCurrency": "USD", "cik": "0001437578", "fillingDate": "2004-12-31", "acceptedDate": "2004-12-30 19:00:00", "calendarYear": "2004", "period": "FY", "revenue": 551763000, "costOfRevenue": 459810000, "grossProfit": 91953000, "grossProfitRatio": 0.1666530739, "researchAndDevelopmentExpenses": 0, "generalAndAdministrativeExpenses": 44188000, "sellingAndMarketingExpenses": 0, "sellingGeneralAndAdministrativeExpenses": 44188000, "otherExpenses": 1012000, "operatingExpenses": 45200000, "costAndExpenses": 505010000, "interestIncome": 0, "interestExpense": 0, "depreciationAndAmortization": 12357000, "ebitda": 59110000, "ebitdaratio": 0.1071293291, "operatingIncome": 46753000, "operatingIncomeRatio": 0.0847338441, "totalOtherIncomeExpensesNet": 343000, "incomeBeforeTax": 47096000, "incomeBeforeTaxRatio": 0.0853554878, "incomeTaxExpense": 19768000, "netIncome": 27328000, "netIncomeRatio": 0.0495285113, "eps": 1.03, "epsdiluted": 0.98, "weightedAverageShsOut": 26511000, "weightedAverageShsOutDil": 27846000, "link": "", "finalLink": "", "calculatedOtherExpenses": 1012000, "calculatedOperatingExpenses": 45200000, "calculatedNetInterest": 0, "calculatedOtherIncome": 343000, "calculatedIncomeNonControlling": 0, "calculatedEbitda": 59110000}, {"date": "2003-12-31", "symbol": "BFAM", "reportedCurrency": "USD", "cik": "0001437578", "fillingDate": "2003-12-31", "acceptedDate": "2003-12-30 19:00:00", "calendarYear": "2003", "period": "FY", "revenue": 472756000, "costOfRevenue": 400409000, "grossProfit": 72347000, "grossProfitRatio": 0.1530324311, "researchAndDevelopmentExpenses": 0, "generalAndAdministrativeExpenses": 37216000, "sellingAndMarketingExpenses": 0, "sellingGeneralAndAdministrativeExpenses": 37216000, "otherExpenses": 548000, "operatingExpenses": 37764000, "costAndExpenses": 438173000, "interestIncome": 0, "interestExpense": 0, "depreciationAndAmortization": 11028000, "ebitda": 45611000, "ebitdaratio": 0.0964789447, "operatingIncome": 34583000, "operatingIncomeRatio": 0.0731519008, "totalOtherIncomeExpensesNet": 62000, "incomeBeforeTax": 34645000, "incomeBeforeTaxRatio": 0.0732830466, "incomeTaxExpense": 14631000, "netIncome": 20014000, "netIncomeRatio": 0.042334735, "eps": 0.79, "epsdiluted": 0.75, "weightedAverageShsOut": 25474000, "weightedAverageShsOutDil": 26746000, "link": "", "finalLink": "", "calculatedOtherExpenses": 548000, "calculatedOperatingExpenses": 37764000, "calculatedNetInterest": 0, "calculatedOtherIncome": 62000, "calculatedIncomeNonControlling": 0, "calculatedEbitda": 45611000}, {"date": "2002-12-31", "symbol": "BFAM", "reportedCurrency": "USD", "cik": "0001437578", "fillingDate": "2002-12-31", "acceptedDate": "2002-12-30 19:00:00", "calendarYear": "2002", "period": "FY", "revenue": 407532000, "costOfRevenue": 347640000, "grossProfit": 59892000, "grossProfitRatio": 0.1469626925, "researchAndDevelopmentExpenses": 0, "generalAndAdministrativeExpenses": 33266000, "sellingAndMarketingExpenses": 0, "sellingGeneralAndAdministrativeExpenses": 33266000, "otherExpenses": 377000, "operatingExpenses": 33643000, "costAndExpenses": 381283000, "interestIncome": 0, "interestExpense": 0, "depreciationAndAmortization": 9760000, "ebitda": 36009000, "ebitdaratio": 0.0883587056, "operatingIncome": 26249000, "operatingIncomeRatio": 0.064409666, "totalOtherIncomeExpensesNet": 24000, "incomeBeforeTax": 26273000, "incomeBeforeTaxRatio": 0.0644685571, "incomeTaxExpense": 10954000, "netIncome": 15319000, "netIncomeRatio": 0.0375896862, "eps": 1.24, "epsdiluted": 1.18, "weightedAverageShsOut": 12383000, "weightedAverageShsOutDil": 13025000, "link": "", "finalLink": "", "calculatedOtherExpenses": 377000, "calculatedOperatingExpenses": 33643000, "calculatedNetInterest": 0, "calculatedOtherIncome": 24000, "calculatedIncomeNonControlling": 0, "calculatedEbitda": 36009000}, {"date": "2001-12-31", "symbol": "BFAM", "reportedCurrency": "USD", "cik": "0001437578", "fillingDate": "2001-12-31", "acceptedDate": "2001-12-30 19:00:00", "calendarYear": "2001", "period": "FY", "revenue": 345862000, "costOfRevenue": 295027000, "grossProfit": 50835000, "grossProfitRatio": 0.1469805876, "researchAndDevelopmentExpenses": 0, "generalAndAdministrativeExpenses": 28601000, "sellingAndMarketingExpenses": 0, "sellingGeneralAndAdministrativeExpenses": 28601000, "otherExpenses": 2213000, "operatingExpenses": 30814000, "costAndExpenses": 325841000, "interestIncome": 0, "interestExpense": 0, "depreciationAndAmortization": 9781000, "ebitda": 29802000, "ebitdaratio": 0.0861673153, "operatingIncome": 20021000, "operatingIncomeRatio": 0.0578872498, "totalOtherIncomeExpensesNet": -85000, "incomeBeforeTax": 19936000, "incomeBeforeTaxRatio": 0.0576414871, "incomeTaxExpense": 8409000, "netIncome": 11527000, "netIncomeRatio": 0.0333283217, "eps": 0.95, "epsdiluted": 0.9, "weightedAverageShsOut": 12189000, "weightedAverageShsOutDil": 12798000, "link": "", "finalLink": "", "calculatedOtherExpenses": 2213000, "calculatedOperatingExpenses": 30814000, "calculatedNetInterest": 0, "calculatedOtherIncome": -85000, "calculatedIncomeNonControlling": 0, "calculatedEbitda": 29802000}, {"date": "2000-12-31", "symbol": "BFAM", "reportedCurrency": "USD", "cik": "0001437578", "fillingDate": "2000-12-31", "acceptedDate": "2000-12-30 19:00:00", "calendarYear": "2000", "period": "FY", "revenue": 291143000, "costOfRevenue": 248405000, "grossProfit": 42738000, "grossProfitRatio": 0.1467938436, "researchAndDevelopmentExpenses": 0, "generalAndAdministrativeExpenses": 24388000, "sellingAndMarketingExpenses": 0, "sellingGeneralAndAdministrativeExpenses": 24388000, "otherExpenses": 1904000, "operatingExpenses": 26292000, "costAndExpenses": 274697000, "interestIncome": 0, "interestExpense": 0, "depreciationAndAmortization": 7525000, "ebitda": 23971000, "ebitdaratio": 0.0823341107, "operatingIncome": 16446000, "operatingIncomeRatio": 0.0564877054, "totalOtherIncomeExpensesNet": -674000, "incomeBeforeTax": 15772000, "incomeBeforeTaxRatio": 0.0541726918, "incomeTaxExpense": 6560000, "netIncome": 9212000, "netIncomeRatio": 0.0316408088, "eps": 0.77, "epsdiluted": 0.74, "weightedAverageShsOut": 11895000, "weightedAverageShsOutDil": 12522000, "link": "", "finalLink": "", "calculatedOtherExpenses": 1904000, "calculatedOperatingExpenses": 26292000, "calculatedNetInterest": 0, "calculatedOtherIncome": -674000, "calculatedIncomeNonControlling": 0, "calculatedEbitda": 23971000}, {"date": "1999-12-31", "symbol": "BFAM", "reportedCurrency": "USD", "cik": "0001437578", "fillingDate": "1999-12-31", "acceptedDate": "1999-12-30 19:00:00", "calendarYear": "1999", "period": "FY", "revenue": 243290000, "costOfRevenue": 208631000, "grossProfit": 34659000, "grossProfitRatio": 0.1424596161, "researchAndDevelopmentExpenses": 0, "generalAndAdministrativeExpenses": 20903000, "sellingAndMarketingExpenses": 0, "sellingGeneralAndAdministrativeExpenses": 20903000, "otherExpenses": 913000, "operatingExpenses": 21816000, "costAndExpenses": 230447000, "interestIncome": 0, "interestExpense": 0, "depreciationAndAmortization": 4912000, "ebitda": 17755000, "ebitdaratio": 0.0729787496, "operatingIncome": 12843000, "operatingIncomeRatio": 0.0527888528, "totalOtherIncomeExpensesNet": 715000, "incomeBeforeTax": 13558000, "incomeBeforeTaxRatio": 0.0557277323, "incomeTaxExpense": 5631000, "netIncome": 7927000, "netIncomeRatio": 0.0325825147, "eps": 0.66, "epsdiluted": 0.63, "weightedAverageShsOut": 11945000, "weightedAverageShsOutDil": 12586000, "link": "", "finalLink": "", "calculatedOtherExpenses": 913000, "calculatedOperatingExpenses": 21816000, "calculatedNetInterest": 0, "calculatedOtherIncome": 715000, "calculatedIncomeNonControlling": 0, "calculatedEbitda": 17755000}, {"date": "1998-12-31", "symbol": "BFAM", "reportedCurrency": "USD", "cik": "0001437578", "fillingDate": "1998-12-31", "acceptedDate": "1998-12-30 19:00:00", "calendarYear": "1998", "period": "FY", "revenue": 209372000, "costOfRevenue": 180770000, "grossProfit": 28602000, "grossProfitRatio": 0.1366085245, "researchAndDevelopmentExpenses": 0, "generalAndAdministrativeExpenses": 18972000, "sellingAndMarketingExpenses": 0, "sellingGeneralAndAdministrativeExpenses": 18972000, "otherExpenses": 8393000, "operatingExpenses": 27365000, "costAndExpenses": 208135000, "interestIncome": 0, "interestExpense": 0, "depreciationAndAmortization": 3923000, "ebitda": 5160000, "ebitdaratio": 0.0246451292, "operatingIncome": 1237000, "operatingIncomeRatio": 0.0059081444, "totalOtherIncomeExpensesNet": 1210000, "incomeBeforeTax": 2447000, "incomeBeforeTaxRatio": 0.0116873316, "incomeTaxExpense": 1973000, "netIncome": 474000, "netIncomeRatio": 0.002263913, "eps": 0.04, "epsdiluted": 0.04, "weightedAverageShsOut": 11172000, "weightedAverageShsOutDil": 12411000, "link": "", "finalLink": "", "calculatedOtherExpenses": 8393000, "calculatedOperatingExpenses": 27365000, "calculatedNetInterest": 0, "calculatedOtherIncome": 1210000, "calculatedIncomeNonControlling": 0, "calculatedEbitda": 5160000}]}