{"originalCurrency": "USD", "convertedCurrency": "USD", "report": [{"date": "2023-12-31", "symbol": "BFH", "reportedCurrency": "USD", "cik": "0001101215", "fillingDate": "2024-02-20", "acceptedDate": "2024-02-20 07:13:39", "calendarYear": "2023", "period": "FY", "revenue": 4295000000, "costOfRevenue": 0, "grossProfit": 4295000000, "grossProfitRatio": 1, "researchAndDevelopmentExpenses": 0, "generalAndAdministrativeExpenses": 867000000, "sellingAndMarketingExpenses": 161000000, "sellingGeneralAndAdministrativeExpenses": 1028000000, "otherExpenses": -1124000000, "operatingExpenses": 161000000, "costAndExpenses": 161000000, "interestIncome": 5145000000, "interestExpense": 879000000, "depreciationAndAmortization": 116000000, "ebitda": 1944000000, "ebitdaratio": 0.4526193248, "operatingIncome": 737000000, "operatingIncomeRatio": 0.1715948778, "totalOtherIncomeExpensesNet": 231000000, "incomeBeforeTax": 968000000, "incomeBeforeTaxRatio": 0.2253783469, "incomeTaxExpense": 231000000, "netIncome": 718000000, "netIncomeRatio": 0.1671711292, "eps": 14.42, "epsdiluted": 14.36, "weightedAverageShsOut": 49800000, "weightedAverageShsOutDil": 50000000, "link": "https://www.sec.gov/Archives/edgar/data/1101215/000110121524000041/0001101215-24-000041-index.htm", "finalLink": "https://www.sec.gov/Archives/edgar/data/1101215/000110121524000041/bfh-20231231.htm", "calculatedOtherExpenses": 2530000000, "calculatedOperatingExpenses": 3558000000, "calculatedNetInterest": 4266000000, "calculatedOtherIncome": -4035000000, "calculatedIncomeNonControlling": 19000000, "calculatedEbitda": 853000000}, {"date": "2022-12-31", "symbol": "BFH", "reportedCurrency": "USD", "cik": "0001101215", "fillingDate": "2023-02-28", "acceptedDate": "2023-02-28 16:39:38", "calendarYear": "2022", "period": "FY", "revenue": 3870000000, "costOfRevenue": 0, "grossProfit": 3870000000, "grossProfitRatio": 1, "researchAndDevelopmentExpenses": 0, "generalAndAdministrativeExpenses": 779000000, "sellingAndMarketingExpenses": 180000000, "sellingGeneralAndAdministrativeExpenses": 959000000, "otherExpenses": -1066000000, "operatingExpenses": 180000000, "costAndExpenses": 180000000, "interestIncome": 4684000000, "interestExpense": 503000000, "depreciationAndAmortization": 113000000, "ebitda": 915000000, "ebitdaratio": 0.2364341085, "operatingIncome": 802000000, "operatingIncomeRatio": 0.2072351421, "totalOtherIncomeExpensesNet": -502000000, "incomeBeforeTax": 300000000, "incomeBeforeTaxRatio": 0.0775193798, "incomeTaxExpense": 76000000, "netIncome": 223000000, "netIncomeRatio": 0.057622739, "eps": 4.47, "epsdiluted": 4.46, "weightedAverageShsOut": 49900000, "weightedAverageShsOutDil": 50000000, "link": "https://www.sec.gov/Archives/edgar/data/1101215/000110121523000049/0001101215-23-000049-index.htm", "finalLink": "https://www.sec.gov/Archives/edgar/data/1101215/000110121523000049/bfh-20221231.htm", "calculatedOtherExpenses": 2109000000, "calculatedOperatingExpenses": 3068000000, "calculatedNetInterest": 4181000000, "calculatedOtherIncome": -4683000000, "calculatedIncomeNonControlling": 1000000, "calculatedEbitda": 915000000}, {"date": "2021-12-31", "symbol": "BFH", "reportedCurrency": "USD", "cik": "0001101215", "fillingDate": "2022-02-25", "acceptedDate": "2022-02-25 08:28:12", "calendarYear": "2021", "period": "FY", "revenue": 3272000000, "costOfRevenue": 1593000000, "grossProfit": 1679000000, "grossProfitRatio": 0.5131418093, "researchAndDevelopmentExpenses": 0, "generalAndAdministrativeExpenses": 671000000, "sellingAndMarketingExpenses": 160000000, "sellingGeneralAndAdministrativeExpenses": 831000000, "otherExpenses": 187000000, "operatingExpenses": 1018000000, "costAndExpenses": 2611000000, "interestIncome": 3868000000, "interestExpense": 383000000, "depreciationAndAmortization": 123000000, "ebitda": 1167000000, "ebitdaratio": 0.3566625917, "operatingIncome": 1044000000, "operatingIncomeRatio": 0.3190709046, "totalOtherIncomeExpensesNet": 247000000, "incomeBeforeTax": 1044000000, "incomeBeforeTaxRatio": 0.3190709046, "incomeTaxExpense": 247000000, "netIncome": 801000000, "netIncomeRatio": 0.244804401, "eps": 16.12, "epsdiluted": 16.02, "weightedAverageShsOut": 49700000, "weightedAverageShsOutDil": 50000000, "link": "https://www.sec.gov/Archives/edgar/data/1101215/000110121522000038/0001101215-22-000038-index.htm", "finalLink": "https://www.sec.gov/Archives/edgar/data/1101215/000110121522000038/ads-20211231x10k.htm", "calculatedOtherExpenses": -196000000, "calculatedOperatingExpenses": 635000000, "calculatedNetInterest": 3485000000, "calculatedOtherIncome": -3485000000, "calculatedIncomeNonControlling": -4000000, "calculatedEbitda": 1167000000}, {"date": "2020-12-31", "symbol": "BFH", "reportedCurrency": "USD", "cik": "0001101215", "fillingDate": "2021-02-26", "acceptedDate": "2021-02-26 08:27:19", "calendarYear": "2020", "period": "FY", "revenue": 4521400000, "costOfRevenue": 2676900000, "grossProfit": 1844500000, "grossProfitRatio": 0.4079488654, "researchAndDevelopmentExpenses": 0, "generalAndAdministrativeExpenses": 105700000, "sellingAndMarketingExpenses": 143000000, "sellingGeneralAndAdministrativeExpenses": 105700000, "otherExpenses": 1344300000, "operatingExpenses": 1450000000, "costAndExpenses": 4126900000, "interestIncome": 3952000000, "interestExpense": 108500000, "depreciationAndAmortization": 183800000, "ebitda": 578300000, "ebitdaratio": 0.1279028619, "operatingIncome": 394500000, "operatingIncomeRatio": 0.0872517362, "totalOtherIncomeExpensesNet": -493900000, "incomeBeforeTax": 394500000, "incomeBeforeTaxRatio": 0.0872517362, "incomeTaxExpense": 99500000, "netIncome": 295000000, "netIncomeRatio": 0.065245278, "eps": 6.17, "epsdiluted": 6.16, "weightedAverageShsOut": 47800000, "weightedAverageShsOutDil": 47900000, "link": "https://www.sec.gov/Archives/edgar/data/1101215/000110121521000036/0001101215-21-000036-index.htm", "finalLink": "https://www.sec.gov/Archives/edgar/data/1101215/000110121521000036/ads-20201231x10k.htm", "calculatedOtherExpenses": 1344300000, "calculatedOperatingExpenses": 1450000000, "calculatedNetInterest": 3843500000, "calculatedOtherIncome": -3843500000, "calculatedIncomeNonControlling": 0, "calculatedEbitda": 578300000}, {"date": "2019-12-31", "symbol": "BFH", "reportedCurrency": "USD", "cik": "0001101215", "fillingDate": "2020-02-28", "acceptedDate": "2020-02-28 08:25:18", "calendarYear": "2019", "period": "FY", "revenue": 5581300000, "costOfRevenue": 3407400000, "grossProfit": 2173900000, "grossProfitRatio": 0.3894970706, "researchAndDevelopmentExpenses": 0, "generalAndAdministrativeExpenses": 150600000, "sellingAndMarketingExpenses": 205000000, "sellingGeneralAndAdministrativeExpenses": 150600000, "otherExpenses": 1213000000, "operatingExpenses": 1363600000, "costAndExpenses": 4771000000, "interestIncome": 0, "interestExpense": 130000000, "depreciationAndAmortization": 249300000, "ebitda": 1131500000, "ebitdaratio": 0.2027305466, "operatingIncome": 882200000, "operatingIncomeRatio": 0.1580635336, "totalOtherIncomeExpensesNet": -143800000, "incomeBeforeTax": 738400000, "incomeBeforeTaxRatio": 0.1322989268, "incomeTaxExpense": 165800000, "netIncome": 572600000, "netIncomeRatio": 0.102592586, "eps": 11.45, "epsdiluted": 11.45, "weightedAverageShsOut": 50000000, "weightedAverageShsOutDil": 50000000, "link": "https://www.sec.gov/Archives/edgar/data/1101215/000110121520000049/0001101215-20-000049-index.htm", "finalLink": "https://www.sec.gov/Archives/edgar/data/1101215/000110121520000049/ads-20191231x10k.htm", "calculatedOtherExpenses": 1141100000, "calculatedOperatingExpenses": 1291700000, "calculatedNetInterest": -130000000, "calculatedOtherIncome": -13800000, "calculatedIncomeNonControlling": 0, "calculatedEbitda": 1131500000}, {"date": "2018-12-31", "symbol": "BFH", "reportedCurrency": "USD", "cik": "0001101215", "fillingDate": "2019-02-26", "acceptedDate": "2019-02-26 08:27:12", "calendarYear": "2018", "period": "FY", "revenue": 5666600000, "costOfRevenue": 3079500000, "grossProfit": 2587100000, "grossProfitRatio": 0.45655243, "researchAndDevelopmentExpenses": 0, "generalAndAdministrativeExpenses": 162500000, "sellingAndMarketingExpenses": 0, "sellingGeneralAndAdministrativeExpenses": 162500000, "otherExpenses": 1503300000, "operatingExpenses": 1372100000, "costAndExpenses": 4451600000, "interestIncome": 0, "interestExpense": 156400000, "depreciationAndAmortization": 487300000, "ebitda": 1702300000, "ebitdaratio": 0.3004094166, "operatingIncome": 1757300000, "operatingIncomeRatio": 0.3101154131, "totalOtherIncomeExpensesNet": -670600000, "incomeBeforeTax": 1215000000, "incomeBeforeTaxRatio": 0.2144142872, "incomeTaxExpense": 269500000, "netIncome": 963100000, "netIncomeRatio": 0.1699608231, "eps": 17.54, "epsdiluted": 17.48, "weightedAverageShsOut": 54900000, "weightedAverageShsOutDil": 55100000, "link": "https://www.sec.gov/Archives/edgar/data/1101215/000110121519000048/0001101215-19-000048-index.htm", "finalLink": "https://www.sec.gov/Archives/edgar/data/1101215/000110121519000048/ads-20181231x10k.htm", "calculatedOtherExpenses": 667300000, "calculatedOperatingExpenses": 829800000, "calculatedNetInterest": -156400000, "calculatedOtherIncome": -385900000, "calculatedIncomeNonControlling": -17600000, "calculatedEbitda": 2244600000}, {"date": "2017-12-31", "symbol": "BFH", "reportedCurrency": "USD", "cik": "0001101215", "fillingDate": "2018-02-27", "acceptedDate": "2018-02-27 08:43:37", "calendarYear": "2017", "period": "FY", "revenue": 7719400000, "costOfRevenue": 5000600000, "grossProfit": 2718800000, "grossProfitRatio": 0.3522035391, "researchAndDevelopmentExpenses": 0, "generalAndAdministrativeExpenses": 166300000, "sellingAndMarketingExpenses": 0, "sellingGeneralAndAdministrativeExpenses": 166300000, "otherExpenses": 1637700000, "operatingExpenses": 1637700000, "costAndExpenses": 6638300000, "interestIncome": 0, "interestExpense": 282700000, "depreciationAndAmortization": 497600000, "ebitda": 1578700000, "ebitdaratio": 0.2045107133, "operatingIncome": 1645500000, "operatingIncomeRatio": 0.2131642356, "totalOtherIncomeExpensesNet": -564400000, "incomeBeforeTax": 1081100000, "incomeBeforeTaxRatio": 0.1400497448, "incomeTaxExpense": 292400000, "netIncome": 788700000, "netIncomeRatio": 0.1021711532, "eps": 14.17, "epsdiluted": 14.1, "weightedAverageShsOut": 55700000, "weightedAverageShsOutDil": 55900000, "link": "https://www.sec.gov/Archives/edgar/data/1101215/000110121518000066/0001101215-18-000066-index.htm", "finalLink": "https://www.sec.gov/Archives/edgar/data/1101215/000110121518000066/ads-20171231x10k.htm", "calculatedOtherExpenses": 907000000, "calculatedOperatingExpenses": 1073300000, "calculatedNetInterest": -282700000, "calculatedOtherIncome": -281700000, "calculatedIncomeNonControlling": 0, "calculatedEbitda": 2143100000}, {"date": "2016-12-31", "symbol": "BFH", "reportedCurrency": "USD", "cik": "0001101215", "fillingDate": "2017-02-27", "acceptedDate": "2017-02-27 08:32:29", "calendarYear": "2016", "period": "FY", "revenue": 7138100000, "costOfRevenue": 4848500000, "grossProfit": 2289600000, "grossProfitRatio": 0.3207576246, "researchAndDevelopmentExpenses": 0, "generalAndAdministrativeExpenses": 143200000, "sellingAndMarketingExpenses": 2019700000, "sellingGeneralAndAdministrativeExpenses": 143200000, "otherExpenses": 1452600000, "operatingExpenses": 1452600000, "costAndExpenses": 6301100000, "interestIncome": 0, "interestExpense": 218200000, "depreciationAndAmortization": 512100000, "ebitda": 1349100000, "ebitdaratio": 0.1889998739, "operatingIncome": 1265500000, "operatingIncomeRatio": 0.1772880739, "totalOtherIncomeExpensesNet": -428500000, "incomeBeforeTax": 837000000, "incomeBeforeTaxRatio": 0.1172580939, "incomeTaxExpense": 319400000, "netIncome": 515800000, "netIncomeRatio": 0.0722601252, "eps": 7.37, "epsdiluted": 7.34, "weightedAverageShsOut": 58600000, "weightedAverageShsOutDil": 58900000, "link": "https://www.sec.gov/Archives/edgar/data/1101215/000110121517000063/0001101215-17-000063-index.htm", "finalLink": "https://www.sec.gov/Archives/edgar/data/1101215/000110121517000063/ads-20161231x10k.htm", "calculatedOtherExpenses": 880900000, "calculatedOperatingExpenses": 1024100000, "calculatedNetInterest": -218200000, "calculatedOtherIncome": -210300000, "calculatedIncomeNonControlling": 1800000, "calculatedEbitda": 1777600000}, {"date": "2015-12-31", "symbol": "BFH", "reportedCurrency": "USD", "cik": "0001101215", "fillingDate": "2016-02-25", "acceptedDate": "2016-02-25 08:32:30", "calendarYear": "2015", "period": "FY", "revenue": 6439700000, "costOfRevenue": 4286500000, "grossProfit": 2153200000, "grossProfitRatio": 0.334363402, "researchAndDevelopmentExpenses": 0, "generalAndAdministrativeExpenses": 138483000, "sellingAndMarketingExpenses": 2006496000, "sellingGeneralAndAdministrativeExpenses": 138483000, "otherExpenses": 1160340000, "operatingExpenses": 1160300000, "costAndExpenses": 5446800000, "interestIncome": 0, "interestExpense": 179500000, "depreciationAndAmortization": 492100000, "ebitda": 1549600000, "ebitdaratio": 0.2406323276, "operatingIncome": 1258500000, "operatingIncomeRatio": 0.1954283585, "totalOtherIncomeExpensesNet": -64600000, "incomeBeforeTax": 928300000, "incomeBeforeTaxRatio": 0.1441526779, "incomeTaxExpense": 325100000, "netIncome": 594300000, "netIncomeRatio": 0.0922869078, "eps": 8.91, "epsdiluted": 8.85, "weightedAverageShsOut": 61900000, "weightedAverageShsOutDil": 62300000, "link": "https://www.sec.gov/Archives/edgar/data/1101215/000110121516000312/0001101215-16-000312-index.htm", "finalLink": "https://www.sec.gov/Archives/edgar/data/1101215/000110121516000312/form_10k.htm", "calculatedOtherExpenses": 756217000, "calculatedOperatingExpenses": 894700000, "calculatedNetInterest": -179500000, "calculatedOtherIncome": -150700000, "calculatedIncomeNonControlling": 8900000, "calculatedEbitda": 1750600000}, {"date": "2014-12-31", "symbol": "BFH", "reportedCurrency": "USD", "cik": "0001101215", "fillingDate": "2015-02-27", "acceptedDate": "2015-02-27 08:31:42", "calendarYear": "2014", "period": "FY", "revenue": 5302900000, "costOfRevenue": 3620800000, "grossProfit": 1682100000, "grossProfitRatio": 0.3172037942, "researchAndDevelopmentExpenses": 0, "generalAndAdministrativeExpenses": 141468000, "sellingAndMarketingExpenses": 1438688000, "sellingGeneralAndAdministrativeExpenses": 141468000, "otherExpenses": 844231000, "operatingExpenses": 844200000, "costAndExpenses": 4465000000, "interestIncome": 0, "interestExpense": 131900000, "depreciationAndAmortization": 313100000, "ebitda": 1151000000, "ebitdaratio": 0.2170510475, "operatingIncome": 1098400000, "operatingIncomeRatio": 0.2071319467, "totalOtherIncomeExpensesNet": -260526000, "incomeBeforeTax": 837900000, "incomeBeforeTaxRatio": 0.1580078825, "incomeTaxExpense": 321800000, "netIncome": 506300000, "netIncomeRatio": 0.0954760603, "eps": 8.72, "epsdiluted": 7.87, "weightedAverageShsOut": 56400000, "weightedAverageShsOutDil": 62400000, "link": "https://www.sec.gov/Archives/edgar/data/1101215/000110121515000063/0001101215-15-000063-index.htm", "finalLink": "https://www.sec.gov/Archives/edgar/data/1101215/000110121515000063/form_10k.htm", "calculatedOtherExpenses": 442232000, "calculatedOperatingExpenses": 583700000, "calculatedNetInterest": -131900000, "calculatedOtherIncome": -128600000, "calculatedIncomeNonControlling": 9800000, "calculatedEbitda": 1411500000}, {"date": "2013-12-31", "symbol": "BFH", "reportedCurrency": "USD", "cik": "0001101215", "fillingDate": "2014-02-28", "acceptedDate": "2014-02-28 08:32:06", "calendarYear": "2013", "period": "FY", "revenue": 4319100000, "costOfRevenue": 2963800000, "grossProfit": 1355300000, "grossProfitRatio": 0.3137922252, "researchAndDevelopmentExpenses": 0, "generalAndAdministrativeExpenses": 109115000, "sellingAndMarketingExpenses": 1289356000, "sellingGeneralAndAdministrativeExpenses": 109115000, "otherExpenses": 561877000, "operatingExpenses": 561900000, "costAndExpenses": 3525700000, "interestIncome": 0, "interestExpense": 181100000, "depreciationAndAmortization": 216100000, "ebitda": 1009500000, "ebitdaratio": 0.2337292491, "operatingIncome": 1098900000, "operatingIncomeRatio": 0.2544280058, "totalOtherIncomeExpensesNet": -305500000, "incomeBeforeTax": 793400000, "incomeBeforeTaxRatio": 0.1836956773, "incomeTaxExpense": 297200000, "netIncome": 496200000, "netIncomeRatio": 0.1148850455, "eps": 10.09, "epsdiluted": 7.42, "weightedAverageShsOut": 49190000, "weightedAverageShsOutDil": 66866000, "link": "https://www.sec.gov/Archives/edgar/data/1101215/000110121514000058/0001101215-14-000058-index.htm", "finalLink": "https://www.sec.gov/Archives/edgar/data/1101215/000110121514000058/form10k.htm", "calculatedOtherExpenses": 147285000, "calculatedOperatingExpenses": 256400000, "calculatedNetInterest": -181100000, "calculatedOtherIncome": -124400000, "calculatedIncomeNonControlling": 0, "calculatedEbitda": 1315000000}, {"date": "2012-12-31", "symbol": "BFH", "reportedCurrency": "USD", "cik": "0001101215", "fillingDate": "2013-02-28", "acceptedDate": "2013-02-28 08:32:30", "calendarYear": "2012", "period": "FY", "revenue": 3641400000, "costOfRevenue": 2506200000, "grossProfit": 1135200000, "grossProfitRatio": 0.3117482287, "researchAndDevelopmentExpenses": 30000000, "generalAndAdministrativeExpenses": 108059000, "sellingAndMarketingExpenses": 0, "sellingGeneralAndAdministrativeExpenses": 108059000, "otherExpenses": 452355000, "operatingExpenses": 452400000, "costAndExpenses": 2958600000, "interestIncome": 0, "interestExpense": 173500000, "depreciationAndAmortization": 166900000, "ebitda": 849700000, "ebitdaratio": 0.2333443181, "operatingIncome": 974300000, "operatingIncomeRatio": 0.2675619267, "totalOtherIncomeExpensesNet": -291460000, "incomeBeforeTax": 682800000, "incomeBeforeTaxRatio": 0.1875102982, "incomeTaxExpense": 260600000, "netIncome": 422200000, "netIncomeRatio": 0.115944417, "eps": 8.44, "epsdiluted": 6.58, "weightedAverageShsOut": 50008000, "weightedAverageShsOutDil": 64143000, "link": "https://www.sec.gov/Archives/edgar/data/1101215/000110121513000051/0001101215-13-000051-index.htm", "finalLink": "https://www.sec.gov/Archives/edgar/data/1101215/000110121513000051/form10k.htm", "calculatedOtherExpenses": 22841000, "calculatedOperatingExpenses": 160900000, "calculatedNetInterest": -173500000, "calculatedOtherIncome": -118000000, "calculatedIncomeNonControlling": 0, "calculatedEbitda": 1141200000}, {"date": "2011-12-31", "symbol": "BFH", "reportedCurrency": "USD", "cik": "0001101215", "fillingDate": "2012-02-27", "acceptedDate": "2012-02-27 14:15:21", "calendarYear": "2011", "period": "FY", "revenue": 3173300000, "costOfRevenue": 2205800000, "grossProfit": 967500000, "grossProfitRatio": 0.3048876564, "researchAndDevelopmentExpenses": 0, "generalAndAdministrativeExpenses": 95256000, "sellingAndMarketingExpenses": 0, "sellingGeneralAndAdministrativeExpenses": 95256000, "otherExpenses": 453469000, "operatingExpenses": 453400000, "costAndExpenses": 2659200000, "interestIncome": 0, "interestExpense": 148800000, "depreciationAndAmortization": 153100000, "ebitda": 667200000, "ebitdaratio": 0.2102543094, "operatingIncome": 812700000, "operatingIncomeRatio": 0.2561056314, "totalOtherIncomeExpensesNet": -298585000, "incomeBeforeTax": 514100000, "incomeBeforeTaxRatio": 0.1620080043, "incomeTaxExpense": 198800000, "netIncome": 315300000, "netIncomeRatio": 0.0993602874, "eps": 6.22, "epsdiluted": 5.45, "weightedAverageShsOut": 50687000, "weightedAverageShsOutDil": 57804000, "link": "https://www.sec.gov/Archives/edgar/data/1101215/000110121512000046/0001101215-12-000046-index.htm", "finalLink": "https://www.sec.gov/Archives/edgar/data/1101215/000110121512000046/form10k.htm", "calculatedOtherExpenses": 59544000, "calculatedOperatingExpenses": 154800000, "calculatedNetInterest": -148800000, "calculatedOtherIncome": -149800000, "calculatedIncomeNonControlling": 0, "calculatedEbitda": 965800000}, {"date": "2010-12-31", "symbol": "BFH", "reportedCurrency": "USD", "cik": "0001101215", "fillingDate": "2011-02-28", "acceptedDate": "2011-02-28 08:49:56", "calendarYear": "2010", "period": "FY", "revenue": 2791400000, "costOfRevenue": 1949500000, "grossProfit": 841900000, "grossProfitRatio": 0.3016049294, "researchAndDevelopmentExpenses": 0, "generalAndAdministrativeExpenses": 85773000, "sellingAndMarketingExpenses": 0, "sellingGeneralAndAdministrativeExpenses": 85773000, "otherExpenses": 531048000, "operatingExpenses": 531000000, "costAndExpenses": 2480500000, "interestIncome": 0, "interestExpense": 133800000, "depreciationAndAmortization": 143200000, "ebitda": 454100000, "ebitdaratio": 0.162678226, "operatingIncome": 629200000, "operatingIncomeRatio": 0.225406606, "totalOtherIncomeExpensesNet": -318330000, "incomeBeforeTax": 310900000, "incomeBeforeTaxRatio": 0.1113778033, "incomeTaxExpense": 115300000, "netIncome": 193700000, "netIncomeRatio": 0.0693917031, "eps": 3.69, "epsdiluted": 3.48, "weightedAverageShsOut": 52534000, "weightedAverageShsOutDil": 55710000, "link": "https://www.sec.gov/Archives/edgar/data/1101215/000114036111012449/0001140361-11-012449-index.htm", "finalLink": "https://www.sec.gov/Archives/edgar/data/1101215/000114036111012449/form10k.htm", "calculatedOtherExpenses": 126927000, "calculatedOperatingExpenses": 212700000, "calculatedNetInterest": -133800000, "calculatedOtherIncome": -184500000, "calculatedIncomeNonControlling": 1900000, "calculatedEbitda": 772400000}, {"date": "2009-12-31", "symbol": "BFH", "reportedCurrency": "USD", "cik": "0001101215", "fillingDate": "2010-03-01", "acceptedDate": "2010-03-01 09:06:58", "calendarYear": "2009", "period": "FY", "revenue": 1964300000, "costOfRevenue": 144800000, "grossProfit": 1819500000, "grossProfitRatio": 0.9262841725, "researchAndDevelopmentExpenses": 0, "generalAndAdministrativeExpenses": 99823000, "sellingAndMarketingExpenses": 0, "sellingGeneralAndAdministrativeExpenses": 99823000, "otherExpenses": 125286000, "operatingExpenses": 1556600000, "costAndExpenses": 1701400000, "interestIncome": 0, "interestExpense": 144800000, "depreciationAndAmortization": 125409000, "ebitda": 262900000, "ebitdaratio": 0.1338390266, "operatingIncome": 407700000, "operatingIncomeRatio": 0.2075548541, "totalOtherIncomeExpensesNet": 22663000, "incomeBeforeTax": 262900000, "incomeBeforeTaxRatio": 0.1338390266, "incomeTaxExpense": 86200000, "netIncome": 143700000, "netIncomeRatio": 0.0731558316, "eps": 2.58, "epsdiluted": 2.49, "weightedAverageShsOut": 55765000, "weightedAverageShsOutDil": 57706000, "link": "https://www.sec.gov/Archives/edgar/data/1101215/000119312510043956/0001193125-10-043956-index.htm", "finalLink": "https://www.sec.gov/Archives/edgar/data/1101215/000119312510043956/d10k.htm", "calculatedOtherExpenses": 1311977000, "calculatedOperatingExpenses": 1411800000, "calculatedNetInterest": -144800000, "calculatedOtherIncome": 0, "calculatedIncomeNonControlling": 33000000, "calculatedEbitda": 533109000}, {"date": "2008-12-31", "symbol": "BFH", "reportedCurrency": "USD", "cik": "0001101215", "fillingDate": "2009-03-02", "acceptedDate": "2009-03-02 14:14:33", "calendarYear": "2008", "period": "FY", "revenue": 2040868000, "costOfRevenue": 1421288000, "grossProfit": 619580000, "grossProfitRatio": 0.3035865132, "researchAndDevelopmentExpenses": 0, "generalAndAdministrativeExpenses": 82804000, "sellingAndMarketingExpenses": 525918000, "sellingGeneralAndAdministrativeExpenses": 82804000, "otherExpenses": 135818000, "operatingExpenses": 218622000, "costAndExpenses": 1639910000, "interestIncome": -15601000, "interestExpense": 79249000, "depreciationAndAmortization": 143810000, "ebitda": 548873000, "ebitdaratio": 0.2689409604, "operatingIncome": 460501000, "operatingIncomeRatio": 0.2256397768, "totalOtherIncomeExpensesNet": -4105000, "incomeBeforeTax": 396853000, "incomeBeforeTaxRatio": 0.1944530464, "incomeTaxExpense": 153454000, "netIncome": 217393000, "netIncomeRatio": 0.1065198729, "eps": 2.88, "epsdiluted": 2.8, "weightedAverageShsOut": 71502000, "weightedAverageShsOutDil": 73640000, "link": "https://www.sec.gov/Archives/edgar/data/1101215/000119312509042284/0001193125-09-042284-index.htm", "finalLink": "https://www.sec.gov/Archives/edgar/data/1101215/000119312509042284/d10k.htm", "calculatedOtherExpenses": 76275000, "calculatedOperatingExpenses": 159079000, "calculatedNetInterest": -94850000, "calculatedOtherIncome": 31202000, "calculatedIncomeNonControlling": 26006000, "calculatedEbitda": 604311000}, {"date": "2007-12-31", "symbol": "BFH", "reportedCurrency": "USD", "cik": "0001101215", "fillingDate": "2008-02-28", "acceptedDate": "2008-02-28 12:44:03", "calendarYear": "2007", "period": "FY", "revenue": 2301880000, "costOfRevenue": 1711243000, "grossProfit": 590637000, "grossProfitRatio": 0.2565889621, "researchAndDevelopmentExpenses": 0, "generalAndAdministrativeExpenses": 80898000, "sellingAndMarketingExpenses": 452136000, "sellingGeneralAndAdministrativeExpenses": 80898000, "otherExpenses": 166632000, "operatingExpenses": 247530000, "costAndExpenses": 1958773000, "interestIncome": -10691000, "interestExpense": 80214000, "depreciationAndAmortization": 166632000, "ebitda": 578094000, "ebitdaratio": 0.2511399378, "operatingIncome": 344275000, "operatingIncomeRatio": 0.1495625315, "totalOtherIncomeExpensesNet": -68355000, "incomeBeforeTax": 274752000, "incomeBeforeTaxRatio": 0.1193598276, "incomeTaxExpense": 110691000, "netIncome": 164061000, "netIncomeRatio": 0.071272612, "eps": 2.09, "epsdiluted": 2.03, "weightedAverageShsOut": 78403000, "weightedAverageShsOutDil": 80811000, "link": "https://www.sec.gov/Archives/edgar/data/1101215/000119312508041317/0001193125-08-041317-index.htm", "finalLink": "https://www.sec.gov/Archives/edgar/data/1101215/000119312508041317/d10k.htm", "calculatedOtherExpenses": 165464000, "calculatedOperatingExpenses": 246362000, "calculatedNetInterest": -90905000, "calculatedOtherIncome": 21382000, "calculatedIncomeNonControlling": 0, "calculatedEbitda": 510907000}, {"date": "2006-12-31", "symbol": "BFH", "reportedCurrency": "USD", "cik": "0001101215", "fillingDate": "2007-02-26", "acceptedDate": "2007-02-26 09:44:52", "calendarYear": "2006", "period": "FY", "revenue": 2005337000, "costOfRevenue": 1482213000, "grossProfit": 523124000, "grossProfitRatio": 0.2608658794, "researchAndDevelopmentExpenses": 0, "generalAndAdministrativeExpenses": 91815000, "sellingAndMarketingExpenses": 319704000, "sellingGeneralAndAdministrativeExpenses": 91815000, "otherExpenses": 125040000, "operatingExpenses": 216855000, "costAndExpenses": 1699068000, "interestIncome": -6595000, "interestExpense": 47593000, "depreciationAndAmortization": 125040000, "ebitda": 431309000, "ebitdaratio": 0.2150805575, "operatingIncome": 347267000, "operatingIncomeRatio": 0.1731713921, "totalOtherIncomeExpensesNet": 86190000, "incomeBeforeTax": 306269000, "incomeBeforeTaxRatio": 0.1527269481, "incomeTaxExpense": 116664000, "netIncome": 189605000, "netIncomeRatio": 0.0945501928, "eps": 2.38, "epsdiluted": 2.32, "weightedAverageShsOut": 79735000, "weightedAverageShsOutDil": 81686000, "link": "https://www.sec.gov/Archives/edgar/data/1101215/000095013407004084/0000950134-07-004084-index.htm", "finalLink": "https://www.sec.gov/Archives/edgar/data/1101215/000095013407004084/d43460e10vk.htm", "calculatedOtherExpenses": 84042000, "calculatedOperatingExpenses": 175857000, "calculatedNetInterest": -54188000, "calculatedOtherIncome": 13190000, "calculatedIncomeNonControlling": 0, "calculatedEbitda": 472307000}, {"date": "2005-12-31", "symbol": "BFH", "reportedCurrency": "USD", "cik": "0001101215", "fillingDate": "2006-03-03", "acceptedDate": "2006-03-03 09:02:05", "calendarYear": "2005", "period": "FY", "revenue": 1552437000, "costOfRevenue": 1124590000, "grossProfit": 427847000, "grossProfitRatio": 0.275597013, "researchAndDevelopmentExpenses": 0, "generalAndAdministrativeExpenses": 91532000, "sellingAndMarketingExpenses": 185309000, "sellingGeneralAndAdministrativeExpenses": 91532000, "otherExpenses": 102707000, "operatingExpenses": 194239000, "costAndExpenses": 1318829000, "interestIncome": 0, "interestExpense": 14482000, "depreciationAndAmortization": 99707000, "ebitda": 333315000, "ebitdaratio": 0.2147043648, "operatingIncome": 233608000, "operatingIncomeRatio": 0.1504782481, "totalOtherIncomeExpensesNet": -11482000, "incomeBeforeTax": 222126000, "incomeBeforeTaxRatio": 0.1430821347, "incomeTaxExpense": 83381000, "netIncome": 138745000, "netIncomeRatio": 0.0893723868, "eps": 1.69, "epsdiluted": 1.64, "weightedAverageShsOut": 82208000, "weightedAverageShsOutDil": 84637000, "link": "https://www.sec.gov/Archives/edgar/data/1101215/000095013406004179/0000950134-06-004179-index.htm", "finalLink": "https://www.sec.gov/Archives/edgar/data/1101215/000095013406004179/d32216e10vk.htm", "calculatedOtherExpenses": 102707000, "calculatedOperatingExpenses": 194239000, "calculatedNetInterest": -14482000, "calculatedOtherIncome": 3000000, "calculatedIncomeNonControlling": 0, "calculatedEbitda": 333315000}, {"date": "2004-12-31", "symbol": "BFH", "reportedCurrency": "USD", "cik": "0001101215", "fillingDate": "2005-03-04", "acceptedDate": "2005-03-04 16:54:34", "calendarYear": "2004", "period": "FY", "revenue": 1257438000, "costOfRevenue": 916201000, "grossProfit": 341237000, "grossProfitRatio": 0.2713748113, "researchAndDevelopmentExpenses": 0, "generalAndAdministrativeExpenses": 77740000, "sellingAndMarketingExpenses": 644849000, "sellingGeneralAndAdministrativeExpenses": 77740000, "otherExpenses": 91398000, "operatingExpenses": 169138000, "costAndExpenses": 1085339000, "interestIncome": 0, "interestExpense": 6972000, "depreciationAndAmortization": 91398000, "ebitda": 234354000, "ebitdaratio": 0.186374199, "operatingIncome": 172099000, "operatingIncomeRatio": 0.1368647997, "totalOtherIncomeExpensesNet": 29143000, "incomeBeforeTax": 164319000, "incomeBeforeTaxRatio": 0.1306776159, "incomeTaxExpense": 61948000, "netIncome": 102371000, "netIncomeRatio": 0.0814123639, "eps": 1.27, "epsdiluted": 1.22, "weightedAverageShsOut": 80614000, "weightedAverageShsOutDil": 84040000, "link": "https://www.sec.gov/Archives/edgar/data/1101215/000095013405004246/0000950134-05-004246-index.htm", "finalLink": "https://www.sec.gov/Archives/edgar/data/1101215/000095013405004246/d22322e10vk.htm", "calculatedOtherExpenses": 91398000, "calculatedOperatingExpenses": 169138000, "calculatedNetInterest": -6972000, "calculatedOtherIncome": -808000, "calculatedIncomeNonControlling": 0, "calculatedEbitda": 263497000}, {"date": "2003-12-31", "symbol": "BFH", "reportedCurrency": "USD", "cik": "0001101215", "fillingDate": "2004-03-05", "acceptedDate": "2004-03-05 12:33:33", "calendarYear": "2003", "period": "FY", "revenue": 1049144000, "costOfRevenue": 787167000, "grossProfit": 261977000, "grossProfitRatio": 0.2497054742, "researchAndDevelopmentExpenses": 0, "generalAndAdministrativeExpenses": 54027000, "sellingAndMarketingExpenses": 548045000, "sellingGeneralAndAdministrativeExpenses": 54027000, "otherExpenses": 74561000, "operatingExpenses": 128588000, "costAndExpenses": 915755000, "interestIncome": 0, "interestExpense": 17281000, "depreciationAndAmortization": 74561000, "ebitda": -105241000, "ebitdaratio": -0.1003113014, "operatingIncome": 133389000, "operatingIncomeRatio": 0.1271407929, "totalOtherIncomeExpensesNet": 313191000, "incomeBeforeTax": 108982000, "incomeBeforeTaxRatio": 0.1038770655, "incomeTaxExpense": 41684000, "netIncome": 67298000, "netIncomeRatio": 0.0641456273, "eps": 0.86, "epsdiluted": 0.84, "weightedAverageShsOut": 78253488, "weightedAverageShsOutDil": 80116667, "link": "https://www.sec.gov/Archives/edgar/data/1101215/000104746904006682/0001047469-04-006682-index.htm", "finalLink": "https://www.sec.gov/Archives/edgar/data/1101215/000104746904006682/a2129722z10-k.htm", "calculatedOtherExpenses": 74561000, "calculatedOperatingExpenses": 128588000, "calculatedNetInterest": -17281000, "calculatedOtherIncome": -7126000, "calculatedIncomeNonControlling": 0, "calculatedEbitda": 207950000}, {"date": "2002-12-31", "symbol": "BFH", "reportedCurrency": "USD", "cik": "0001101215", "fillingDate": "2003-03-12", "acceptedDate": "2003-03-12 17:26:00", "calendarYear": "2002", "period": "FY", "revenue": 871451000, "costOfRevenue": 668231000, "grossProfit": 203220000, "grossProfitRatio": 0.2331972767, "researchAndDevelopmentExpenses": 0, "generalAndAdministrativeExpenses": 56097000, "sellingAndMarketingExpenses": 502427000, "sellingGeneralAndAdministrativeExpenses": 56097000, "otherExpenses": 66475000, "operatingExpenses": 122572000, "costAndExpenses": 790803000, "interestIncome": 0, "interestExpense": 21215000, "depreciationAndAmortization": 66475000, "ebitda": -70487000, "ebitdaratio": -0.0808846395, "operatingIncome": 80648000, "operatingIncomeRatio": 0.0925445034, "totalOtherIncomeExpensesNet": 217610000, "incomeBeforeTax": 47416000, "incomeBeforeTaxRatio": 0.0544104029, "incomeTaxExpense": 20671000, "netIncome": 26203000, "netIncomeRatio": 0.0300682425, "eps": 0.32, "epsdiluted": 0.31, "weightedAverageShsOut": 73934375, "weightedAverageShsOutDil": 76319355, "link": "https://www.sec.gov/Archives/edgar/data/1101215/000104746903008494/0001047469-03-008494-index.htm", "finalLink": "https://www.sec.gov/Archives/edgar/data/1101215/000104746903008494/a2105293z10-k.htm", "calculatedOtherExpenses": 66475000, "calculatedOperatingExpenses": 122572000, "calculatedNetInterest": -21215000, "calculatedOtherIncome": -12017000, "calculatedIncomeNonControlling": 542000, "calculatedEbitda": 147123000}, {"date": "2001-12-31", "symbol": "BFH", "reportedCurrency": "USD", "cik": "0001101215", "fillingDate": "2002-04-01", "acceptedDate": "2002-04-01 00:00:00", "calendarYear": "2001", "period": "FY", "revenue": 777351000, "costOfRevenue": 603493000, "grossProfit": 173858000, "grossProfitRatio": 0.2236544367, "researchAndDevelopmentExpenses": 0, "generalAndAdministrativeExpenses": 45431000, "sellingAndMarketingExpenses": 482223000, "sellingGeneralAndAdministrativeExpenses": 45431000, "otherExpenses": 74204000, "operatingExpenses": 119635000, "costAndExpenses": 723128000, "interestIncome": 0, "interestExpense": 30097000, "depreciationAndAmortization": 74204000, "ebitda": -36371000, "ebitdaratio": -0.0467883877, "operatingIncome": 54223000, "operatingIncomeRatio": 0.0697535605, "totalOtherIncomeExpensesNet": 164798000, "incomeBeforeTax": 3995000, "incomeBeforeTaxRatio": 0.0051392486, "incomeTaxExpense": 11612000, "netIncome": -8232000, "netIncomeRatio": -0.0105898108, "eps": -0.13, "epsdiluted": -0.13, "weightedAverageShsOut": 64580952, "weightedAverageShsOutDil": 64580952, "link": "https://www.sec.gov/Archives/edgar/data/1101215/000091205702013045/0000912057-02-013045-index.htm", "finalLink": "https://www.sec.gov/Archives/edgar/data/1101215/000091205702013045/a2074422z10-k405.htm", "calculatedOtherExpenses": 74204000, "calculatedOperatingExpenses": 119635000, "calculatedNetInterest": -30097000, "calculatedOtherIncome": -20131000, "calculatedIncomeNonControlling": 615000, "calculatedEbitda": 128427000}, {"date": "2000-12-31", "symbol": "BFH", "reportedCurrency": "USD", "cik": "0001101215", "fillingDate": "2000-12-31", "acceptedDate": "2000-12-30 19:00:00", "calendarYear": "2000", "period": "FY", "revenue": 678195000, "costOfRevenue": 547985000, "grossProfit": 130210000, "grossProfitRatio": 0.1919949277, "researchAndDevelopmentExpenses": 0, "generalAndAdministrativeExpenses": 0, "sellingAndMarketingExpenses": 0, "sellingGeneralAndAdministrativeExpenses": 32201000, "otherExpenses": 76144000, "operatingExpenses": 108345000, "costAndExpenses": 656330000, "interestIncome": 0, "interestExpense": 0, "depreciationAndAmortization": 76144000, "ebitda": -74408000, "ebitdaratio": -0.1097147576, "operatingIncome": 21865000, "operatingIncomeRatio": 0.03223999, "totalOtherIncomeExpensesNet": 172417000, "incomeBeforeTax": -19482000, "incomeBeforeTaxRatio": -0.0287262513, "incomeTaxExpense": 1841000, "netIncome": -21323000, "netIncomeRatio": -0.0314408098, "eps": -0.45, "epsdiluted": -0.45, "weightedAverageShsOut": 47538333, "weightedAverageShsOutDil": 47538333, "link": "", "finalLink": "", "calculatedOtherExpenses": 76144000, "calculatedOperatingExpenses": 108345000, "calculatedNetInterest": 0, "calculatedOtherIncome": -41347000, "calculatedIncomeNonControlling": 0, "calculatedEbitda": 98009000}, {"date": "1999-12-31", "symbol": "BFH", "reportedCurrency": "USD", "cik": "0001101215", "fillingDate": "1999-12-31", "acceptedDate": "1999-12-30 19:00:00", "calendarYear": "1999", "period": "FY", "revenue": 583082000, "costOfRevenue": 466856000, "grossProfit": 116226000, "grossProfitRatio": 0.1993304544, "researchAndDevelopmentExpenses": 0, "generalAndAdministrativeExpenses": 0, "sellingAndMarketingExpenses": 0, "sellingGeneralAndAdministrativeExpenses": 35971000, "otherExpenses": 77800000, "operatingExpenses": 113771000, "costAndExpenses": 580627000, "interestIncome": 0, "interestExpense": 0, "depreciationAndAmortization": 0, "ebitda": 2455000, "ebitdaratio": 0.0042103855, "operatingIncome": 2455000, "operatingIncomeRatio": 0.0042103855, "totalOtherIncomeExpensesNet": -42785000, "incomeBeforeTax": -40330000, "incomeBeforeTaxRatio": -0.0691669439, "incomeTaxExpense": -10489000, "netIncome": -29841000, "netIncomeRatio": -0.0511780504, "eps": -0.7, "epsdiluted": -0.7, "weightedAverageShsOut": 42630000, "weightedAverageShsOutDil": 42630000, "link": "", "finalLink": "", "calculatedOtherExpenses": 77800000, "calculatedOperatingExpenses": 113771000, "calculatedNetInterest": 0, "calculatedOtherIncome": -42785000, "calculatedIncomeNonControlling": 0, "calculatedEbitda": 2455000}, {"date": "1998-12-31", "symbol": "BFH", "reportedCurrency": "USD", "cik": "0001101215", "fillingDate": "1998-12-31", "acceptedDate": "1998-12-30 19:00:00", "calendarYear": "1998", "period": "FY", "revenue": 410913000, "costOfRevenue": 0, "grossProfit": 410913000, "grossProfitRatio": 1, "researchAndDevelopmentExpenses": 0, "generalAndAdministrativeExpenses": 0, "sellingAndMarketingExpenses": 0, "sellingGeneralAndAdministrativeExpenses": 17589000, "otherExpenses": 387840000, "operatingExpenses": 405429000, "costAndExpenses": 405429000, "interestIncome": 0, "interestExpense": 0, "depreciationAndAmortization": 43766000, "ebitda": 49250000, "ebitdaratio": 0.1198550545, "operatingIncome": 5484000, "operatingIncomeRatio": 0.0133458907, "totalOtherIncomeExpensesNet": 0, "incomeBeforeTax": 0, "incomeBeforeTaxRatio": 0, "incomeTaxExpense": 0, "netIncome": 0, "netIncomeRatio": 0, "eps": -0.43, "epsdiluted": -0.43, "weightedAverageShsOut": 41729000, "weightedAverageShsOutDil": 41729000, "link": "", "finalLink": "", "calculatedOtherExpenses": 387840000, "calculatedOperatingExpenses": 405429000, "calculatedNetInterest": 0, "calculatedOtherIncome": -5484000, "calculatedIncomeNonControlling": 0, "calculatedEbitda": 49250000}]}