{"originalCurrency": "USD", "convertedCurrency": "USD", "report": [{"date": "2023-12-31", "symbol": "BG", "reportedCurrency": "USD", "cik": "0001144519", "fillingDate": "2023-12-31", "acceptedDate": "2023-12-29 19:00:00", "calendarYear": "2023", "period": "FY", "revenue": 59532000000, "costOfRevenue": 55618000000, "grossProfit": 3914000000, "grossProfitRatio": 0.0657461533, "researchAndDevelopmentExpenses": 35000000, "generalAndAdministrativeExpenses": 0, "sellingAndMarketingExpenses": 0, "sellingGeneralAndAdministrativeExpenses": 1681000000, "otherExpenses": 129000000, "operatingExpenses": 1716000000, "costAndExpenses": 57334000000, "interestIncome": 148000000, "interestExpense": 516000000, "depreciationAndAmortization": 451000000, "ebitda": 2649000000, "ebitdaratio": 0.0444970772, "operatingIncome": 2198000000, "operatingIncomeRatio": 0.0369213196, "totalOtherIncomeExpensesNet": 853000000, "incomeBeforeTax": 3051000000, "incomeBeforeTaxRatio": 0.051249748, "incomeTaxExpense": 714000000, "netIncome": 2243000000, "netIncomeRatio": 0.0376772156, "eps": 15.07, "epsdiluted": 14.88, "weightedAverageShsOut": 148804387, "weightedAverageShsOutDil": 150787917, "link": null, "finalLink": null, "calculatedOtherExpenses": 0, "calculatedOperatingExpenses": 1716000000, "calculatedNetInterest": -368000000, "calculatedOtherIncome": 1221000000, "calculatedIncomeNonControlling": 94000000, "calculatedEbitda": 2649000000}, {"date": "2022-12-31", "symbol": "BG", "reportedCurrency": "USD", "cik": "0001144519", "fillingDate": "2023-02-24", "acceptedDate": "2023-02-24 16:15:25", "calendarYear": "2022", "period": "FY", "revenue": 67232000000, "costOfRevenue": 63550000000, "grossProfit": 3682000000, "grossProfitRatio": 0.0547655878, "researchAndDevelopmentExpenses": 33000000, "generalAndAdministrativeExpenses": 0, "sellingAndMarketingExpenses": 0, "sellingGeneralAndAdministrativeExpenses": 1369000000, "otherExpenses": -9000000, "operatingExpenses": 1369000000, "costAndExpenses": 64919000000, "interestIncome": 71000000, "interestExpense": 403000000, "depreciationAndAmortization": 408000000, "ebitda": 2888000000, "ebitdaratio": 0.0429557354, "operatingIncome": 2480000000, "operatingIncomeRatio": 0.0368871966, "totalOtherIncomeExpensesNet": -414000000, "incomeBeforeTax": 2066000000, "incomeBeforeTaxRatio": 0.0307294146, "incomeTaxExpense": 388000000, "netIncome": 1610000000, "netIncomeRatio": 0.02394693, "eps": 10.83, "epsdiluted": 10.51, "weightedAverageShsOut": 148712251, "weightedAverageShsOutDil": 153134754, "link": "https://www.sec.gov/Archives/edgar/data/1144519/000114451923000010/0001144519-23-000010-index.htm", "finalLink": "https://www.sec.gov/Archives/edgar/data/1144519/000114451923000010/bg-20221231.htm", "calculatedOtherExpenses": -200000000, "calculatedOperatingExpenses": 1202000000, "calculatedNetInterest": -332000000, "calculatedOtherIncome": -82000000, "calculatedIncomeNonControlling": 68000000, "calculatedEbitda": 2888000000}, {"date": "2021-12-31", "symbol": "BG", "reportedCurrency": "USD", "cik": "0001144519", "fillingDate": "2022-02-24", "acceptedDate": "2022-02-24 17:28:50", "calendarYear": "2021", "period": "FY", "revenue": 59152000000, "costOfRevenue": 55789000000, "grossProfit": 3363000000, "grossProfitRatio": 0.0568535299, "researchAndDevelopmentExpenses": 33000000, "generalAndAdministrativeExpenses": 0, "sellingAndMarketingExpenses": 0, "sellingGeneralAndAdministrativeExpenses": 1234000000, "otherExpenses": 509000000, "operatingExpenses": 1234000000, "costAndExpenses": 57023000000, "interestIncome": 48000000, "interestExpense": 243000000, "depreciationAndAmortization": 424000000, "ebitda": 3270000000, "ebitdaratio": 0.0552813092, "operatingIncome": 2846000000, "operatingIncomeRatio": 0.0481133351, "totalOtherIncomeExpensesNet": -281000000, "incomeBeforeTax": 2565000000, "incomeBeforeTaxRatio": 0.0433628618, "incomeTaxExpense": 398000000, "netIncome": 2078000000, "netIncomeRatio": 0.035129835, "eps": 14.49, "epsdiluted": 13.64, "weightedAverageShsOut": 141015388, "weightedAverageShsOutDil": 152366712, "link": "https://www.sec.gov/Archives/edgar/data/1144519/000114451922000017/0001144519-22-000017-index.htm", "finalLink": "https://www.sec.gov/Archives/edgar/data/1144519/000114451922000017/bg-20211231.htm", "calculatedOtherExpenses": -750000000, "calculatedOperatingExpenses": 517000000, "calculatedNetInterest": -195000000, "calculatedOtherIncome": -86000000, "calculatedIncomeNonControlling": 89000000, "calculatedEbitda": 3270000000}, {"date": "2020-12-31", "symbol": "BG", "reportedCurrency": "USD", "cik": "0001144519", "fillingDate": "2021-02-19", "acceptedDate": "2021-02-19 14:45:09", "calendarYear": "2020", "period": "FY", "revenue": 41404000000, "costOfRevenue": 38619000000, "grossProfit": 2785000000, "grossProfitRatio": 0.0672640325, "researchAndDevelopmentExpenses": 24000000, "generalAndAdministrativeExpenses": 0, "sellingAndMarketingExpenses": 0, "sellingGeneralAndAdministrativeExpenses": 1358000000, "otherExpenses": 126000000, "operatingExpenses": 1358000000, "costAndExpenses": 39977000000, "interestIncome": 22000000, "interestExpense": 265000000, "depreciationAndAmortization": 435000000, "ebitda": 1963000000, "ebitdaratio": 0.0474108782, "operatingIncome": 1528000000, "operatingIncomeRatio": 0.0369046469, "totalOtherIncomeExpensesNet": -115000000, "incomeBeforeTax": 1413000000, "incomeBeforeTaxRatio": 0.0341271375, "incomeTaxExpense": 248000000, "netIncome": 1145000000, "netIncomeRatio": 0.0276543329, "eps": 7.97, "epsdiluted": 7.49, "weightedAverageShsOut": 140693658, "weightedAverageShsOutDil": 149689816, "link": "https://www.sec.gov/Archives/edgar/data/1144519/000114451921000006/0001144519-21-000006-index.htm", "finalLink": "https://www.sec.gov/Archives/edgar/data/1144519/000114451921000006/bg-20201231.htm", "calculatedOtherExpenses": -125000000, "calculatedOperatingExpenses": 1257000000, "calculatedNetInterest": -243000000, "calculatedOtherIncome": 128000000, "calculatedIncomeNonControlling": 20000000, "calculatedEbitda": 1963000000}, {"date": "2019-12-31", "symbol": "BG", "reportedCurrency": "USD", "cik": "0001144519", "fillingDate": "2020-02-21", "acceptedDate": "2020-02-21 14:58:14", "calendarYear": "2019", "period": "FY", "revenue": 41140000000, "costOfRevenue": 40598000000, "grossProfit": 542000000, "grossProfitRatio": 0.013174526, "researchAndDevelopmentExpenses": 15000000, "generalAndAdministrativeExpenses": 0, "sellingAndMarketingExpenses": 0, "sellingGeneralAndAdministrativeExpenses": 1351000000, "otherExpenses": 173000000, "operatingExpenses": 1351000000, "costAndExpenses": 41949000000, "interestIncome": 31000000, "interestExpense": 339000000, "depreciationAndAmortization": 548000000, "ebitda": -57000000, "ebitdaratio": -0.0013855129, "operatingIncome": -605000000, "operatingIncomeRatio": -0.0147058824, "totalOtherIncomeExpensesNet": -600000000, "incomeBeforeTax": -1205000000, "incomeBeforeTaxRatio": -0.0292902285, "incomeTaxExpense": 86000000, "netIncome": -1291000000, "netIncomeRatio": -0.0313806514, "eps": -9.12, "epsdiluted": -9.12, "weightedAverageShsOut": 141492289, "weightedAverageShsOutDil": 141492289, "link": "https://www.sec.gov/Archives/edgar/data/1144519/000114451920000004/0001144519-20-000004-index.htm", "finalLink": "https://www.sec.gov/Archives/edgar/data/1144519/000114451920000004/bg-12312019x10k.htm", "calculatedOtherExpenses": -219000000, "calculatedOperatingExpenses": 1147000000, "calculatedNetInterest": -308000000, "calculatedOtherIncome": -292000000, "calculatedIncomeNonControlling": 0, "calculatedEbitda": -57000000}, {"date": "2018-12-31", "symbol": "BG", "reportedCurrency": "USD", "cik": "0001144519", "fillingDate": "2019-02-22", "acceptedDate": "2019-02-22 15:19:27", "calendarYear": "2018", "period": "FY", "revenue": 45743000000, "costOfRevenue": 43477000000, "grossProfit": 2266000000, "grossProfitRatio": 0.0495376342, "researchAndDevelopmentExpenses": 15000000, "generalAndAdministrativeExpenses": 1423000000, "sellingAndMarketingExpenses": 0, "sellingGeneralAndAdministrativeExpenses": 1423000000, "otherExpenses": 48000000, "operatingExpenses": 1423000000, "costAndExpenses": 44900000000, "interestIncome": 31000000, "interestExpense": 339000000, "depreciationAndAmortization": 622000000, "ebitda": 1544000000, "ebitdaratio": 0.0337537984, "operatingIncome": 843000000, "operatingIncomeRatio": 0.0184290493, "totalOtherIncomeExpensesNet": -79000000, "incomeBeforeTax": 456000000, "incomeBeforeTaxRatio": 0.0099687384, "incomeTaxExpense": 179000000, "netIncome": 267000000, "netIncomeRatio": 0.0058369587, "eps": 1.89, "epsdiluted": 1.88, "weightedAverageShsOut": 140968980, "weightedAverageShsOutDil": 141703783, "link": "https://www.sec.gov/Archives/edgar/data/1144519/000114451919000006/0001144519-19-000006-index.htm", "finalLink": "https://www.sec.gov/Archives/edgar/data/1144519/000114451919000006/bg-12312018x10k.htm", "calculatedOtherExpenses": -15000000, "calculatedOperatingExpenses": 1423000000, "calculatedNetInterest": -308000000, "calculatedOtherIncome": -79000000, "calculatedIncomeNonControlling": 10000000, "calculatedEbitda": 1465000000}, {"date": "2017-12-31", "symbol": "BG", "reportedCurrency": "USD", "cik": "0001144519", "fillingDate": "2018-02-23", "acceptedDate": "2018-02-23 16:34:06", "calendarYear": "2017", "period": "FY", "revenue": 45794000000, "costOfRevenue": 44030000000, "grossProfit": 1764000000, "grossProfitRatio": 0.0385203302, "researchAndDevelopmentExpenses": 20000000, "generalAndAdministrativeExpenses": 1445000000, "sellingAndMarketingExpenses": 0, "sellingGeneralAndAdministrativeExpenses": 1445000000, "otherExpenses": 49000000, "operatingExpenses": 1445000000, "costAndExpenses": 45475000000, "interestIncome": 38000000, "interestExpense": 263000000, "depreciationAndAmortization": 609000000, "ebitda": 1015000000, "ebitdaratio": 0.0221644757, "operatingIncome": 319000000, "operatingIncomeRatio": 0.0069659781, "totalOtherIncomeExpensesNet": 136000000, "incomeBeforeTax": 230000000, "incomeBeforeTaxRatio": 0.005022492, "incomeTaxExpense": 56000000, "netIncome": 160000000, "netIncomeRatio": 0.0034939075, "eps": 0.9, "epsdiluted": 0.89, "weightedAverageShsOut": 140365549, "weightedAverageShsOutDil": 141265077, "link": "https://www.sec.gov/Archives/edgar/data/1144519/000114451918000008/0001144519-18-000008-index.htm", "finalLink": "https://www.sec.gov/Archives/edgar/data/1144519/000114451918000008/bg-12312017x10k.htm", "calculatedOtherExpenses": -20000000, "calculatedOperatingExpenses": 1445000000, "calculatedNetInterest": -225000000, "calculatedOtherIncome": 136000000, "calculatedIncomeNonControlling": 14000000, "calculatedEbitda": 928000000}, {"date": "2016-12-31", "symbol": "BG", "reportedCurrency": "USD", "cik": "0001144519", "fillingDate": "2017-02-28", "acceptedDate": "2017-02-28 16:19:47", "calendarYear": "2016", "period": "FY", "revenue": 42939000000, "costOfRevenue": 40529000000, "grossProfit": 2410000000, "grossProfitRatio": 0.0561261324, "researchAndDevelopmentExpenses": 17000000, "generalAndAdministrativeExpenses": 1286000000, "sellingAndMarketingExpenses": 0, "sellingGeneralAndAdministrativeExpenses": 1286000000, "otherExpenses": 12000000, "operatingExpenses": 1286000000, "costAndExpenses": 41815000000, "interestIncome": 51000000, "interestExpense": 234000000, "depreciationAndAmortization": 547000000, "ebitda": 1734000000, "ebitdaratio": 0.0403828687, "operatingIncome": 941000000, "operatingIncomeRatio": 0.0219148094, "totalOtherIncomeExpensesNet": 55000000, "incomeBeforeTax": 996000000, "incomeBeforeTaxRatio": 0.0231956962, "incomeTaxExpense": 220000000, "netIncome": 745000000, "netIncomeRatio": 0.0173501945, "eps": 5.07, "epsdiluted": 5.01, "weightedAverageShsOut": 139845124, "weightedAverageShsOutDil": 148226475, "link": "https://www.sec.gov/Archives/edgar/data/1144519/000104746917001059/0001047469-17-001059-index.htm", "finalLink": "https://www.sec.gov/Archives/edgar/data/1144519/000104746917001059/a2230755z10-k.htm", "calculatedOtherExpenses": 166000000, "calculatedOperatingExpenses": 1469000000, "calculatedNetInterest": -183000000, "calculatedOtherIncome": 238000000, "calculatedIncomeNonControlling": 31000000, "calculatedEbitda": 1488000000}, {"date": "2015-12-31", "symbol": "BG", "reportedCurrency": "USD", "cik": "0001144519", "fillingDate": "2016-02-25", "acceptedDate": "2016-02-25 17:05:27", "calendarYear": "2015", "period": "FY", "revenue": 43483000000, "costOfRevenue": 40790000000, "grossProfit": 2693000000, "grossProfitRatio": 0.0619322494, "researchAndDevelopmentExpenses": 16000000, "generalAndAdministrativeExpenses": 1435000000, "sellingAndMarketingExpenses": 0, "sellingGeneralAndAdministrativeExpenses": 1435000000, "otherExpenses": -18000000, "operatingExpenses": 1435000000, "costAndExpenses": 42225000000, "interestIncome": 43000000, "interestExpense": 258000000, "depreciationAndAmortization": 545000000, "ebitda": 1828000000, "ebitdaratio": 0.0420394177, "operatingIncome": 1258000000, "operatingIncomeRatio": 0.0289308465, "totalOtherIncomeExpensesNet": 8000000, "incomeBeforeTax": 1051000000, "incomeBeforeTaxRatio": 0.0241703654, "incomeTaxExpense": 296000000, "netIncome": 791000000, "netIncomeRatio": 0.0181910172, "eps": 5.18, "epsdiluted": 5.07, "weightedAverageShsOut": 142483467, "weightedAverageShsOutDil": 152000000, "link": "https://www.sec.gov/Archives/edgar/data/1144519/000104746916010442/0001047469-16-010442-index.htm", "finalLink": "https://www.sec.gov/Archives/edgar/data/1144519/000104746916010442/a2227431z10-k.htm", "calculatedOtherExpenses": -16000000, "calculatedOperatingExpenses": 1435000000, "calculatedNetInterest": -215000000, "calculatedOtherIncome": 8000000, "calculatedIncomeNonControlling": -36000000, "calculatedEbitda": 1803000000}, {"date": "2014-12-31", "symbol": "BG", "reportedCurrency": "USD", "cik": "0001144519", "fillingDate": "2015-03-02", "acceptedDate": "2015-03-02 06:18:57", "calendarYear": "2014", "period": "FY", "revenue": 57828000000, "costOfRevenue": 55203000000, "grossProfit": 2625000000, "grossProfitRatio": 0.0453932351, "researchAndDevelopmentExpenses": 20000000, "generalAndAdministrativeExpenses": 1691000000, "sellingAndMarketingExpenses": -108000000, "sellingGeneralAndAdministrativeExpenses": 1583000000, "otherExpenses": 29000000, "operatingExpenses": 1583000000, "costAndExpenses": 56786000000, "interestIncome": 87000000, "interestExpense": 282000000, "depreciationAndAmortization": 607000000, "ebitda": 1765000000, "ebitdaratio": 0.0305215467, "operatingIncome": 930000000, "operatingIncomeRatio": 0.0160821747, "totalOtherIncomeExpensesNet": 76000000, "incomeBeforeTax": 923000000, "incomeBeforeTaxRatio": 0.0159611261, "incomeTaxExpense": 294000000, "netIncome": 659000000, "netIncomeRatio": 0.0113958636, "eps": 4.19, "epsdiluted": 4.15, "weightedAverageShsOut": 145703198, "weightedAverageShsOutDil": 147000000, "link": "https://www.sec.gov/Archives/edgar/data/1144519/000104746915001442/0001047469-15-001442-index.htm", "finalLink": "https://www.sec.gov/Archives/edgar/data/1144519/000104746915001442/a2223279z10-k.htm", "calculatedOtherExpenses": 92000000, "calculatedOperatingExpenses": 1695000000, "calculatedNetInterest": -195000000, "calculatedOtherIncome": 188000000, "calculatedIncomeNonControlling": -30000000, "calculatedEbitda": 1537000000}, {"date": "2013-12-31", "symbol": "BG", "reportedCurrency": "USD", "cik": "0001144519", "fillingDate": "2014-02-28", "acceptedDate": "2014-02-28 17:15:37", "calendarYear": "2013", "period": "FY", "revenue": 61347000000, "costOfRevenue": 58587000000, "grossProfit": 2760000000, "grossProfitRatio": 0.0449899751, "researchAndDevelopmentExpenses": 19000000, "generalAndAdministrativeExpenses": 1559000000, "sellingAndMarketingExpenses": 0, "sellingGeneralAndAdministrativeExpenses": 1559000000, "otherExpenses": 47000000, "operatingExpenses": 1559000000, "costAndExpenses": 60146000000, "interestIncome": 76000000, "interestExpense": 363000000, "depreciationAndAmortization": 568000000, "ebitda": 1892000000, "ebitdaratio": 0.0308409539, "operatingIncome": 1201000000, "operatingIncomeRatio": 0.0195771594, "totalOtherIncomeExpensesNet": 100000000, "incomeBeforeTax": 1014000000, "incomeBeforeTaxRatio": 0.0165289256, "incomeTaxExpense": 904000000, "netIncome": 306000000, "netIncomeRatio": 0.004988019, "eps": 1.57, "epsdiluted": 1.55, "weightedAverageShsOut": 147204082, "weightedAverageShsOutDil": 148257309, "link": "https://www.sec.gov/Archives/edgar/data/1144519/000104746914001600/0001047469-14-001600-index.htm", "finalLink": "https://www.sec.gov/Archives/edgar/data/1144519/000104746914001600/a2218521z10-k.htm", "calculatedOtherExpenses": -19000000, "calculatedOperatingExpenses": 1559000000, "calculatedNetInterest": -287000000, "calculatedOtherIncome": 100000000, "calculatedIncomeNonControlling": -196000000, "calculatedEbitda": 1769000000}, {"date": "2012-12-31", "symbol": "BG", "reportedCurrency": "USD", "cik": "0001144519", "fillingDate": "2013-03-01", "acceptedDate": "2013-03-01 16:14:11", "calendarYear": "2012", "period": "FY", "revenue": 60991000000, "costOfRevenue": 58418000000, "grossProfit": 2573000000, "grossProfitRatio": 0.0421865521, "researchAndDevelopmentExpenses": 19000000, "generalAndAdministrativeExpenses": 1563000000, "sellingAndMarketingExpenses": 0, "sellingGeneralAndAdministrativeExpenses": 1563000000, "otherExpenses": -92000000, "operatingExpenses": 1563000000, "costAndExpenses": 59981000000, "interestIncome": 76000000, "interestExpense": 317000000, "depreciationAndAmortization": 570000000, "ebitda": 1564000000, "ebitdaratio": 0.0256431277, "operatingIncome": 1010000000, "operatingIncomeRatio": 0.0165598203, "totalOtherIncomeExpensesNet": -397000000, "incomeBeforeTax": 372000000, "incomeBeforeTaxRatio": 0.0060992605, "incomeTaxExpense": -6000000, "netIncome": 64000000, "netIncomeRatio": 0.0010493351, "eps": 0.19, "epsdiluted": 0.19, "weightedAverageShsOut": 146348499, "weightedAverageShsOutDil": 147000000, "link": "https://www.sec.gov/Archives/edgar/data/1144519/000104746913002069/0001047469-13-002069-index.htm", "finalLink": "https://www.sec.gov/Archives/edgar/data/1144519/000104746913002069/a2213025z10-k.htm", "calculatedOtherExpenses": -19000000, "calculatedOperatingExpenses": 1563000000, "calculatedNetInterest": -241000000, "calculatedOtherIncome": -397000000, "calculatedIncomeNonControlling": 314000000, "calculatedEbitda": 1580000000}, {"date": "2011-12-31", "symbol": "BG", "reportedCurrency": "USD", "cik": "0001144519", "fillingDate": "2012-02-27", "acceptedDate": "2012-02-27 17:14:20", "calendarYear": "2011", "period": "FY", "revenue": 58743000000, "costOfRevenue": 56015000000, "grossProfit": 2728000000, "grossProfitRatio": 0.0464395758, "researchAndDevelopmentExpenses": 0, "generalAndAdministrativeExpenses": 1553000000, "sellingAndMarketingExpenses": 0, "sellingGeneralAndAdministrativeExpenses": 1553000000, "otherExpenses": 0, "operatingExpenses": 1553000000, "costAndExpenses": 57568000000, "interestIncome": 102000000, "interestExpense": 302000000, "depreciationAndAmortization": 526000000, "ebitda": 1803000000, "ebitdaratio": 0.0306930187, "operatingIncome": 1175000000, "operatingIncomeRatio": 0.0200023833, "totalOtherIncomeExpensesNet": -35000000, "incomeBeforeTax": 940000000, "incomeBeforeTaxRatio": 0.0160019066, "incomeTaxExpense": 44000000, "netIncome": 942000000, "netIncomeRatio": 0.0160359532, "eps": 6.07, "epsdiluted": 5.85, "weightedAverageShsOut": 155209045, "weightedAverageShsOutDil": 155209045, "link": "https://www.sec.gov/Archives/edgar/data/1144519/000104746912001630/0001047469-12-001630-index.htm", "finalLink": "https://www.sec.gov/Archives/edgar/data/1144519/000104746912001630/a2207393z10-k.htm", "calculatedOtherExpenses": 0, "calculatedOperatingExpenses": 1553000000, "calculatedNetInterest": -200000000, "calculatedOtherIncome": -35000000, "calculatedIncomeNonControlling": -46000000, "calculatedEbitda": 1701000000}, {"date": "2010-12-31", "symbol": "BG", "reportedCurrency": "USD", "cik": "0001144519", "fillingDate": "2011-03-01", "acceptedDate": "2011-03-01 17:20:41", "calendarYear": "2010", "period": "FY", "revenue": 45707000000, "costOfRevenue": 43196000000, "grossProfit": 2511000000, "grossProfitRatio": 0.0549368806, "researchAndDevelopmentExpenses": 0, "generalAndAdministrativeExpenses": 1558000000, "sellingAndMarketingExpenses": 0, "sellingGeneralAndAdministrativeExpenses": 1558000000, "otherExpenses": 0, "operatingExpenses": 1558000000, "costAndExpenses": 44754000000, "interestIncome": 69000000, "interestExpense": 298000000, "depreciationAndAmortization": 443000000, "ebitda": 1465000000, "ebitdaratio": 0.0320519833, "operatingIncome": 953000000, "operatingIncomeRatio": 0.020850198, "totalOtherIncomeExpensesNet": 2326000000, "incomeBeforeTax": 3050000000, "incomeBeforeTaxRatio": 0.066729385, "incomeTaxExpense": 689000000, "netIncome": 2354000000, "netIncomeRatio": 0.0515019581, "eps": 16.2, "epsdiluted": 15.06, "weightedAverageShsOut": 141191136, "weightedAverageShsOutDil": 156274814, "link": "https://www.sec.gov/Archives/edgar/data/1144519/000104746911001636/0001047469-11-001636-index.htm", "finalLink": "https://www.sec.gov/Archives/edgar/data/1144519/000104746911001636/a2202154z10-k.htm", "calculatedOtherExpenses": 0, "calculatedOperatingExpenses": 1558000000, "calculatedNetInterest": -229000000, "calculatedOtherIncome": 2326000000, "calculatedIncomeNonControlling": 7000000, "calculatedEbitda": 1396000000}, {"date": "2009-12-31", "symbol": "BG", "reportedCurrency": "USD", "cik": "0001144519", "fillingDate": "2010-03-01", "acceptedDate": "2010-03-01 17:23:13", "calendarYear": "2009", "period": "FY", "revenue": 41926000000, "costOfRevenue": 40722000000, "grossProfit": 1204000000, "grossProfitRatio": 0.0287172638, "researchAndDevelopmentExpenses": 0, "generalAndAdministrativeExpenses": 1342000000, "sellingAndMarketingExpenses": 0, "sellingGeneralAndAdministrativeExpenses": 1342000000, "otherExpenses": 0, "operatingExpenses": 1342000000, "costAndExpenses": 42064000000, "interestIncome": 122000000, "interestExpense": 283000000, "depreciationAndAmortization": 443000000, "ebitda": 427000000, "ebitdaratio": 0.010184611, "operatingIncome": -138000000, "operatingIncomeRatio": -0.0032915136, "totalOtherIncomeExpensesNet": 444000000, "incomeBeforeTax": 145000000, "incomeBeforeTaxRatio": 0.0034584745, "incomeTaxExpense": -110000000, "netIncome": 361000000, "netIncomeRatio": 0.0086104088, "eps": 2.11, "epsdiluted": 2.11, "weightedAverageShsOut": 123874575, "weightedAverageShsOutDil": 127669822, "link": "https://www.sec.gov/Archives/edgar/data/1144519/000104746910001666/0001047469-10-001666-index.htm", "finalLink": "https://www.sec.gov/Archives/edgar/data/1144519/000104746910001666/a2196752z10-k.htm", "calculatedOtherExpenses": 0, "calculatedOperatingExpenses": 1342000000, "calculatedNetInterest": -161000000, "calculatedOtherIncome": 444000000, "calculatedIncomeNonControlling": -106000000, "calculatedEbitda": 305000000}, {"date": "2008-12-31", "symbol": "BG", "reportedCurrency": "USD", "cik": "0001144519", "fillingDate": "2009-03-02", "acceptedDate": "2009-03-02 17:19:31", "calendarYear": "2008", "period": "FY", "revenue": 52574000000, "costOfRevenue": 48538000000, "grossProfit": 4036000000, "grossProfitRatio": 0.0767679842, "researchAndDevelopmentExpenses": 0, "generalAndAdministrativeExpenses": 1613000000, "sellingAndMarketingExpenses": 0, "sellingGeneralAndAdministrativeExpenses": 1613000000, "otherExpenses": 0, "operatingExpenses": 1613000000, "costAndExpenses": 50151000000, "interestIncome": 214000000, "interestExpense": 249000000, "depreciationAndAmortization": 439000000, "ebitda": 2215000000, "ebitdaratio": 0.0421310914, "operatingIncome": 2423000000, "operatingIncomeRatio": 0.0460874196, "totalOtherIncomeExpensesNet": 10000000, "incomeBeforeTax": 1537000000, "incomeBeforeTaxRatio": 0.0292349831, "incomeTaxExpense": 245000000, "netIncome": 1064000000, "netIncomeRatio": 0.0202381405, "eps": 8.11, "epsdiluted": 7.73, "weightedAverageShsOut": 121527580, "weightedAverageShsOutDil": 137591266, "link": "https://www.sec.gov/Archives/edgar/data/1144519/000104746909002143/0001047469-09-002143-index.htm", "finalLink": "https://www.sec.gov/Archives/edgar/data/1144519/000104746909002143/a2190837z10-k.htm", "calculatedOtherExpenses": 0, "calculatedOperatingExpenses": 1613000000, "calculatedNetInterest": -35000000, "calculatedOtherIncome": -851000000, "calculatedIncomeNonControlling": 228000000, "calculatedEbitda": 2862000000}, {"date": "2007-12-31", "symbol": "BG", "reportedCurrency": "USD", "cik": "0001144519", "fillingDate": "2008-03-03", "acceptedDate": "2008-03-03 06:59:00", "calendarYear": "2007", "period": "FY", "revenue": 37842000000, "costOfRevenue": 35327000000, "grossProfit": 2515000000, "grossProfitRatio": 0.0664605465, "researchAndDevelopmentExpenses": 0, "generalAndAdministrativeExpenses": 1359000000, "sellingAndMarketingExpenses": 0, "sellingGeneralAndAdministrativeExpenses": 1359000000, "otherExpenses": 0, "operatingExpenses": 1359000000, "costAndExpenses": 36686000000, "interestIncome": 166000000, "interestExpense": -353000000, "depreciationAndAmortization": 385000000, "ebitda": 1309000000, "ebitdaratio": 0.034591195, "operatingIncome": 1156000000, "operatingIncomeRatio": 0.0305480683, "totalOtherIncomeExpensesNet": 265000000, "incomeBeforeTax": 778000000, "incomeBeforeTaxRatio": 0.0205591671, "incomeTaxExpense": 310000000, "netIncome": 778000000, "netIncomeRatio": 0.0205591671, "eps": 6.11, "epsdiluted": 5.95, "weightedAverageShsOut": 120718134, "weightedAverageShsOutDil": 130753807, "link": "https://www.sec.gov/Archives/edgar/data/1144519/000104746908002119/0001047469-08-002119-index.htm", "finalLink": "https://www.sec.gov/Archives/edgar/data/1144519/000104746908002119/a2183015z10-k.htm", "calculatedOtherExpenses": 0, "calculatedOperatingExpenses": 1359000000, "calculatedNetInterest": 519000000, "calculatedOtherIncome": -897000000, "calculatedIncomeNonControlling": -310000000, "calculatedEbitda": 1541000000}, {"date": "2006-12-31", "symbol": "BG", "reportedCurrency": "USD", "cik": "0001144519", "fillingDate": "2007-03-01", "acceptedDate": "2007-03-01 16:17:19", "calendarYear": "2006", "period": "FY", "revenue": 26274000000, "costOfRevenue": 24703000000, "grossProfit": 1571000000, "grossProfitRatio": 0.0597929512, "researchAndDevelopmentExpenses": 0, "generalAndAdministrativeExpenses": 978000000, "sellingAndMarketingExpenses": 0, "sellingGeneralAndAdministrativeExpenses": 978000000, "otherExpenses": 0, "operatingExpenses": 978000000, "costAndExpenses": 25681000000, "interestIncome": 119000000, "interestExpense": -280000000, "depreciationAndAmortization": 324000000, "ebitda": 827000000, "ebitdaratio": 0.0314759839, "operatingIncome": 593000000, "operatingIncomeRatio": 0.0225698409, "totalOtherIncomeExpensesNet": 113000000, "incomeBeforeTax": 522000000, "incomeBeforeTaxRatio": 0.0198675497, "incomeTaxExpense": -36000000, "netIncome": 521000000, "netIncomeRatio": 0.0198294892, "eps": 4.32, "epsdiluted": 4.28, "weightedAverageShsOut": 120601852, "weightedAverageShsOutDil": 121728972, "link": "https://www.sec.gov/Archives/edgar/data/1144519/000110465907015539/0001104659-07-015539-index.htm", "finalLink": "https://www.sec.gov/Archives/edgar/data/1144519/000110465907015539/a07-5412_110k.htm", "calculatedOtherExpenses": 0, "calculatedOperatingExpenses": 978000000, "calculatedNetInterest": 399000000, "calculatedOtherIncome": -470000000, "calculatedIncomeNonControlling": 37000000, "calculatedEbitda": 917000000}, {"date": "2005-12-31", "symbol": "BG", "reportedCurrency": "USD", "cik": "0001144519", "fillingDate": "2006-03-15", "acceptedDate": "2006-03-15 17:25:32", "calendarYear": "2005", "period": "FY", "revenue": 24275000000, "costOfRevenue": 22704000000, "grossProfit": 1571000000, "grossProfitRatio": 0.0647167868, "researchAndDevelopmentExpenses": 0, "generalAndAdministrativeExpenses": 956000000, "sellingAndMarketingExpenses": 0, "sellingGeneralAndAdministrativeExpenses": 956000000, "otherExpenses": 0, "operatingExpenses": 956000000, "costAndExpenses": 23660000000, "interestIncome": 104000000, "interestExpense": -231000000, "depreciationAndAmortization": 278000000, "ebitda": 862000000, "ebitdaratio": 0.0355097837, "operatingIncome": 615000000, "operatingIncomeRatio": 0.0253347065, "totalOtherIncomeExpensesNet": 31000000, "incomeBeforeTax": 519000000, "incomeBeforeTaxRatio": 0.0213800206, "incomeTaxExpense": -82000000, "netIncome": 530000000, "netIncomeRatio": 0.0218331617, "eps": 4.73, "epsdiluted": 4.43, "weightedAverageShsOut": 112050740, "weightedAverageShsOutDil": 119638826, "link": "https://www.sec.gov/Archives/edgar/data/1144519/000110465906016958/0001104659-06-016958-index.htm", "finalLink": "https://www.sec.gov/Archives/edgar/data/1144519/000110465906016958/a06-6603_110k.htm", "calculatedOtherExpenses": 0, "calculatedOperatingExpenses": 956000000, "calculatedNetInterest": 335000000, "calculatedOtherIncome": -431000000, "calculatedIncomeNonControlling": 71000000, "calculatedEbitda": 893000000}, {"date": "2004-12-31", "symbol": "BG", "reportedCurrency": "USD", "cik": "0001144519", "fillingDate": "2005-03-16", "acceptedDate": "2005-03-16 15:41:25", "calendarYear": "2004", "period": "FY", "revenue": 25168000000, "costOfRevenue": 23282000000, "grossProfit": 1886000000, "grossProfitRatio": 0.0749364272, "researchAndDevelopmentExpenses": 0, "generalAndAdministrativeExpenses": 871000000, "sellingAndMarketingExpenses": 0, "sellingGeneralAndAdministrativeExpenses": 871000000, "otherExpenses": 111000000, "operatingExpenses": 982000000, "costAndExpenses": 24264000000, "interestIncome": 103000000, "interestExpense": -214000000, "depreciationAndAmortization": 212000000, "ebitda": 1116000000, "ebitdaratio": 0.0443420216, "operatingIncome": 904000000, "operatingIncomeRatio": 0.0359186268, "totalOtherIncomeExpensesNet": -289000000, "incomeBeforeTax": 904000000, "incomeBeforeTaxRatio": 0.0359186268, "incomeTaxExpense": 289000000, "netIncome": 469000000, "netIncomeRatio": 0.0186347743, "eps": 4.42, "epsdiluted": 4.1, "weightedAverageShsOut": 106108597, "weightedAverageShsOutDil": 114390244, "link": "https://www.sec.gov/Archives/edgar/data/1144519/000104746905006732/0001047469-05-006732-index.htm", "finalLink": "https://www.sec.gov/Archives/edgar/data/1144519/000104746905006732/a2153218z10-k.htm", "calculatedOtherExpenses": 111000000, "calculatedOperatingExpenses": 982000000, "calculatedNetInterest": 317000000, "calculatedOtherIncome": -317000000, "calculatedIncomeNonControlling": 146000000, "calculatedEbitda": 1116000000}, {"date": "2003-12-31", "symbol": "BG", "reportedCurrency": "USD", "cik": "0001144519", "fillingDate": "2004-03-15", "acceptedDate": "2004-03-15 17:30:49", "calendarYear": "2003", "period": "FY", "revenue": 22165000000, "costOfRevenue": 20860000000, "grossProfit": 1305000000, "grossProfitRatio": 0.0588766073, "researchAndDevelopmentExpenses": 0, "generalAndAdministrativeExpenses": 691000000, "sellingAndMarketingExpenses": 0, "sellingGeneralAndAdministrativeExpenses": 691000000, "otherExpenses": -109000000, "operatingExpenses": 582000000, "costAndExpenses": 21442000000, "interestIncome": 102000000, "interestExpense": -215000000, "depreciationAndAmortization": 184000000, "ebitda": 685000000, "ebitdaratio": 0.0309045793, "operatingIncome": 723000000, "operatingIncomeRatio": 0.0326189939, "totalOtherIncomeExpensesNet": 222000000, "incomeBeforeTax": 619000000, "incomeBeforeTaxRatio": 0.0279269118, "incomeTaxExpense": 201000000, "netIncome": 411000000, "netIncomeRatio": 0.0185427476, "eps": 4.12, "epsdiluted": 3.83, "weightedAverageShsOut": 99757282, "weightedAverageShsOutDil": 107310705, "link": "https://www.sec.gov/Archives/edgar/data/1144519/000104746904008058/0001047469-04-008058-index.htm", "finalLink": "https://www.sec.gov/Archives/edgar/data/1144519/000104746904008058/a2130582z20-f.htm", "calculatedOtherExpenses": -109000000, "calculatedOperatingExpenses": 582000000, "calculatedNetInterest": 317000000, "calculatedOtherIncome": -421000000, "calculatedIncomeNonControlling": 7000000, "calculatedEbitda": 907000000}, {"date": "2002-12-31", "symbol": "BG", "reportedCurrency": "USD", "cik": "0001144519", "fillingDate": "2003-03-31", "acceptedDate": "2003-03-31 17:23:30", "calendarYear": "2002", "period": "FY", "revenue": 14074000000, "costOfRevenue": 12743000000, "grossProfit": 1331000000, "grossProfitRatio": 0.0945715504, "researchAndDevelopmentExpenses": 0, "generalAndAdministrativeExpenses": 592000000, "sellingAndMarketingExpenses": 0, "sellingGeneralAndAdministrativeExpenses": 592000000, "otherExpenses": 0, "operatingExpenses": 592000000, "costAndExpenses": 13335000000, "interestIncome": 0, "interestExpense": 0, "depreciationAndAmortization": 171000000, "ebitda": 1083000000, "ebitdaratio": 0.076950405, "operatingIncome": 739000000, "operatingIncomeRatio": 0.0525081711, "totalOtherIncomeExpensesNet": -173000000, "incomeBeforeTax": 382000000, "incomeBeforeTaxRatio": 0.0271422481, "incomeTaxExpense": 104000000, "netIncome": 255000000, "netIncomeRatio": 0.0181185164, "eps": 2.66, "epsdiluted": 2.63, "weightedAverageShsOut": 95864662, "weightedAverageShsOutDil": 96958175, "link": "https://www.sec.gov/Archives/edgar/data/1144519/000104746903011358/0001047469-03-011358-index.htm", "finalLink": "https://www.sec.gov/Archives/edgar/data/1144519/000104746903011358/a2106536z20-f.htm", "calculatedOtherExpenses": 0, "calculatedOperatingExpenses": 592000000, "calculatedNetInterest": 0, "calculatedOtherIncome": -357000000, "calculatedIncomeNonControlling": 23000000, "calculatedEbitda": 910000000}, {"date": "2001-12-31", "symbol": "BG", "reportedCurrency": "USD", "cik": "0001144519", "fillingDate": "2002-03-28", "acceptedDate": "2002-03-28 00:00:00", "calendarYear": "2001", "period": "FY", "revenue": 11484000000, "costOfRevenue": 10507000000, "grossProfit": 977000000, "grossProfitRatio": 0.0850748868, "researchAndDevelopmentExpenses": 0, "generalAndAdministrativeExpenses": 436000000, "sellingAndMarketingExpenses": 0, "sellingGeneralAndAdministrativeExpenses": 436000000, "otherExpenses": -14000000, "operatingExpenses": 422000000, "costAndExpenses": 10929000000, "interestIncome": 0, "interestExpense": 0, "depreciationAndAmortization": 167000000, "ebitda": 888000000, "ebitdaratio": 0.0773249739, "operatingIncome": 555000000, "operatingIncomeRatio": 0.0483281087, "totalOtherIncomeExpensesNet": -166000000, "incomeBeforeTax": 264000000, "incomeBeforeTaxRatio": 0.0229885057, "incomeTaxExpense": 68000000, "netIncome": 134000000, "netIncomeRatio": 0.0116684082, "eps": 1.87, "epsdiluted": 1.86, "weightedAverageShsOut": 71657754, "weightedAverageShsOutDil": 72043011, "link": "https://www.sec.gov/Archives/edgar/data/1144519/000091205702012302/0000912057-02-012302-index.htm", "finalLink": "https://www.sec.gov/Archives/edgar/data/1144519/000091205702012302/a2073364z20-f.htm", "calculatedOtherExpenses": -14000000, "calculatedOperatingExpenses": 422000000, "calculatedNetInterest": 0, "calculatedOtherIncome": -291000000, "calculatedIncomeNonControlling": 62000000, "calculatedEbitda": 722000000}, {"date": "2000-12-31", "symbol": "BG", "reportedCurrency": "USD", "cik": "0001144519", "fillingDate": "2000-12-31", "acceptedDate": "2000-12-30 19:00:00", "calendarYear": "2000", "period": "FY", "revenue": 9667000000, "costOfRevenue": 8935000000, "grossProfit": 732000000, "grossProfitRatio": 0.0757215268, "researchAndDevelopmentExpenses": 0, "generalAndAdministrativeExpenses": 387000000, "sellingAndMarketingExpenses": 0, "sellingGeneralAndAdministrativeExpenses": 387000000, "otherExpenses": 300000000, "operatingExpenses": 687000000, "costAndExpenses": 9622000000, "interestIncome": 0, "interestExpense": 0, "depreciationAndAmortization": 149000000, "ebitda": 468000000, "ebitdaratio": 0.0484121237, "operatingIncome": 45000000, "operatingIncomeRatio": 0.0046550119, "totalOtherIncomeExpensesNet": -274000000, "incomeBeforeTax": 71000000, "incomeBeforeTaxRatio": 0.0073445743, "incomeTaxExpense": 12000000, "netIncome": 12000000, "netIncomeRatio": 0.0012413365, "eps": 0.19, "epsdiluted": 0.19, "weightedAverageShsOut": 64380000, "weightedAverageShsOutDil": 64380000, "link": "", "finalLink": "", "calculatedOtherExpenses": 300000000, "calculatedOperatingExpenses": 687000000, "calculatedNetInterest": 0, "calculatedOtherIncome": 26000000, "calculatedIncomeNonControlling": 47000000, "calculatedEbitda": 194000000}, {"date": "1999-12-31", "symbol": "BG", "reportedCurrency": "USD", "cik": "0001144519", "fillingDate": "1999-12-31", "acceptedDate": "1999-12-30 19:00:00", "calendarYear": "1999", "period": "FY", "revenue": 7950000000, "costOfRevenue": 7332000000, "grossProfit": 618000000, "grossProfitRatio": 0.0777358491, "researchAndDevelopmentExpenses": 0, "generalAndAdministrativeExpenses": 321000000, "sellingAndMarketingExpenses": 0, "sellingGeneralAndAdministrativeExpenses": 321000000, "otherExpenses": 0, "operatingExpenses": 321000000, "costAndExpenses": 7653000000, "interestIncome": 0, "interestExpense": 0, "depreciationAndAmortization": -9000000, "ebitda": 288000000, "ebitdaratio": 0.0362264151, "operatingIncome": 297000000, "operatingIncomeRatio": 0.0373584906, "totalOtherIncomeExpensesNet": 9000000, "incomeBeforeTax": -21000000, "incomeBeforeTaxRatio": -0.0026415094, "incomeTaxExpense": -27000000, "netIncome": -5000000, "netIncomeRatio": -0.0006289308, "eps": -0.08, "epsdiluted": -0.08, "weightedAverageShsOut": 62500000, "weightedAverageShsOutDil": 62500000, "link": "", "finalLink": "", "calculatedOtherExpenses": 0, "calculatedOperatingExpenses": 321000000, "calculatedNetInterest": 0, "calculatedOtherIncome": -318000000, "calculatedIncomeNonControlling": 11000000, "calculatedEbitda": 288000000}]}