{"originalCurrency": "USD", "convertedCurrency": "USD", "report": [{"date": "2023-12-31", "symbol": "BGC", "reportedCurrency": "USD", "cik": "0000000000", "fillingDate": "2023-12-31", "acceptedDate": "2023-12-30 19:00:00", "calendarYear": "2023", "period": "FY", "revenue": 1979979000, "costOfRevenue": 1086775000, "grossProfit": 893204000, "grossProfitRatio": 0.4511179159, "researchAndDevelopmentExpenses": 43300000, "generalAndAdministrativeExpenses": 692662000, "sellingAndMarketingExpenses": 61884000, "sellingGeneralAndAdministrativeExpenses": 754546000, "otherExpenses": -58292000, "operatingExpenses": 754546000, "costAndExpenses": 1841321000, "interestIncome": 45422000, "interestExpense": 77231000, "depreciationAndAmortization": 80417000, "ebitda": 215357000, "ebitdaratio": 0.1087673152, "operatingIncome": 134940000, "operatingIncomeRatio": 0.068152238, "totalOtherIncomeExpensesNet": -49140000, "incomeBeforeTax": 57709000, "incomeBeforeTaxRatio": 0.0291462687, "incomeTaxExpense": 18934000, "netIncome": 36265000, "netIncomeRatio": 0.0183158508, "eps": 0.08, "epsdiluted": 0.07, "weightedAverageShsOut": 489989000, "weightedAverageShsOutDil": 489989000, "link": null, "finalLink": null, "calculatedOtherExpenses": -39582000, "calculatedOperatingExpenses": 758264000, "calculatedNetInterest": -31809000, "calculatedOtherIncome": -45422000, "calculatedIncomeNonControlling": 2510000, "calculatedEbitda": 215357000}, {"date": "2022-12-31", "symbol": "BGC", "reportedCurrency": "USD", "cik": "0000000000", "fillingDate": "2022-12-31", "acceptedDate": "2022-12-31 00:00:00", "calendarYear": "2022", "period": "FY", "revenue": 1795302000, "costOfRevenue": 937104000, "grossProfit": 858198000, "grossProfitRatio": 0.4780243101, "researchAndDevelopmentExpenses": 37100000, "generalAndAdministrativeExpenses": 585433000, "sellingAndMarketingExpenses": 49215000, "sellingGeneralAndAdministrativeExpenses": 634648000, "otherExpenses": -78058000, "operatingExpenses": 634648000, "costAndExpenses": 1571752000, "interestIncome": 21007000, "interestExpense": 57932000, "depreciationAndAmortization": 75054000, "ebitda": 156412000, "ebitdaratio": 0.0871229464, "operatingIncome": 81358000, "operatingIncomeRatio": 0.0453171667, "totalOtherIncomeExpensesNet": 16093000, "incomeBeforeTax": 97451000, "incomeBeforeTaxRatio": 0.0542811182, "incomeTaxExpense": 38584000, "netIncome": 48712000, "netIncomeRatio": 0.0271330395, "eps": 0.13, "epsdiluted": 0.13, "weightedAverageShsOut": 499414000, "weightedAverageShsOutDil": 499414000, "link": null, "finalLink": null, "calculatedOtherExpenses": 105092000, "calculatedOperatingExpenses": 776840000, "calculatedNetInterest": -36925000, "calculatedOtherIncome": 53018000, "calculatedIncomeNonControlling": 10155000, "calculatedEbitda": 156412000}, {"date": "2021-12-31", "symbol": "BGC", "reportedCurrency": "USD", "cik": "0000000000", "fillingDate": "2021-12-31", "acceptedDate": "2021-12-31 00:00:00", "calendarYear": "2021", "period": "FY", "revenue": 2015364000, "costOfRevenue": 1360078000, "grossProfit": 655286000, "grossProfitRatio": 0.3251452343, "researchAndDevelopmentExpenses": 34900000, "generalAndAdministrativeExpenses": 629872000, "sellingAndMarketingExpenses": 38048000, "sellingGeneralAndAdministrativeExpenses": 667920000, "otherExpenses": -61183000, "operatingExpenses": 667920000, "costAndExpenses": 2027998000, "interestIncome": 21977000, "interestExpense": 69329000, "depreciationAndAmortization": 81874000, "ebitda": -67111000, "ebitdaratio": -0.0332996918, "operatingIncome": -148985000, "operatingIncomeRatio": -0.0739246111, "totalOtherIncomeExpensesNet": 325486000, "incomeBeforeTax": 176501000, "incomeBeforeTaxRatio": 0.0875777279, "incomeTaxExpense": 23013000, "netIncome": 124007000, "netIncomeRatio": 0.0615308202, "eps": 0.33, "epsdiluted": 0.32, "weightedAverageShsOut": 540020000, "weightedAverageShsOutDil": 540020000, "link": null, "finalLink": null, "calculatedOtherExpenses": 101451000, "calculatedOperatingExpenses": 804271000, "calculatedNetInterest": -47352000, "calculatedOtherIncome": 372838000, "calculatedIncomeNonControlling": 29481000, "calculatedEbitda": -67111000}, {"date": "2020-12-31", "symbol": "BGC", "reportedCurrency": "USD", "cik": "0000000000", "fillingDate": "2020-12-31", "acceptedDate": "2020-12-31 00:00:00", "calendarYear": "2020", "period": "FY", "revenue": 2056720000, "costOfRevenue": 1214219000, "grossProfit": 842501000, "grossProfitRatio": 0.4096332996, "researchAndDevelopmentExpenses": 33100000, "generalAndAdministrativeExpenses": 567886000, "sellingAndMarketingExpenses": 38167000, "sellingGeneralAndAdministrativeExpenses": 606053000, "otherExpenses": -87353000, "operatingExpenses": 606053000, "costAndExpenses": 1820272000, "interestIncome": 12332000, "interestExpense": 76607000, "depreciationAndAmortization": 84115000, "ebitda": 154118000, "ebitdaratio": 0.0749338753, "operatingIncome": 70003000, "operatingIncomeRatio": 0.0340362324, "totalOtherIncomeExpensesNet": 7902000, "incomeBeforeTax": 77905000, "incomeBeforeTaxRatio": 0.0378782722, "incomeTaxExpense": 21303000, "netIncome": 45062000, "netIncomeRatio": 0.0219096425, "eps": 0.12, "epsdiluted": 0.12, "weightedAverageShsOut": 546848000, "weightedAverageShsOutDil": 546848000, "link": null, "finalLink": null, "calculatedOtherExpenses": 133345000, "calculatedOperatingExpenses": 772498000, "calculatedNetInterest": -64275000, "calculatedOtherIncome": 72177000, "calculatedIncomeNonControlling": 11540000, "calculatedEbitda": 154118000}, {"date": "2019-12-31", "symbol": "BGC", "reportedCurrency": "USD", "cik": "0000000000", "fillingDate": "2019-12-31", "acceptedDate": "2019-12-31 00:00:00", "calendarYear": "2019", "period": "FY", "revenue": 2104231000, "costOfRevenue": 1210893000, "grossProfit": 893338000, "grossProfitRatio": 0.4245436932, "researchAndDevelopmentExpenses": 31000000, "generalAndAdministrativeExpenses": 562568000, "sellingAndMarketingExpenses": 81645000, "sellingGeneralAndAdministrativeExpenses": 644213000, "otherExpenses": -74470000, "operatingExpenses": 644213000, "costAndExpenses": 1855106000, "interestIncome": 18319000, "interestExpense": 59077000, "depreciationAndAmortization": 79466000, "ebitda": 178770000, "ebitdaratio": 0.0849574025, "operatingIncome": 99304000, "operatingIncomeRatio": 0.0471925373, "totalOtherIncomeExpensesNet": 38810000, "incomeBeforeTax": 138114000, "incomeBeforeTaxRatio": 0.0656363299, "incomeTaxExpense": 53171000, "netIncome": 84943000, "netIncomeRatio": 0.0403677163, "eps": 0.18, "epsdiluted": 0.18, "weightedAverageShsOut": 472187000, "weightedAverageShsOutDil": 472187000, "link": null, "finalLink": null, "calculatedOtherExpenses": 118821000, "calculatedOperatingExpenses": 794034000, "calculatedNetInterest": -40758000, "calculatedOtherIncome": 79568000, "calculatedIncomeNonControlling": 0, "calculatedEbitda": 178770000}, {"date": "2018-12-31", "symbol": "BGC", "reportedCurrency": "USD", "cik": "0000000000", "fillingDate": "2018-12-31", "acceptedDate": "2018-12-31 00:00:00", "calendarYear": "2018", "period": "FY", "revenue": 1814023000, "costOfRevenue": 0, "grossProfit": 1814023000, "grossProfitRatio": 1, "researchAndDevelopmentExpenses": 24700000, "generalAndAdministrativeExpenses": 1324707000, "sellingAndMarketingExpenses": 69338000, "sellingGeneralAndAdministrativeExpenses": 1394045000, "otherExpenses": -13841000, "operatingExpenses": 1380204000, "costAndExpenses": 1380204000, "interestIncome": 14404000, "interestExpense": 41733000, "depreciationAndAmortization": 71495000, "ebitda": 221550000, "ebitdaratio": 0.1221318583, "operatingIncome": 150055000, "operatingIncomeRatio": 0.0827194584, "totalOtherIncomeExpensesNet": 29762000, "incomeBeforeTax": 179817000, "incomeBeforeTaxRatio": 0.0991260861, "incomeTaxExpense": 76120000, "netIncome": 197520000, "netIncomeRatio": 0.1088850582, "eps": 0.61, "epsdiluted": 0.61, "weightedAverageShsOut": 322141000, "weightedAverageShsOutDil": 323844000, "link": null, "finalLink": null, "calculatedOtherExpenses": 245223000, "calculatedOperatingExpenses": 1663968000, "calculatedNetInterest": -27329000, "calculatedOtherIncome": 57091000, "calculatedIncomeNonControlling": -93823000, "calculatedEbitda": 221550000}, {"date": "2017-12-31", "symbol": "BGC", "reportedCurrency": "USD", "cik": "0000000000", "fillingDate": "2017-12-31", "acceptedDate": "2017-12-31 00:00:00", "calendarYear": "2017", "period": "FY", "revenue": 3837200000, "costOfRevenue": 3411100000, "grossProfit": 426100000, "grossProfitRatio": 0.1110445116, "researchAndDevelopmentExpenses": 19000000, "generalAndAdministrativeExpenses": 416800000, "sellingAndMarketingExpenses": 114906000, "sellingGeneralAndAdministrativeExpenses": 416800000, "otherExpenses": -100618000, "operatingExpenses": 416800000, "costAndExpenses": 3827900000, "interestIncome": 2000000, "interestExpense": 78700000, "depreciationAndAmortization": 73900000, "ebitda": 113700000, "ebitdaratio": 0.0296309809, "operatingIncome": 39800000, "operatingIncomeRatio": 0.0103721464, "totalOtherIncomeExpensesNet": -78700000, "incomeBeforeTax": -38900000, "incomeBeforeTaxRatio": -0.0101376003, "incomeTaxExpense": 15800000, "netIncome": -54700000, "netIncomeRatio": -0.0142551861, "eps": -1.09, "epsdiluted": -1.09, "weightedAverageShsOut": 50100000, "weightedAverageShsOutDil": 50100000, "link": null, "finalLink": null, "calculatedOtherExpenses": -49500000, "calculatedOperatingExpenses": 386300000, "calculatedNetInterest": -76700000, "calculatedOtherIncome": -2000000, "calculatedIncomeNonControlling": 0, "calculatedEbitda": 113700000}, {"date": "2016-12-31", "symbol": "BGC", "reportedCurrency": "USD", "cik": "0000000000", "fillingDate": "2016-12-31", "acceptedDate": "2016-12-31 00:00:00", "calendarYear": "2016", "period": "FY", "revenue": 3858400000, "costOfRevenue": 3451300000, "grossProfit": 407100000, "grossProfitRatio": 0.105510056, "researchAndDevelopmentExpenses": 24700000, "generalAndAdministrativeExpenses": 408900000, "sellingAndMarketingExpenses": 97852000, "sellingGeneralAndAdministrativeExpenses": 408900000, "otherExpenses": 13711000, "operatingExpenses": 408900000, "costAndExpenses": 3860200000, "interestIncome": 2500000, "interestExpense": 89500000, "depreciationAndAmortization": 700000, "ebitda": -1100000, "ebitdaratio": -0.0002850923, "operatingIncome": -1800000, "operatingIncomeRatio": -0.0004665146, "totalOtherIncomeExpensesNet": -96300000, "incomeBeforeTax": -98100000, "incomeBeforeTaxRatio": -0.0254250467, "incomeTaxExpense": -3700000, "netIncome": -94400000, "netIncomeRatio": -0.0244660999, "eps": -1.9, "epsdiluted": -1.9, "weightedAverageShsOut": 49600000, "weightedAverageShsOutDil": 49600000, "link": null, "finalLink": null, "calculatedOtherExpenses": -24700000, "calculatedOperatingExpenses": 408900000, "calculatedNetInterest": -87000000, "calculatedOtherIncome": -9300000, "calculatedIncomeNonControlling": 0, "calculatedEbitda": -1100000}, {"date": "2015-12-31", "symbol": "BGC", "reportedCurrency": "USD", "cik": "0000000000", "fillingDate": "2015-12-31", "acceptedDate": "2015-12-31 00:00:00", "calendarYear": "2015", "period": "FY", "revenue": 4225100000, "costOfRevenue": 3811300000, "grossProfit": 413800000, "grossProfitRatio": 0.0979385103, "researchAndDevelopmentExpenses": 22900000, "generalAndAdministrativeExpenses": 390800000, "sellingAndMarketingExpenses": 97201000, "sellingGeneralAndAdministrativeExpenses": 390800000, "otherExpenses": -14875000, "operatingExpenses": 390800000, "costAndExpenses": 4202100000, "interestIncome": 1800000, "interestExpense": 94700000, "depreciationAndAmortization": -65900000, "ebitda": -42900000, "ebitdaratio": -0.0101536058, "operatingIncome": 23000000, "operatingIncomeRatio": 0.0054436581, "totalOtherIncomeExpensesNet": -162300000, "incomeBeforeTax": -139300000, "incomeBeforeTaxRatio": -0.0329696339, "incomeTaxExpense": -14700000, "netIncome": -124600000, "netIncomeRatio": -0.0294904263, "eps": -2.55, "epsdiluted": -2.55, "weightedAverageShsOut": 48900000, "weightedAverageShsOutDil": 48900000, "link": null, "finalLink": null, "calculatedOtherExpenses": -22900000, "calculatedOperatingExpenses": 390800000, "calculatedNetInterest": -92900000, "calculatedOtherIncome": -69400000, "calculatedIncomeNonControlling": 0, "calculatedEbitda": -42900000}, {"date": "2014-12-31", "symbol": "BGC", "reportedCurrency": "USD", "cik": "0000000000", "fillingDate": "2014-12-31", "acceptedDate": "2014-12-31 00:00:00", "calendarYear": "2014", "period": "FY", "revenue": 5979800000, "costOfRevenue": 5586600000, "grossProfit": 393200000, "grossProfitRatio": 0.0657547075, "researchAndDevelopmentExpenses": 11400000, "generalAndAdministrativeExpenses": 426700000, "sellingAndMarketingExpenses": 71737000, "sellingGeneralAndAdministrativeExpenses": 426700000, "otherExpenses": -101430000, "operatingExpenses": 426700000, "costAndExpenses": 6013300000, "interestIncome": 4500000, "interestExpense": 116300000, "depreciationAndAmortization": -363500000, "ebitda": -397000000, "ebitdaratio": -0.0663901803, "operatingIncome": -33500000, "operatingIncomeRatio": -0.0056021941, "totalOtherIncomeExpensesNet": -578600000, "incomeBeforeTax": -612100000, "incomeBeforeTaxRatio": -0.102361283, "incomeTaxExpense": 8300000, "netIncome": -620400000, "netIncomeRatio": -0.1037492893, "eps": -12.71, "epsdiluted": -12.71, "weightedAverageShsOut": 48800000, "weightedAverageShsOutDil": 48800000, "link": null, "finalLink": null, "calculatedOtherExpenses": -11400000, "calculatedOperatingExpenses": 426700000, "calculatedNetInterest": -111800000, "calculatedOtherIncome": -466800000, "calculatedIncomeNonControlling": 0, "calculatedEbitda": -397000000}, {"date": "2013-12-31", "symbol": "BGC", "reportedCurrency": "USD", "cik": "0000000000", "fillingDate": "2013-12-31", "acceptedDate": "2013-12-31 00:00:00", "calendarYear": "2013", "period": "FY", "revenue": 6421200000, "costOfRevenue": 5717500000, "grossProfit": 703700000, "grossProfitRatio": 0.1095901078, "researchAndDevelopmentExpenses": 9000000, "generalAndAdministrativeExpenses": 492000000, "sellingAndMarketingExpenses": 81007000, "sellingGeneralAndAdministrativeExpenses": 492000000, "otherExpenses": -104170000, "operatingExpenses": 492000000, "costAndExpenses": 6209500000, "interestIncome": 6900000, "interestExpense": 124900000, "depreciationAndAmortization": 132600000, "ebitda": 151900000, "ebitdaratio": 0.0236560145, "operatingIncome": 19300000, "operatingIncomeRatio": 0.0030056687, "totalOtherIncomeExpensesNet": 7700000, "incomeBeforeTax": 27000000, "incomeBeforeTaxRatio": 0.0042048215, "incomeTaxExpense": 38800000, "netIncome": -11800000, "netIncomeRatio": -0.0018376627, "eps": -0.24, "epsdiluted": -0.24, "weightedAverageShsOut": 49400000, "weightedAverageShsOutDil": 49400000, "link": null, "finalLink": null, "calculatedOtherExpenses": 183400000, "calculatedOperatingExpenses": 684400000, "calculatedNetInterest": -118000000, "calculatedOtherIncome": 125700000, "calculatedIncomeNonControlling": 0, "calculatedEbitda": 151900000}, {"date": "2012-12-31", "symbol": "BGC", "reportedCurrency": "USD", "cik": "0000000000", "fillingDate": "2012-12-31", "acceptedDate": "2012-12-30 19:00:00", "calendarYear": "2012", "period": "FY", "revenue": 1697583000, "costOfRevenue": 5400100000, "grossProfit": -3702517000, "grossProfitRatio": -2.1810521194, "researchAndDevelopmentExpenses": 11400000, "generalAndAdministrativeExpenses": 1263435000, "sellingAndMarketingExpenses": 86040000, "sellingGeneralAndAdministrativeExpenses": 1349475000, "otherExpenses": -64245000, "operatingExpenses": 419400000, "costAndExpenses": 5819500000, "interestIncome": 6506000, "interestExpense": 34885000, "depreciationAndAmortization": 50985000, "ebitda": 102397000, "ebitdaratio": 0.0603192892, "operatingIncome": 194800000, "operatingIncomeRatio": 0.1147513848, "totalOtherIncomeExpensesNet": -112500000, "incomeBeforeTax": 55737000, "incomeBeforeTaxRatio": 0.0328331516, "incomeTaxExpense": 20224000, "netIncome": 23864000, "netIncomeRatio": 0.0140576337, "eps": 0.16, "epsdiluted": 0.16, "weightedAverageShsOut": 144886000, "weightedAverageShsOutDil": 280809000, "link": "", "finalLink": "", "calculatedOtherExpenses": -5258192000, "calculatedOperatingExpenses": -3897317000, "calculatedNetInterest": -28379000, "calculatedOtherIncome": -110684000, "calculatedIncomeNonControlling": 11649000, "calculatedEbitda": 245785000}, {"date": "2011-12-31", "symbol": "BGC", "reportedCurrency": "USD", "cik": "0000000000", "fillingDate": "2011-12-31", "acceptedDate": "2011-12-30 19:00:00", "calendarYear": "2011", "period": "FY", "revenue": 1464685000, "costOfRevenue": 5241100000, "grossProfit": -3776415000, "grossProfitRatio": -2.5783120603, "researchAndDevelopmentExpenses": 0, "generalAndAdministrativeExpenses": 1211172000, "sellingAndMarketingExpenses": 104964000, "sellingGeneralAndAdministrativeExpenses": 1316136000, "otherExpenses": 0, "operatingExpenses": 1385720000, "costAndExpenses": 1385720000, "interestIncome": 24606000, "interestExpense": 24606000, "depreciationAndAmortization": 49281000, "ebitda": 78965000, "ebitdaratio": 0.053912616, "operatingIncome": 248000000, "operatingIncomeRatio": 0.1693196831, "totalOtherIncomeExpensesNet": -123200000, "incomeBeforeTax": 54359000, "incomeBeforeTaxRatio": 0.0371130994, "incomeTaxExpense": 15999000, "netIncome": 20137000, "netIncomeRatio": 0.0137483486, "eps": 0.17, "epsdiluted": 0.17, "weightedAverageShsOut": 116132000, "weightedAverageShsOutDil": 116514000, "link": "", "finalLink": "", "calculatedOtherExpenses": -5340551000, "calculatedOperatingExpenses": -4024415000, "calculatedNetInterest": 0, "calculatedOtherIncome": -193641000, "calculatedIncomeNonControlling": 18223000, "calculatedEbitda": 297281000}, {"date": "2010-12-31", "symbol": "BGC", "reportedCurrency": "USD", "cik": "0000000000", "fillingDate": "2010-12-31", "acceptedDate": "2010-12-30 19:00:00", "calendarYear": "2010", "period": "FY", "revenue": 1331112000, "costOfRevenue": 4310900000, "grossProfit": -2979788000, "grossProfitRatio": -2.2385704584, "researchAndDevelopmentExpenses": 0, "generalAndAdministrativeExpenses": 1112481000, "sellingAndMarketingExpenses": 88121000, "sellingGeneralAndAdministrativeExpenses": 1200602000, "otherExpenses": 0, "operatingExpenses": 1260117000, "costAndExpenses": 1260117000, "interestIncome": 14080000, "interestExpense": 14080000, "depreciationAndAmortization": 50180000, "ebitda": 70995000, "ebitdaratio": 0.0533351063, "operatingIncome": 222400000, "operatingIncomeRatio": 0.1670783525, "totalOtherIncomeExpensesNet": -99700000, "incomeBeforeTax": 56915000, "incomeBeforeTaxRatio": 0.042757484, "incomeTaxExpense": 11543000, "netIncome": 21162000, "netIncomeRatio": 0.015897986, "eps": 0.24, "epsdiluted": 0.24, "weightedAverageShsOut": 88294000, "weightedAverageShsOutDil": 228568000, "link": "", "finalLink": "", "calculatedOtherExpenses": -4402790000, "calculatedOperatingExpenses": -3202188000, "calculatedNetInterest": 0, "calculatedOtherIncome": -165485000, "calculatedIncomeNonControlling": 24210000, "calculatedEbitda": 272580000}, {"date": "2009-12-31", "symbol": "BGC", "reportedCurrency": "USD", "cik": "0000000000", "fillingDate": "2009-12-31", "acceptedDate": "2009-12-30 19:00:00", "calendarYear": "2009", "period": "FY", "revenue": 1162322000, "costOfRevenue": 3787900000, "grossProfit": -2625578000, "grossProfitRatio": -2.2589076005, "researchAndDevelopmentExpenses": 0, "generalAndAdministrativeExpenses": 964144000, "sellingAndMarketingExpenses": 73973000, "sellingGeneralAndAdministrativeExpenses": 1038117000, "otherExpenses": 0, "operatingExpenses": 1087914000, "costAndExpenses": 1087914000, "interestIncome": 9920000, "interestExpense": 9920000, "depreciationAndAmortization": 52974000, "ebitda": 74408000, "ebitdaratio": 0.0640166838, "operatingIncome": 257700000, "operatingIncomeRatio": 0.2217113674, "totalOtherIncomeExpensesNet": -83600000, "incomeBeforeTax": 64488000, "incomeBeforeTaxRatio": 0.0554820437, "incomeTaxExpense": 23675000, "netIncome": 20025000, "netIncomeRatio": 0.0172284444, "eps": 0.25, "epsdiluted": 0.24, "weightedAverageShsOut": 80350000, "weightedAverageShsOutDil": 211036000, "link": "", "finalLink": "", "calculatedOtherExpenses": -3921395000, "calculatedOperatingExpenses": -2883278000, "calculatedNetInterest": 0, "calculatedOtherIncome": -193212000, "calculatedIncomeNonControlling": 20788000, "calculatedEbitda": 310674000}, {"date": "2008-12-31", "symbol": "BGC", "reportedCurrency": "USD", "cik": "0000000000", "fillingDate": "2008-12-31", "acceptedDate": "2008-12-30 19:00:00", "calendarYear": "2008", "period": "FY", "revenue": 1228932000, "costOfRevenue": 5427700000, "grossProfit": -4198768000, "grossProfitRatio": -3.4165991283, "researchAndDevelopmentExpenses": 0, "generalAndAdministrativeExpenses": 1101545000, "sellingAndMarketingExpenses": 62087000, "sellingGeneralAndAdministrativeExpenses": 1163632000, "otherExpenses": 0, "operatingExpenses": 1163632000, "costAndExpenses": 1163632000, "interestIncome": 12300000, "interestExpense": 68100000, "depreciationAndAmortization": 86931000, "ebitda": 193600000, "ebitdaratio": 0.1575351606, "operatingIncome": 421400000, "operatingIncomeRatio": 0.342899363, "totalOtherIncomeExpensesNet": -41369000, "incomeBeforeTax": 9774000, "incomeBeforeTaxRatio": 0.0079532472, "incomeTaxExpense": 20115000, "netIncome": -29709000, "netIncomeRatio": -0.0241746492, "eps": -0.28, "epsdiluted": -0.28, "weightedAverageShsOut": 105771000, "weightedAverageShsOutDil": 105771000, "link": "", "finalLink": "", "calculatedOtherExpenses": -5783800000, "calculatedOperatingExpenses": -4620168000, "calculatedNetInterest": -55800000, "calculatedOtherIncome": -355826000, "calculatedIncomeNonControlling": 19368000, "calculatedEbitda": 508331000}, {"date": "2007-12-31", "symbol": "BGC", "reportedCurrency": "USD", "cik": "0000000000", "fillingDate": "2007-12-31", "acceptedDate": "2007-12-30 19:00:00", "calendarYear": "2007", "period": "FY", "revenue": 159215000, "costOfRevenue": 3952100000, "grossProfit": -3792885000, "grossProfitRatio": -23.8224099488, "researchAndDevelopmentExpenses": 0, "generalAndAdministrativeExpenses": 296600000, "sellingAndMarketingExpenses": -130349000, "sellingGeneralAndAdministrativeExpenses": 166251000, "otherExpenses": -25300000, "operatingExpenses": 186582000, "costAndExpenses": 186582000, "interestIncome": 0, "interestExpense": 58100000, "depreciationAndAmortization": 31482000, "ebitda": 15513000, "ebitdaratio": 0.097434287, "operatingIncome": 366100000, "operatingIncomeRatio": 2.299406463, "totalOtherIncomeExpensesNet": -11398000, "incomeBeforeTax": -38765000, "incomeBeforeTaxRatio": -0.2434758032, "incomeTaxExpense": -6267000, "netIncome": -32498000, "netIncomeRatio": -0.204113934, "eps": -0.18, "epsdiluted": -0.18, "weightedAverageShsOut": 184326000, "weightedAverageShsOutDil": 185482000, "link": "", "finalLink": "", "calculatedOtherExpenses": -4325236000, "calculatedOperatingExpenses": -4158985000, "calculatedNetInterest": -58100000, "calculatedOtherIncome": -346765000, "calculatedIncomeNonControlling": 0, "calculatedEbitda": 397582000}, {"date": "2006-12-31", "symbol": "BGC", "reportedCurrency": "USD", "cik": "0000000000", "fillingDate": "2006-12-31", "acceptedDate": "2006-12-30 19:00:00", "calendarYear": "2006", "period": "FY", "revenue": 164306000, "costOfRevenue": 3194100000, "grossProfit": -3029794000, "grossProfitRatio": -18.4399474152, "researchAndDevelopmentExpenses": 0, "generalAndAdministrativeExpenses": 235100000, "sellingAndMarketingExpenses": -114040000, "sellingGeneralAndAdministrativeExpenses": 121060000, "otherExpenses": 0, "operatingExpenses": 145126000, "costAndExpenses": 145126000, "interestIncome": 0, "interestExpense": 35700000, "depreciationAndAmortization": 36701000, "ebitda": 64557000, "ebitdaratio": 0.3929071367, "operatingIncome": 235900000, "operatingIncomeRatio": 1.4357357613, "totalOtherIncomeExpensesNet": -8676000, "incomeBeforeTax": 7004000, "incomeBeforeTaxRatio": 0.0426277799, "incomeTaxExpense": 2614000, "netIncome": 4390000, "netIncomeRatio": 0.02671844, "eps": 0.09, "epsdiluted": 0.09, "weightedAverageShsOut": 50214000, "weightedAverageShsOutDil": 51258000, "link": "", "finalLink": "", "calculatedOtherExpenses": -3386754000, "calculatedOperatingExpenses": -3265694000, "calculatedNetInterest": -35700000, "calculatedOtherIncome": -193196000, "calculatedIncomeNonControlling": 0, "calculatedEbitda": 272601000}, {"date": "2005-12-31", "symbol": "BGC", "reportedCurrency": "USD", "cik": "0000000000", "fillingDate": "2005-12-31", "acceptedDate": "2005-12-30 19:00:00", "calendarYear": "2005", "period": "FY", "revenue": 152943000, "costOfRevenue": 9896000, "grossProfit": 143047000, "grossProfitRatio": 0.9352961561, "researchAndDevelopmentExpenses": 0, "generalAndAdministrativeExpenses": 172200000, "sellingAndMarketingExpenses": -58410000, "sellingGeneralAndAdministrativeExpenses": 113790000, "otherExpenses": 0, "operatingExpenses": 134242000, "costAndExpenses": 144138000, "interestIncome": 0, "interestExpense": 37500000, "depreciationAndAmortization": 33304000, "ebitda": 46807000, "ebitdaratio": 0.3060421203, "operatingIncome": 98500000, "operatingIncomeRatio": 0.6440307827, "totalOtherIncomeExpensesNet": -4698000, "incomeBeforeTax": 3092000, "incomeBeforeTaxRatio": 0.020216682, "incomeTaxExpense": 1048000, "netIncome": 2044000, "netIncomeRatio": 0.013364456, "eps": 0.03, "epsdiluted": 0.03, "weightedAverageShsOut": 51349000, "weightedAverageShsOutDil": 52066000, "link": "", "finalLink": "", "calculatedOtherExpenses": -69243000, "calculatedOperatingExpenses": 44547000, "calculatedNetInterest": -37500000, "calculatedOtherIncome": -57908000, "calculatedIncomeNonControlling": 0, "calculatedEbitda": 131804000}, {"date": "2004-12-31", "symbol": "BGC", "reportedCurrency": "USD", "cik": "0000000000", "fillingDate": "2004-12-31", "acceptedDate": "2004-12-30 19:00:00", "calendarYear": "2004", "period": "FY", "revenue": 166509000, "costOfRevenue": 8219000, "grossProfit": 158290000, "grossProfitRatio": 0.9506393048, "researchAndDevelopmentExpenses": 0, "generalAndAdministrativeExpenses": 158200000, "sellingAndMarketingExpenses": -65576000, "sellingGeneralAndAdministrativeExpenses": 92624000, "otherExpenses": 0, "operatingExpenses": 109715000, "costAndExpenses": 117934000, "interestIncome": 0, "interestExpense": 36700000, "depreciationAndAmortization": 25164000, "ebitda": 80007000, "ebitdaratio": 0.4804965497, "operatingIncome": 56500000, "operatingIncomeRatio": 0.3393209977, "totalOtherIncomeExpensesNet": -6268000, "incomeBeforeTax": 42307000, "incomeBeforeTaxRatio": 0.2540823619, "incomeTaxExpense": 16457000, "netIncome": 25850000, "netIncomeRatio": 0.1552468635, "eps": 0.45, "epsdiluted": 0.44, "weightedAverageShsOut": 54978000, "weightedAverageShsOutDil": 56318000, "link": "", "finalLink": "", "calculatedOtherExpenses": 9166000, "calculatedOperatingExpenses": 101790000, "calculatedNetInterest": -36700000, "calculatedOtherIncome": 22507000, "calculatedIncomeNonControlling": 0, "calculatedEbitda": 81664000}, {"date": "2003-12-31", "symbol": "BGC", "reportedCurrency": "USD", "cik": "0000000000", "fillingDate": "2003-12-31", "acceptedDate": "2003-12-30 19:00:00", "calendarYear": "2003", "period": "FY", "revenue": 156615000, "costOfRevenue": 1365000000, "grossProfit": -1208385000, "grossProfitRatio": -7.7156402643, "researchAndDevelopmentExpenses": 0, "generalAndAdministrativeExpenses": 127700000, "sellingAndMarketingExpenses": -38135000, "sellingGeneralAndAdministrativeExpenses": 89565000, "otherExpenses": 0, "operatingExpenses": 91732000, "costAndExpenses": 91732000, "interestIncome": 0, "interestExpense": 47600000, "depreciationAndAmortization": 20211000, "ebitda": 96741000, "ebitdaratio": 0.6176994541, "operatingIncome": 45700000, "operatingIncomeRatio": 0.291798359, "totalOtherIncomeExpensesNet": -11647000, "incomeBeforeTax": 53236000, "incomeBeforeTaxRatio": 0.3399163554, "incomeTaxExpense": 17140000, "netIncome": 36096000, "netIncomeRatio": 0.230476008, "eps": 0.66, "epsdiluted": 0.63, "weightedAverageShsOut": 55345000, "weightedAverageShsOutDil": 57499000, "link": "", "finalLink": "", "calculatedOtherExpenses": -1343650000, "calculatedOperatingExpenses": -1254085000, "calculatedNetInterest": -47600000, "calculatedOtherIncome": 55136000, "calculatedIncomeNonControlling": 0, "calculatedEbitda": 65911000}, {"date": "2002-12-31", "symbol": "BGC", "reportedCurrency": "USD", "cik": "0000000000", "fillingDate": "2002-12-31", "acceptedDate": "2002-12-30 19:00:00", "calendarYear": "2002", "period": "FY", "revenue": 139238011, "costOfRevenue": 1287300000, "grossProfit": -1148061989, "grossProfitRatio": -8.2453202308, "researchAndDevelopmentExpenses": 0, "generalAndAdministrativeExpenses": 150900000, "sellingAndMarketingExpenses": -52906401, "sellingGeneralAndAdministrativeExpenses": 97993599, "otherExpenses": 0, "operatingExpenses": 97993599, "costAndExpenses": 97993599, "interestIncome": 0, "interestExpense": 43700000, "depreciationAndAmortization": 16012981, "ebitda": 43224000, "ebitdaratio": 0.3104324724, "operatingIncome": 15700000, "operatingIncomeRatio": 0.1127565662, "totalOtherIncomeExpensesNet": 14033393, "incomeBeforeTax": 42444919, "incomeBeforeTaxRatio": 0.304837154, "incomeTaxExpense": 478567, "netIncome": 41966352, "netIncomeRatio": 0.3014001112, "eps": 0.76, "epsdiluted": 0.74, "weightedAverageShsOut": 54991000, "weightedAverageShsOutDil": 56784000, "link": "", "finalLink": "", "calculatedOtherExpenses": -1261755588, "calculatedOperatingExpenses": -1163761989, "calculatedNetInterest": -43700000, "calculatedOtherIncome": 70444919, "calculatedIncomeNonControlling": 0, "calculatedEbitda": 31712981}, {"date": "2001-12-31", "symbol": "BGC", "reportedCurrency": "USD", "cik": "0000000000", "fillingDate": "2001-12-31", "acceptedDate": "2001-12-30 19:00:00", "calendarYear": "2001", "period": "FY", "revenue": 116612920, "costOfRevenue": 1411000000, "grossProfit": -1294387080, "grossProfitRatio": -11.0998599469, "researchAndDevelopmentExpenses": 0, "generalAndAdministrativeExpenses": 140000000, "sellingAndMarketingExpenses": -14392102, "sellingGeneralAndAdministrativeExpenses": 125607898, "otherExpenses": -4000000, "operatingExpenses": 125607898, "costAndExpenses": 125607898, "interestIncome": 0, "interestExpense": 46000000, "depreciationAndAmortization": 5975471, "ebitda": 11457361, "ebitdaratio": 0.0982512144, "operatingIncome": 104000000, "operatingIncomeRatio": 0.8918394291, "totalOtherIncomeExpensesNet": -14476868, "incomeBeforeTax": -17795952, "incomeBeforeTaxRatio": -0.1526070353, "incomeTaxExpense": 531000, "netIncome": -18326952, "netIncomeRatio": -0.1571605616, "eps": -0.34, "epsdiluted": -0.34, "weightedAverageShsOut": 54296811, "weightedAverageShsOutDil": 54296811, "link": "", "finalLink": "", "calculatedOtherExpenses": -1523994978, "calculatedOperatingExpenses": -1398387080, "calculatedNetInterest": -46000000, "calculatedOtherIncome": -75795952, "calculatedIncomeNonControlling": 0, "calculatedEbitda": 109975471}, {"date": "2000-12-31", "symbol": "BGC", "reportedCurrency": "USD", "cik": "0000000000", "fillingDate": "2000-12-31", "acceptedDate": "2000-12-30 19:00:00", "calendarYear": "2000", "period": "FY", "revenue": 110590075, "costOfRevenue": -6098754, "grossProfit": 116688829, "grossProfitRatio": 1.05514739, "researchAndDevelopmentExpenses": 0, "generalAndAdministrativeExpenses": 252400000, "sellingAndMarketingExpenses": -83147026, "sellingGeneralAndAdministrativeExpenses": 169252974, "otherExpenses": 56000000, "operatingExpenses": 175351728, "costAndExpenses": 169252974, "interestIncome": 0, "interestExpense": 111400000, "depreciationAndAmortization": 6098754, "ebitda": -42880369, "ebitdaratio": -0.3877415672, "operatingIncome": 36200000, "operatingIncomeRatio": 0.3273349801, "totalOtherIncomeExpensesNet": -9683776, "incomeBeforeTax": -60005860, "incomeBeforeTaxRatio": -0.5425971544, "incomeTaxExpense": 406125, "netIncome": -60411985, "netIncomeRatio": -0.5462695002, "eps": -1.17, "epsdiluted": -1.17, "weightedAverageShsOut": 51482505, "weightedAverageShsOutDil": 51482505, "link": "", "finalLink": "", "calculatedOtherExpenses": -88764145, "calculatedOperatingExpenses": 80488829, "calculatedNetInterest": -111400000, "calculatedOtherIncome": 15194140, "calculatedIncomeNonControlling": 0, "calculatedEbitda": 42298754}, {"date": "1999-12-31", "symbol": "BGC", "reportedCurrency": "USD", "cik": "0000000000", "fillingDate": "1999-12-31", "acceptedDate": "1999-12-30 19:00:00", "calendarYear": "1999", "period": "FY", "revenue": 37900000, "costOfRevenue": -500000, "grossProfit": 38400000, "grossProfitRatio": 1.0131926121, "researchAndDevelopmentExpenses": 0, "generalAndAdministrativeExpenses": 241700000, "sellingAndMarketingExpenses": -193300000, "sellingGeneralAndAdministrativeExpenses": 48400000, "otherExpenses": 32400000, "operatingExpenses": 51500000, "costAndExpenses": 51000000, "interestIncome": 0, "interestExpense": 72200000, "depreciationAndAmortization": 3100000, "ebitda": -10000000, "ebitdaratio": -0.2638522427, "operatingIncome": 100800000, "operatingIncomeRatio": 2.6596306069, "totalOtherIncomeExpensesNet": -72200000, "incomeBeforeTax": -12800000, "incomeBeforeTaxRatio": -0.3377308707, "incomeTaxExpense": -200000, "netIncome": -12600000, "netIncomeRatio": -0.3324538259, "eps": -0.28, "epsdiluted": -0.28, "weightedAverageShsOut": 44495000, "weightedAverageShsOutDil": 44495000, "link": "", "finalLink": "", "calculatedOtherExpenses": -110800000, "calculatedOperatingExpenses": -62400000, "calculatedNetInterest": -72200000, "calculatedOtherIncome": -41400000, "calculatedIncomeNonControlling": 0, "calculatedEbitda": 103900000}, {"date": "1998-12-31", "symbol": "BGC", "reportedCurrency": "USD", "cik": "0000000000", "fillingDate": "1998-12-31", "acceptedDate": "1998-12-30 19:00:00", "calendarYear": "1998", "period": "FY", "revenue": 1150500000, "costOfRevenue": 882200000, "grossProfit": 268300000, "grossProfitRatio": 0.2332029552, "researchAndDevelopmentExpenses": 0, "generalAndAdministrativeExpenses": 120200000, "sellingAndMarketingExpenses": 0, "sellingGeneralAndAdministrativeExpenses": 120200000, "otherExpenses": 18500000, "operatingExpenses": 138700000, "costAndExpenses": 1020900000, "interestIncome": 0, "interestExpense": 15700000, "depreciationAndAmortization": 18500000, "ebitda": 147200000, "ebitdaratio": 0.127944372, "operatingIncome": 129600000, "operatingIncomeRatio": 0.1126466754, "totalOtherIncomeExpensesNet": -15700000, "incomeBeforeTax": 113900000, "incomeBeforeTaxRatio": 0.0990004346, "incomeTaxExpense": 42700000, "netIncome": 71200000, "netIncomeRatio": 0.0618861365, "eps": 1.93, "epsdiluted": 1.9, "weightedAverageShsOut": 36800000, "weightedAverageShsOutDil": 37500000, "link": "", "finalLink": "", "calculatedOtherExpenses": 18500000, "calculatedOperatingExpenses": 138700000, "calculatedNetInterest": -15700000, "calculatedOtherIncome": 0, "calculatedIncomeNonControlling": 0, "calculatedEbitda": 148100000}, {"date": "1997-12-31", "symbol": "BGC", "reportedCurrency": "USD", "cik": "0000000000", "fillingDate": "1997-12-31", "acceptedDate": "1997-12-30 19:00:00", "calendarYear": "1997", "period": "FY", "revenue": 1134500000, "costOfRevenue": 895200000, "grossProfit": 239300000, "grossProfitRatio": 0.2109299251, "researchAndDevelopmentExpenses": 0, "generalAndAdministrativeExpenses": 120900000, "sellingAndMarketingExpenses": 0, "sellingGeneralAndAdministrativeExpenses": 120900000, "otherExpenses": 13900000, "operatingExpenses": 134800000, "costAndExpenses": 1030000000, "interestIncome": 0, "interestExpense": 17300000, "depreciationAndAmortization": 13900000, "ebitda": 117600000, "ebitdaratio": 0.1036579991, "operatingIncome": 104500000, "operatingIncomeRatio": 0.0921110621, "totalOtherIncomeExpensesNet": -17300000, "incomeBeforeTax": 87200000, "incomeBeforeTaxRatio": 0.0768620538, "incomeTaxExpense": 34000000, "netIncome": 53200000, "netIncomeRatio": 0.0468929044, "eps": 1.45, "epsdiluted": 1.44, "weightedAverageShsOut": 36600000, "weightedAverageShsOutDil": 36900000, "link": "", "finalLink": "", "calculatedOtherExpenses": 13900000, "calculatedOperatingExpenses": 134800000, "calculatedNetInterest": -17300000, "calculatedOtherIncome": 0, "calculatedIncomeNonControlling": 0, "calculatedEbitda": 118400000}, {"date": "1996-12-31", "symbol": "BGC", "reportedCurrency": "USD", "cik": "0000000000", "fillingDate": "1996-12-31", "acceptedDate": "1996-12-30 19:00:00", "calendarYear": "1996", "period": "FY", "revenue": 1043600000, "costOfRevenue": 843200000, "grossProfit": 200400000, "grossProfitRatio": 0.1920275968, "researchAndDevelopmentExpenses": 0, "generalAndAdministrativeExpenses": 109800000, "sellingAndMarketingExpenses": 0, "sellingGeneralAndAdministrativeExpenses": 109800000, "otherExpenses": 12100000, "operatingExpenses": 121900000, "costAndExpenses": 965100000, "interestIncome": 0, "interestExpense": 19600000, "depreciationAndAmortization": 12100000, "ebitda": 89500000, "ebitdaratio": 0.0857608279, "operatingIncome": 78500000, "operatingIncomeRatio": 0.075220391, "totalOtherIncomeExpensesNet": -19600000, "incomeBeforeTax": 58900000, "incomeBeforeTaxRatio": 0.0564392488, "incomeTaxExpense": 19700000, "netIncome": 39200000, "netIncomeRatio": 0.0375622844, "eps": 1.08, "epsdiluted": 1.08, "weightedAverageShsOut": 36296296, "weightedAverageShsOutDil": 36296296, "link": "", "finalLink": "", "calculatedOtherExpenses": 12100000, "calculatedOperatingExpenses": 121900000, "calculatedNetInterest": -19600000, "calculatedOtherIncome": 0, "calculatedIncomeNonControlling": 0, "calculatedEbitda": 90600000}]}