{"originalCurrency": "USD", "convertedCurrency": "USD", "report": [{"date": "2023-12-31", "symbol": "BHC", "reportedCurrency": "USD", "cik": "0000885590", "fillingDate": "2024-02-22", "acceptedDate": "2024-02-22 17:04:26", "calendarYear": "2023", "period": "FY", "revenue": 8757000000, "costOfRevenue": 2559000000, "grossProfit": 6198000000, "grossProfitRatio": 0.7077766358, "researchAndDevelopmentExpenses": 604000000, "generalAndAdministrativeExpenses": 2292000000, "sellingAndMarketingExpenses": 625000000, "sellingGeneralAndAdministrativeExpenses": 2917000000, "otherExpenses": -1000000, "operatingExpenses": 4598000000, "costAndExpenses": 7157000000, "interestIncome": 26000000, "interestExpense": 1328000000, "depreciationAndAmortization": 1264000000, "ebitda": 2889000000, "ebitdaratio": 0.3299075026, "operatingIncome": 963000000, "operatingIncomeRatio": 0.1099691675, "totalOtherIncomeExpensesNet": -688000000, "incomeBeforeTax": -390000000, "incomeBeforeTaxRatio": -0.0445357999, "incomeTaxExpense": 221000000, "netIncome": -592000000, "netIncomeRatio": -0.0676030604, "eps": -1.62, "epsdiluted": -1.62, "weightedAverageShsOut": 364900000, "weightedAverageShsOutDil": 364900000, "link": "https://www.sec.gov/Archives/edgar/data/885590/000088559024000011/0000885590-24-000011-index.htm", "finalLink": "https://www.sec.gov/Archives/edgar/data/885590/000088559024000011/bhc-20231231.htm", "calculatedOtherExpenses": 1714000000, "calculatedOperatingExpenses": 5235000000, "calculatedNetInterest": -1302000000, "calculatedOtherIncome": -51000000, "calculatedIncomeNonControlling": -19000000, "calculatedEbitda": 2227000000}, {"date": "2022-12-31", "symbol": "BHC", "reportedCurrency": "USD", "cik": "0000885590", "fillingDate": "2023-02-23", "acceptedDate": "2023-02-23 16:37:29", "calendarYear": "2022", "period": "FY", "revenue": 8124000000, "costOfRevenue": 2364000000, "grossProfit": 5760000000, "grossProfitRatio": 0.7090103397, "researchAndDevelopmentExpenses": 529000000, "generalAndAdministrativeExpenses": 2107000000, "sellingAndMarketingExpenses": 518000000, "sellingGeneralAndAdministrativeExpenses": 2625000000, "otherExpenses": 1250000000, "operatingExpenses": 4404000000, "costAndExpenses": 6768000000, "interestIncome": 14000000, "interestExpense": 1464000000, "depreciationAndAmortization": 1215000000, "ebitda": 2585000000, "ebitdaratio": 0.3181930084, "operatingIncome": 1370000000, "operatingIncomeRatio": 0.1686361398, "totalOtherIncomeExpensesNet": -1499000000, "incomeBeforeTax": -129000000, "incomeBeforeTaxRatio": -0.0158788774, "incomeTaxExpense": 83000000, "netIncome": -212000000, "netIncomeRatio": -0.0260955194, "eps": -0.59, "epsdiluted": -0.59, "weightedAverageShsOut": 362000000, "weightedAverageShsOutDil": 362000000, "link": "https://www.sec.gov/Archives/edgar/data/885590/000088559023000009/0000885590-23-000009-index.htm", "finalLink": "https://www.sec.gov/Archives/edgar/data/885590/000088559023000009/bhc-20221231.htm", "calculatedOtherExpenses": 1236000000, "calculatedOperatingExpenses": 4390000000, "calculatedNetInterest": -1450000000, "calculatedOtherIncome": -49000000, "calculatedIncomeNonControlling": 0, "calculatedEbitda": 2585000000}, {"date": "2021-12-31", "symbol": "BHC", "reportedCurrency": "USD", "cik": "0000885590", "fillingDate": "2022-02-23", "acceptedDate": "2022-02-23 17:28:45", "calendarYear": "2021", "period": "FY", "revenue": 8434000000, "costOfRevenue": 2394000000, "grossProfit": 6040000000, "grossProfitRatio": 0.716148921, "researchAndDevelopmentExpenses": 465000000, "generalAndAdministrativeExpenses": 2109000000, "sellingAndMarketingExpenses": 515000000, "sellingGeneralAndAdministrativeExpenses": 2624000000, "otherExpenses": 1748000000, "operatingExpenses": 4837000000, "costAndExpenses": 7231000000, "interestIncome": 7000000, "interestExpense": 1426000000, "depreciationAndAmortization": 1375000000, "ebitda": 2585000000, "ebitdaratio": 0.3064975101, "operatingIncome": 1210000000, "operatingIncomeRatio": 0.1434669196, "totalOtherIncomeExpensesNet": -2234000000, "incomeBeforeTax": -1024000000, "incomeBeforeTaxRatio": -0.121413327, "incomeTaxExpense": -87000000, "netIncome": -937000000, "netIncomeRatio": -0.1110979369, "eps": -2.61, "epsdiluted": -2.61, "weightedAverageShsOut": 358900000, "weightedAverageShsOutDil": 358900000, "link": "https://www.sec.gov/Archives/edgar/data/885590/000088559022000010/0000885590-22-000010-index.htm", "finalLink": "https://www.sec.gov/Archives/edgar/data/885590/000088559022000010/bhc-20211231.htm", "calculatedOtherExpenses": 1741000000, "calculatedOperatingExpenses": 4830000000, "calculatedNetInterest": -1419000000, "calculatedOtherIncome": -815000000, "calculatedIncomeNonControlling": 0, "calculatedEbitda": 2585000000}, {"date": "2020-12-31", "symbol": "BHC", "reportedCurrency": "USD", "cik": "0000885590", "fillingDate": "2021-02-24", "acceptedDate": "2021-02-24 17:13:18", "calendarYear": "2020", "period": "FY", "revenue": 8027000000, "costOfRevenue": 2249000000, "grossProfit": 5778000000, "grossProfitRatio": 0.7198206055, "researchAndDevelopmentExpenses": 452000000, "generalAndAdministrativeExpenses": 1916000000, "sellingAndMarketingExpenses": 451000000, "sellingGeneralAndAdministrativeExpenses": 2367000000, "otherExpenses": 1645000000, "operatingExpenses": 4464000000, "costAndExpenses": 6713000000, "interestIncome": 13000000, "interestExpense": 1534000000, "depreciationAndAmortization": 1842000000, "ebitda": 2518000000, "ebitdaratio": 0.3136912919, "operatingIncome": 676000000, "operatingIncomeRatio": 0.0842157718, "totalOtherIncomeExpensesNet": -1610000000, "incomeBeforeTax": -934000000, "incomeBeforeTaxRatio": -0.1163572941, "incomeTaxExpense": -375000000, "netIncome": -559000000, "netIncomeRatio": -0.0696399651, "eps": -1.57, "epsdiluted": -1.57, "weightedAverageShsOut": 355000000, "weightedAverageShsOutDil": 355000000, "link": "https://www.sec.gov/Archives/edgar/data/885590/000088559021000011/0000885590-21-000011-index.htm", "finalLink": "https://www.sec.gov/Archives/edgar/data/885590/000088559021000011/bhc-20201231.htm", "calculatedOtherExpenses": 2283000000, "calculatedOperatingExpenses": 5102000000, "calculatedNetInterest": -1521000000, "calculatedOtherIncome": -89000000, "calculatedIncomeNonControlling": 0, "calculatedEbitda": 2518000000}, {"date": "2019-12-31", "symbol": "BHC", "reportedCurrency": "USD", "cik": "0000885590", "fillingDate": "2020-02-19", "acceptedDate": "2020-02-19 17:12:01", "calendarYear": "2019", "period": "FY", "revenue": 8601000000, "costOfRevenue": 2350000000, "grossProfit": 6251000000, "grossProfitRatio": 0.7267759563, "researchAndDevelopmentExpenses": 471000000, "generalAndAdministrativeExpenses": 2010000000, "sellingAndMarketingExpenses": 544000000, "sellingGeneralAndAdministrativeExpenses": 2554000000, "otherExpenses": 3311000000, "operatingExpenses": 6336000000, "costAndExpenses": 8686000000, "interestIncome": 12000000, "interestExpense": 1612000000, "depreciationAndAmortization": 1897000000, "ebitda": 1824000000, "ebitdaratio": 0.2120683641, "operatingIncome": -73000000, "operatingIncomeRatio": -0.0084873852, "totalOtherIncomeExpensesNet": -1764000000, "incomeBeforeTax": -1837000000, "incomeBeforeTaxRatio": -0.2135798163, "incomeTaxExpense": -54000000, "netIncome": -1783000000, "netIncomeRatio": -0.2073014766, "eps": -5.06, "epsdiluted": -5.06, "weightedAverageShsOut": 352100000, "weightedAverageShsOutDil": 352100000, "link": "https://www.sec.gov/Archives/edgar/data/885590/000088559020000006/0000885590-20-000006-index.htm", "finalLink": "https://www.sec.gov/Archives/edgar/data/885590/000088559020000006/bhc2019form10-k.htm", "calculatedOtherExpenses": 3299000000, "calculatedOperatingExpenses": 6324000000, "calculatedNetInterest": -1600000000, "calculatedOtherIncome": -164000000, "calculatedIncomeNonControlling": 0, "calculatedEbitda": 1824000000}, {"date": "2018-12-31", "symbol": "BHC", "reportedCurrency": "USD", "cik": "0000885590", "fillingDate": "2019-02-20", "acceptedDate": "2019-02-20 16:56:33", "calendarYear": "2018", "period": "FY", "revenue": 8380000000, "costOfRevenue": 2351000000, "grossProfit": 6029000000, "grossProfitRatio": 0.719451074, "researchAndDevelopmentExpenses": 414000000, "generalAndAdministrativeExpenses": 2473000000, "sellingAndMarketingExpenses": 481000000, "sellingGeneralAndAdministrativeExpenses": 2473000000, "otherExpenses": 21000000, "operatingExpenses": 5531000000, "costAndExpenses": 7882000000, "interestIncome": 11000000, "interestExpense": 1685000000, "depreciationAndAmortization": 2644000000, "ebitda": 3174000000, "ebitdaratio": 0.3787589499, "operatingIncome": -2384000000, "operatingIncomeRatio": -0.2844868735, "totalOtherIncomeExpensesNet": -2978000000, "incomeBeforeTax": -4154000000, "incomeBeforeTaxRatio": -0.4957040573, "incomeTaxExpense": -10000000, "netIncome": -4148000000, "netIncomeRatio": -0.4949880668, "eps": -11.86, "epsdiluted": -11.86, "weightedAverageShsOut": 349871102, "weightedAverageShsOutDil": 349871102, "link": "https://www.sec.gov/Archives/edgar/data/885590/000088559019000006/0000885590-19-000006-index.htm", "finalLink": "https://www.sec.gov/Archives/edgar/data/885590/000088559019000006/bhc2018form10-k.htm", "calculatedOtherExpenses": 5526000000, "calculatedOperatingExpenses": 8413000000, "calculatedNetInterest": -1674000000, "calculatedOtherIncome": -96000000, "calculatedIncomeNonControlling": 4000000, "calculatedEbitda": 260000000}, {"date": "2017-12-31", "symbol": "BHC", "reportedCurrency": "USD", "cik": "0000885590", "fillingDate": "2018-02-28", "acceptedDate": "2018-02-28 17:26:32", "calendarYear": "2017", "period": "FY", "revenue": 8724000000, "costOfRevenue": 2548000000, "grossProfit": 6176000000, "grossProfitRatio": 0.7079321412, "researchAndDevelopmentExpenses": 366000000, "generalAndAdministrativeExpenses": 2582000000, "sellingAndMarketingExpenses": 462000000, "sellingGeneralAndAdministrativeExpenses": 2582000000, "otherExpenses": -1000000, "operatingExpenses": 5638000000, "costAndExpenses": 8186000000, "interestIncome": 12000000, "interestExpense": 1840000000, "depreciationAndAmortization": 2858000000, "ebitda": 3407000000, "ebitdaratio": 0.3905318661, "operatingIncome": 102000000, "operatingIncomeRatio": 0.0116918845, "totalOtherIncomeExpensesNet": -451000000, "incomeBeforeTax": -1741000000, "incomeBeforeTaxRatio": -0.19956442, "incomeTaxExpense": -4145000000, "netIncome": 2404000000, "netIncomeRatio": 0.275561669, "eps": 8.63, "epsdiluted": 8.59, "weightedAverageShsOut": 350200000, "weightedAverageShsOutDil": 351800000, "link": "https://www.sec.gov/Archives/edgar/data/885590/000088559018000017/0000885590-18-000017-index.htm", "finalLink": "https://www.sec.gov/Archives/edgar/data/885590/000088559018000017/valeant2017form10-k.htm", "calculatedOtherExpenses": 3126000000, "calculatedOperatingExpenses": 6074000000, "calculatedNetInterest": -1828000000, "calculatedOtherIncome": -15000000, "calculatedIncomeNonControlling": 0, "calculatedEbitda": 2960000000}, {"date": "2016-12-31", "symbol": "BHC", "reportedCurrency": "USD", "cik": "0000885590", "fillingDate": "2017-03-01", "acceptedDate": "2017-03-01 15:03:51", "calendarYear": "2016", "period": "FY", "revenue": 9674000000, "costOfRevenue": 2611000000, "grossProfit": 7063000000, "grossProfitRatio": 0.7301013025, "researchAndDevelopmentExpenses": 455000000, "generalAndAdministrativeExpenses": 2810000000, "sellingAndMarketingExpenses": 564000000, "sellingGeneralAndAdministrativeExpenses": 2810000000, "otherExpenses": -73000000, "operatingExpenses": 5938000000, "costAndExpenses": 8549000000, "interestIncome": 8000000, "interestExpense": 1836000000, "depreciationAndAmortization": 2673000000, "ebitda": 5457000000, "ebitdaratio": 0.5640893116, "operatingIncome": -566000000, "operatingIncomeRatio": -0.0585073393, "totalOtherIncomeExpensesNet": -1732000000, "incomeBeforeTax": -2435000000, "incomeBeforeTaxRatio": -0.2517056026, "incomeTaxExpense": -27000000, "netIncome": -2409000000, "netIncomeRatio": -0.2490179864, "eps": -6.94, "epsdiluted": -6.94, "weightedAverageShsOut": 347118155, "weightedAverageShsOutDil": 347300000, "link": "https://www.sec.gov/Archives/edgar/data/885590/000088559017000015/0000885590-17-000015-index.htm", "finalLink": "https://www.sec.gov/Archives/edgar/data/885590/000088559017000015/valeant2016form10-k.htm", "calculatedOtherExpenses": 4364000000, "calculatedOperatingExpenses": 7629000000, "calculatedNetInterest": -1828000000, "calculatedOtherIncome": -41000000, "calculatedIncomeNonControlling": 1000000, "calculatedEbitda": 2107000000}, {"date": "2015-12-31", "symbol": "BHC", "reportedCurrency": "USD", "cik": "0000885590", "fillingDate": "2016-04-29", "acceptedDate": "2016-04-29 07:21:10", "calendarYear": "2015", "period": "FY", "revenue": 10498800000, "costOfRevenue": 2645000000, "grossProfit": 7853800000, "grossProfitRatio": 0.7480664457, "researchAndDevelopmentExpenses": 582800000, "generalAndAdministrativeExpenses": 2699800000, "sellingAndMarketingExpenses": -17100000, "sellingGeneralAndAdministrativeExpenses": 2682700000, "otherExpenses": -256100000, "operatingExpenses": 5669800000, "costAndExpenses": 8314800000, "interestIncome": 3300000, "interestExpense": 1563200000, "depreciationAndAmortization": 2404300000, "ebitda": 5084400000, "ebitdaratio": 0.4842839182, "operatingIncome": 1554600000, "operatingIncomeRatio": 0.1480740656, "totalOtherIncomeExpensesNet": -752200000, "incomeBeforeTax": -128100000, "incomeBeforeTaxRatio": -0.0122013944, "incomeTaxExpense": 134200000, "netIncome": -266200000, "netIncomeRatio": -0.0253552787, "eps": -0.78, "epsdiluted": -0.77, "weightedAverageShsOut": 342700000, "weightedAverageShsOutDil": 347300000, "link": "https://www.sec.gov/Archives/edgar/data/885590/000088559016000101/0000885590-16-000101-index.htm", "finalLink": "https://www.sec.gov/Archives/edgar/data/885590/000088559016000101/valeant2015form10-k.htm", "calculatedOtherExpenses": 3033700000, "calculatedOperatingExpenses": 6299200000, "calculatedNetInterest": -1559900000, "calculatedOtherIncome": -122800000, "calculatedIncomeNonControlling": 3900000, "calculatedEbitda": 3958900000}, {"date": "2014-12-31", "symbol": "BHC", "reportedCurrency": "USD", "cik": "0000885590", "fillingDate": "2015-02-25", "acceptedDate": "2015-02-25 17:06:47", "calendarYear": "2014", "period": "FY", "revenue": 8263500000, "costOfRevenue": 2254600000, "grossProfit": 6008900000, "grossProfitRatio": 0.7271616143, "researchAndDevelopmentExpenses": 246000000, "generalAndAdministrativeExpenses": 2026300000, "sellingAndMarketingExpenses": 435000000, "sellingGeneralAndAdministrativeExpenses": 2026300000, "otherExpenses": 268700000, "operatingExpenses": 3823000000, "costAndExpenses": 6077600000, "interestIncome": 5000000, "interestExpense": 971000000, "depreciationAndAmortization": 1550700000, "ebitda": 4132600000, "ebitdaratio": 0.500102862, "operatingIncome": 2039700000, "operatingIncomeRatio": 0.246832456, "totalOtherIncomeExpensesNet": -127300000, "incomeBeforeTax": 1092600000, "incomeBeforeTaxRatio": 0.1322200036, "incomeTaxExpense": 180400000, "netIncome": 913500000, "netIncomeRatio": 0.1105463787, "eps": 3.16, "epsdiluted": 3.1, "weightedAverageShsOut": 335400000, "weightedAverageShsOutDil": 341500000, "link": "https://www.sec.gov/Archives/edgar/data/885590/000088559015000015/0000885590-15-000015-index.htm", "finalLink": "https://www.sec.gov/Archives/edgar/data/885590/000088559015000015/valeant2014form10-k.htm", "calculatedOtherExpenses": 1696900000, "calculatedOperatingExpenses": 3969200000, "calculatedNetInterest": -966000000, "calculatedOtherIncome": 18900000, "calculatedIncomeNonControlling": -1300000, "calculatedEbitda": 3590400000}, {"date": "2013-12-31", "symbol": "BHC", "reportedCurrency": "USD", "cik": "0000885590", "fillingDate": "2014-02-28", "acceptedDate": "2014-02-28 16:04:38", "calendarYear": "2013", "period": "FY", "revenue": 5769605000, "costOfRevenue": 1905120000, "grossProfit": 3864485000, "grossProfitRatio": 0.6698006189, "researchAndDevelopmentExpenses": 156783000, "generalAndAdministrativeExpenses": 1305164000, "sellingAndMarketingExpenses": 277000000, "sellingGeneralAndAdministrativeExpenses": 1305164000, "otherExpenses": -234442000, "operatingExpenses": 3363924000, "costAndExpenses": 5269044000, "interestIncome": 8023000, "interestExpense": 844316000, "depreciationAndAmortization": 1901977000, "ebitda": 3146816000, "ebitdaratio": 0.5454127276, "operatingIncome": -409502000, "operatingIncomeRatio": -0.0709757427, "totalOtherIncomeExpensesNet": -978720000, "incomeBeforeTax": -1314452000, "incomeBeforeTaxRatio": -0.2278235685, "incomeTaxExpense": -450783000, "netIncome": -866142000, "netIncomeRatio": -0.1501215421, "eps": -2.7, "epsdiluted": -2.7, "weightedAverageShsOut": 320777777, "weightedAverageShsOutDil": 320996000, "link": "https://www.sec.gov/Archives/edgar/data/885590/000088559014000025/0000885590-14-000025-index.htm", "finalLink": "https://www.sec.gov/Archives/edgar/data/885590/000088559014000025/valeant2013form10-k.htm", "calculatedOtherExpenses": 2812040000, "calculatedOperatingExpenses": 4273987000, "calculatedNetInterest": -836293000, "calculatedOtherIncome": -68657000, "calculatedIncomeNonControlling": 2473000, "calculatedEbitda": 1492475000}, {"date": "2012-12-31", "symbol": "BHC", "reportedCurrency": "USD", "cik": "0000885590", "fillingDate": "2013-02-28", "acceptedDate": "2013-02-28 16:00:27", "calendarYear": "2012", "period": "FY", "revenue": 3546626000, "costOfRevenue": 1038516000, "grossProfit": 2508110000, "grossProfitRatio": 0.7071819808, "researchAndDevelopmentExpenses": 268953000, "generalAndAdministrativeExpenses": 812862000, "sellingAndMarketingExpenses": 157600000, "sellingGeneralAndAdministrativeExpenses": 812862000, "otherExpenses": 19721000, "operatingExpenses": 2010700000, "costAndExpenses": 3049216000, "interestIncome": 5986000, "interestExpense": 473396000, "depreciationAndAmortization": 928885000, "ebitda": 1862044000, "ebitdaratio": 0.525018426, "operatingIncome": 79685000, "operatingIncomeRatio": 0.0224678328, "totalOtherIncomeExpensesNet": -416028000, "incomeBeforeTax": -394228000, "incomeBeforeTaxRatio": -0.1111557858, "incomeTaxExpense": -278203000, "netIncome": -116025000, "netIncomeRatio": -0.0327141909, "eps": -0.38, "epsdiluted": -0.38, "weightedAverageShsOut": 305263157, "weightedAverageShsOutDil": 305446000, "link": "https://www.sec.gov/Archives/edgar/data/885590/000088559013000014/0000885590-13-000014-index.htm", "finalLink": "https://www.sec.gov/Archives/edgar/data/885590/000088559013000014/valeant2012form10-k.htm", "calculatedOtherExpenses": 1346610000, "calculatedOperatingExpenses": 2428425000, "calculatedNetInterest": -467410000, "calculatedOtherIncome": -6503000, "calculatedIncomeNonControlling": 0, "calculatedEbitda": 1008570000}, {"date": "2011-12-31", "symbol": "BHC", "reportedCurrency": "USD", "cik": "0000885590", "fillingDate": "2012-02-29", "acceptedDate": "2012-02-29 16:16:23", "calendarYear": "2011", "period": "FY", "revenue": 2463450000, "costOfRevenue": 726832000, "grossProfit": 1736618000, "grossProfitRatio": 0.704953622, "researchAndDevelopmentExpenses": 174887000, "generalAndAdministrativeExpenses": 584313000, "sellingAndMarketingExpenses": 0, "sellingGeneralAndAdministrativeExpenses": 584313000, "otherExpenses": 546828000, "operatingExpenses": 1306028000, "costAndExpenses": 2032860000, "interestIncome": 4084000, "interestExpense": 330442000, "depreciationAndAmortization": 557814000, "ebitda": 988404000, "ebitdaratio": 0.4012275467, "operatingIncome": 299959000, "operatingIncomeRatio": 0.1217637866, "totalOtherIncomeExpensesNet": -118148000, "incomeBeforeTax": -18000000, "incomeBeforeTaxRatio": -0.0073068258, "incomeTaxExpense": -177559000, "netIncome": 159559000, "netIncomeRatio": 0.0647705454, "eps": 0.53, "epsdiluted": 0.5, "weightedAverageShsOut": 304655000, "weightedAverageShsOutDil": 326119000, "link": "https://www.sec.gov/Archives/edgar/data/885590/000104746912001906/0001047469-12-001906-index.htm", "finalLink": "https://www.sec.gov/Archives/edgar/data/885590/000104746912001906/a2207517z10-k.htm", "calculatedOtherExpenses": 677459000, "calculatedOperatingExpenses": 1436659000, "calculatedNetInterest": -326358000, "calculatedOtherIncome": 8399000, "calculatedIncomeNonControlling": 0, "calculatedEbitda": 857773000}, {"date": "2010-12-31", "symbol": "BHC", "reportedCurrency": "USD", "cik": "0000885590", "fillingDate": "2011-02-28", "acceptedDate": "2011-02-28 17:27:02", "calendarYear": "2010", "period": "FY", "revenue": 1181237000, "costOfRevenue": 405750000, "grossProfit": 775487000, "grossProfitRatio": 0.6565041562, "researchAndDevelopmentExpenses": 157556000, "generalAndAdministrativeExpenses": 367418000, "sellingAndMarketingExpenses": -38262000, "sellingGeneralAndAdministrativeExpenses": 329156000, "otherExpenses": 219758000, "operatingExpenses": 706470000, "costAndExpenses": 1112220000, "interestIncome": 1294000, "interestExpense": 84307000, "depreciationAndAmortization": 219758000, "ebitda": 511042000, "ebitdaratio": 0.4326329094, "operatingIncome": -110085000, "operatingIncomeRatio": -0.0931946764, "totalOtherIncomeExpensesNet": -222267000, "incomeBeforeTax": -236263000, "incomeBeforeTaxRatio": -0.2000132065, "incomeTaxExpense": -28070000, "netIncome": -208193000, "netIncomeRatio": -0.176249982, "eps": -1.06, "epsdiluted": -1.06, "weightedAverageShsOut": 195808000, "weightedAverageShsOutDil": 195808000, "link": "https://www.sec.gov/Archives/edgar/data/885590/000104746911001555/0001047469-11-001555-index.htm", "finalLink": "https://www.sec.gov/Archives/edgar/data/885590/000104746911001555/a2202280z10-k.htm", "calculatedOtherExpenses": 398860000, "calculatedOperatingExpenses": 885572000, "calculatedNetInterest": -83013000, "calculatedOtherIncome": -43165000, "calculatedIncomeNonControlling": 0, "calculatedEbitda": 109673000}, {"date": "2009-12-31", "symbol": "BHC", "reportedCurrency": "USD", "cik": "0000885590", "fillingDate": "2010-02-26", "acceptedDate": "2010-02-26 17:24:19", "calendarYear": "2009", "period": "FY", "revenue": 820430000, "costOfRevenue": 325093000, "grossProfit": 495337000, "grossProfitRatio": 0.6037529101, "researchAndDevelopmentExpenses": 120784000, "generalAndAdministrativeExpenses": 190388000, "sellingAndMarketingExpenses": 0, "sellingGeneralAndAdministrativeExpenses": 190388000, "otherExpenses": 104730000, "operatingExpenses": 295118000, "costAndExpenses": 620211000, "interestIncome": 1118000, "interestExpense": 25418000, "depreciationAndAmortization": 149260000, "ebitda": 350597000, "ebitdaratio": 0.4273332277, "operatingIncome": 181154000, "operatingIncomeRatio": 0.2208037249, "totalOtherIncomeExpensesNet": -964000, "incomeBeforeTax": 174955000, "incomeBeforeTaxRatio": 0.213247931, "incomeTaxExpense": -1500000, "netIncome": 176455000, "netIncomeRatio": 0.2150762405, "eps": 1.16, "epsdiluted": 1.16, "weightedAverageShsOut": 158236000, "weightedAverageShsOutDil": 158510000, "link": "https://www.sec.gov/Archives/edgar/data/885590/000104746910001559/0001047469-10-001559-index.htm", "finalLink": "https://www.sec.gov/Archives/edgar/data/885590/000104746910001559/a2196108z10-k.htm", "calculatedOtherExpenses": 3011000, "calculatedOperatingExpenses": 314183000, "calculatedNetInterest": -24300000, "calculatedOtherIncome": 18101000, "calculatedIncomeNonControlling": 0, "calculatedEbitda": 330414000}, {"date": "2008-12-31", "symbol": "BHC", "reportedCurrency": "USD", "cik": "0000885590", "fillingDate": "2009-02-27", "acceptedDate": "2009-02-27 17:26:04", "calendarYear": "2008", "period": "FY", "revenue": 757178000, "costOfRevenue": 197167000, "grossProfit": 560011000, "grossProfitRatio": 0.7396028411, "researchAndDevelopmentExpenses": 92844000, "generalAndAdministrativeExpenses": 188922000, "sellingAndMarketingExpenses": 0, "sellingGeneralAndAdministrativeExpenses": 188922000, "otherExpenses": 83934000, "operatingExpenses": 365700000, "costAndExpenses": 562867000, "interestIncome": 0, "interestExpense": 0, "depreciationAndAmortization": 103425000, "ebitda": 404895000, "ebitdaratio": 0.534742161, "operatingIncome": 124109000, "operatingIncomeRatio": 0.1639099393, "totalOtherIncomeExpensesNet": -108354000, "incomeBeforeTax": 126904000, "incomeBeforeTaxRatio": 0.1676012774, "incomeTaxExpense": -73000000, "netIncome": 199904000, "netIncomeRatio": 0.2640118968, "eps": 1.52, "epsdiluted": 1.52, "weightedAverageShsOut": 159730000, "weightedAverageShsOutDil": 159730000, "link": "https://www.sec.gov/Archives/edgar/data/885590/000104746909002021/0001047469-09-002021-index.htm", "finalLink": "https://www.sec.gov/Archives/edgar/data/885590/000104746909002021/a2190203z20-f.htm", "calculatedOtherExpenses": 154136000, "calculatedOperatingExpenses": 435902000, "calculatedNetInterest": 0, "calculatedOtherIncome": 2795000, "calculatedIncomeNonControlling": 0, "calculatedEbitda": 227534000}, {"date": "2007-12-31", "symbol": "BHC", "reportedCurrency": "USD", "cik": "0000885590", "fillingDate": "2008-03-17", "acceptedDate": "2008-03-17 17:18:56", "calendarYear": "2007", "period": "FY", "revenue": 842818000, "costOfRevenue": 223680000, "grossProfit": 619138000, "grossProfitRatio": 0.734604624, "researchAndDevelopmentExpenses": 118117000, "generalAndAdministrativeExpenses": 161001000, "sellingAndMarketingExpenses": 0, "sellingGeneralAndAdministrativeExpenses": 161001000, "otherExpenses": 151338000, "operatingExpenses": 430456000, "costAndExpenses": 654136000, "interestIncome": 0, "interestExpense": 0, "depreciationAndAmortization": 100768000, "ebitda": 384972000, "ebitdaratio": 0.4567676533, "operatingIncome": 188014000, "operatingIncomeRatio": 0.2230778175, "totalOtherIncomeExpensesNet": -98050000, "incomeBeforeTax": 208739000, "incomeBeforeTaxRatio": 0.2476679425, "incomeTaxExpense": 13200000, "netIncome": 195539000, "netIncomeRatio": 0.2320061983, "eps": 1.21, "epsdiluted": 1.21, "weightedAverageShsOut": 160839000, "weightedAverageShsOutDil": 160875000, "link": "https://www.sec.gov/Archives/edgar/data/885590/000104746908002964/0001047469-08-002964-index.htm", "finalLink": "https://www.sec.gov/Archives/edgar/data/885590/000104746908002964/a2182900z20-f.htm", "calculatedOtherExpenses": 152006000, "calculatedOperatingExpenses": 431124000, "calculatedNetInterest": 0, "calculatedOtherIncome": 20725000, "calculatedIncomeNonControlling": 0, "calculatedEbitda": 288782000}, {"date": "2006-12-31", "symbol": "BHC", "reportedCurrency": "USD", "cik": "0000885590", "fillingDate": "2007-03-22", "acceptedDate": "2007-03-21 19:55:27", "calendarYear": "2006", "period": "FY", "revenue": 1070475000, "costOfRevenue": 223270000, "grossProfit": 847205000, "grossProfitRatio": 0.7914290385, "researchAndDevelopmentExpenses": 95474000, "generalAndAdministrativeExpenses": 238429000, "sellingAndMarketingExpenses": 0, "sellingGeneralAndAdministrativeExpenses": 238429000, "otherExpenses": 268643000, "operatingExpenses": 602546000, "costAndExpenses": 825816000, "interestIncome": 0, "interestExpense": 0, "depreciationAndAmortization": 107865000, "ebitda": 580555000, "ebitdaratio": 0.5423340106, "operatingIncome": 229534000, "operatingIncomeRatio": 0.2144225694, "totalOtherIncomeExpensesNet": -228560000, "incomeBeforeTax": 222285000, "incomeBeforeTaxRatio": 0.2076508092, "incomeTaxExpense": 14499000, "netIncome": 203938000, "netIncomeRatio": 0.1905116887, "eps": 1.54, "epsdiluted": 1.54, "weightedAverageShsOut": 160060000, "weightedAverageShsOutDil": 160078000, "link": "https://www.sec.gov/Archives/edgar/data/885590/000104746907002027/0001047469-07-002027-index.htm", "finalLink": "https://www.sec.gov/Archives/edgar/data/885590/000104746907002027/a2176789z20-f.htm", "calculatedOtherExpenses": 283768000, "calculatedOperatingExpenses": 617671000, "calculatedNetInterest": 0, "calculatedOtherIncome": -7249000, "calculatedIncomeNonControlling": 3848000, "calculatedEbitda": 337399000}, {"date": "2005-12-31", "symbol": "BHC", "reportedCurrency": "USD", "cik": "0000885590", "fillingDate": "2006-04-03", "acceptedDate": "2006-03-31 20:09:02", "calendarYear": "2005", "period": "FY", "revenue": 935536000, "costOfRevenue": 206816000, "grossProfit": 728720000, "grossProfitRatio": 0.7789331463, "researchAndDevelopmentExpenses": 88884000, "generalAndAdministrativeExpenses": 231109000, "sellingAndMarketingExpenses": 0, "sellingGeneralAndAdministrativeExpenses": 231109000, "otherExpenses": 234648000, "operatingExpenses": 554641000, "costAndExpenses": 761457000, "interestIncome": 0, "interestExpense": 0, "depreciationAndAmortization": 205408000, "ebitda": 476150000, "ebitdaratio": 0.5089595697, "operatingIncome": 154269000, "operatingIncomeRatio": 0.1648990525, "totalOtherIncomeExpensesNet": -96663000, "incomeBeforeTax": 122152000, "incomeBeforeTaxRatio": 0.130569, "incomeTaxExpense": 22550000, "netIncome": 89027000, "netIncomeRatio": 0.0951614903, "eps": 1.79, "epsdiluted": 1.79, "weightedAverageShsOut": 159433000, "weightedAverageShsOutDil": 159681000, "link": "https://www.sec.gov/Archives/edgar/data/885590/000104746906004403/0001047469-06-004403-index.htm", "finalLink": "https://www.sec.gov/Archives/edgar/data/885590/000104746906004403/a2168876z20-f.htm", "calculatedOtherExpenses": 254458000, "calculatedOperatingExpenses": 574451000, "calculatedNetInterest": 0, "calculatedOtherIncome": -32117000, "calculatedIncomeNonControlling": 10575000, "calculatedEbitda": 359677000}, {"date": "2004-12-31", "symbol": "BHC", "reportedCurrency": "USD", "cik": "0000885590", "fillingDate": "2005-06-30", "acceptedDate": "2005-06-30 17:25:48", "calendarYear": "2004", "period": "FY", "revenue": 886543000, "costOfRevenue": 229528000, "grossProfit": 657015000, "grossProfitRatio": 0.7410977245, "researchAndDevelopmentExpenses": 72500000, "generalAndAdministrativeExpenses": 274553000, "sellingAndMarketingExpenses": 0, "sellingGeneralAndAdministrativeExpenses": 274553000, "otherExpenses": 203773000, "operatingExpenses": 550826000, "costAndExpenses": 780354000, "interestIncome": 0, "interestExpense": 0, "depreciationAndAmortization": 194638000, "ebitda": 346255000, "ebitdaratio": 0.3905676318, "operatingIncome": 106189000, "operatingIncomeRatio": 0.1197787361, "totalOtherIncomeExpensesNet": -45428000, "incomeBeforeTax": 61697000, "incomeBeforeTaxRatio": 0.0695927891, "incomeTaxExpense": 8950000, "netIncome": 52747000, "netIncomeRatio": 0.0594973961, "eps": 1.2, "epsdiluted": 1.2, "weightedAverageShsOut": 160993000, "weightedAverageShsOutDil": 160993000, "link": "https://www.sec.gov/Archives/edgar/data/885590/000104746905018555/0001047469-05-018555-index.htm", "finalLink": "https://www.sec.gov/Archives/edgar/data/885590/000104746905018555/a2160202z20-f.htm", "calculatedOtherExpenses": 203773000, "calculatedOperatingExpenses": 550826000, "calculatedNetInterest": 0, "calculatedOtherIncome": -44492000, "calculatedIncomeNonControlling": 0, "calculatedEbitda": 300827000}, {"date": "2003-12-31", "symbol": "BHC", "reportedCurrency": "USD", "cik": "0000885590", "fillingDate": "2004-05-14", "acceptedDate": "2004-05-14 17:17:23", "calendarYear": "2003", "period": "FY", "revenue": 823722000, "costOfRevenue": 139456000, "grossProfit": 684266000, "grossProfitRatio": 0.8307001634, "researchAndDevelopmentExpenses": 86570000, "generalAndAdministrativeExpenses": 242771000, "sellingAndMarketingExpenses": 0, "sellingGeneralAndAdministrativeExpenses": 242771000, "otherExpenses": 213269000, "operatingExpenses": 542610000, "costAndExpenses": 682066000, "interestIncome": 0, "interestExpense": 0, "depreciationAndAmortization": 166854000, "ebitda": 520549000, "ebitdaratio": 0.6319474289, "operatingIncome": 16936000, "operatingIncomeRatio": 0.0205603347, "totalOtherIncomeExpensesNet": -212039000, "incomeBeforeTax": -31265000, "incomeBeforeTaxRatio": -0.0379557666, "incomeTaxExpense": -4000000, "netIncome": -27265000, "netIncomeRatio": -0.0330997594, "eps": -0.17, "epsdiluted": -0.17, "weightedAverageShsOut": 158428000, "weightedAverageShsOutDil": 160115000, "link": "https://www.sec.gov/Archives/edgar/data/885590/000104746904017429/0001047469-04-017429-index.htm", "finalLink": "https://www.sec.gov/Archives/edgar/data/885590/000104746904017429/a2136694z20-f.htm", "calculatedOtherExpenses": 337989000, "calculatedOperatingExpenses": 667330000, "calculatedNetInterest": 0, "calculatedOtherIncome": -48201000, "calculatedIncomeNonControlling": 0, "calculatedEbitda": 183790000}, {"date": "2002-12-31", "symbol": "BHC", "reportedCurrency": "USD", "cik": "0000885590", "fillingDate": "2003-05-21", "acceptedDate": "2003-05-20 18:29:47", "calendarYear": "2002", "period": "FY", "revenue": 788025000, "costOfRevenue": 164706000, "grossProfit": 623319000, "grossProfitRatio": 0.7909888646, "researchAndDevelopmentExpenses": 52150000, "generalAndAdministrativeExpenses": 165697000, "sellingAndMarketingExpenses": 0, "sellingGeneralAndAdministrativeExpenses": 165697000, "otherExpenses": 103443000, "operatingExpenses": 321290000, "costAndExpenses": 485996000, "interestIncome": 0, "interestExpense": 0, "depreciationAndAmortization": 89964000, "ebitda": 588274000, "ebitdaratio": 0.7465169252, "operatingIncome": 134284000, "operatingIncomeRatio": 0.1704057612, "totalOtherIncomeExpensesNet": -196281000, "incomeBeforeTax": 109295000, "incomeBeforeTaxRatio": 0.1386948384, "incomeTaxExpense": 21500000, "netIncome": 87795000, "netIncomeRatio": 0.11141144, "eps": 0.91, "epsdiluted": 0.87, "weightedAverageShsOut": 151960000, "weightedAverageShsOutDil": 160463000, "link": "https://www.sec.gov/Archives/edgar/data/885590/000104746903019357/0001047469-03-019357-index.htm", "finalLink": "https://www.sec.gov/Archives/edgar/data/885590/000104746903019357/a2111243z20-f.htm", "calculatedOtherExpenses": 271188000, "calculatedOperatingExpenses": 489035000, "calculatedNetInterest": 0, "calculatedOtherIncome": -24989000, "calculatedIncomeNonControlling": 0, "calculatedEbitda": 224248000}, {"date": "2001-12-31", "symbol": "BHC", "reportedCurrency": "USD", "cik": "0000885590", "fillingDate": "2002-05-22", "acceptedDate": "2002-05-22 08:57:33", "calendarYear": "2001", "period": "FY", "revenue": 583263000, "costOfRevenue": 125995000, "grossProfit": 457268000, "grossProfitRatio": 0.7839825259, "researchAndDevelopmentExpenses": 51017000, "generalAndAdministrativeExpenses": 110100000, "sellingAndMarketingExpenses": 0, "sellingGeneralAndAdministrativeExpenses": 110100000, "otherExpenses": 44513000, "operatingExpenses": 205630000, "costAndExpenses": 331625000, "interestIncome": 0, "interestExpense": 0, "depreciationAndAmortization": 67866000, "ebitda": 434909000, "ebitdaratio": 0.7456481896, "operatingIncome": 251638000, "operatingIncomeRatio": 0.4314314469, "totalOtherIncomeExpensesNet": -115405000, "incomeBeforeTax": 102733000, "incomeBeforeTaxRatio": 0.1761349511, "incomeTaxExpense": 15285000, "netIncome": 87448000, "netIncomeRatio": 0.1499289343, "eps": 1.02, "epsdiluted": 0.92, "weightedAverageShsOut": 136928000, "weightedAverageShsOutDil": 150690000, "link": "https://www.sec.gov/Archives/edgar/data/885590/000091205702021539/0000912057-02-021539-index.htm", "finalLink": "https://www.sec.gov/Archives/edgar/data/885590/000091205702021539/a2079789z20-f.htm", "calculatedOtherExpenses": 44513000, "calculatedOperatingExpenses": 205630000, "calculatedNetInterest": 0, "calculatedOtherIncome": -148905000, "calculatedIncomeNonControlling": 0, "calculatedEbitda": 319504000}, {"date": "2000-12-31", "symbol": "BHC", "reportedCurrency": "USD", "cik": "0000885590", "fillingDate": "2001-05-24", "acceptedDate": "2001-05-24 00:00:00", "calendarYear": "2000", "period": "FY", "revenue": 309170000, "costOfRevenue": 68031000, "grossProfit": 241139000, "grossProfitRatio": 0.7799560113, "researchAndDevelopmentExpenses": 52659000, "generalAndAdministrativeExpenses": 58088000, "sellingAndMarketingExpenses": 0, "sellingGeneralAndAdministrativeExpenses": 58088000, "otherExpenses": 0, "operatingExpenses": 110747000, "costAndExpenses": 178778000, "interestIncome": 0, "interestExpense": 0, "depreciationAndAmortization": 21526000, "ebitda": 360342000, "ebitdaratio": 1.1655141184, "operatingIncome": 130392000, "operatingIncomeRatio": 0.4217485526, "totalOtherIncomeExpensesNet": -208424000, "incomeBeforeTax": -75077000, "incomeBeforeTaxRatio": -0.2428340395, "incomeTaxExpense": 9360000, "netIncome": -147976000, "netIncomeRatio": -0.4786234111, "eps": -1.15, "epsdiluted": -1.03, "weightedAverageShsOut": 128824000, "weightedAverageShsOutDil": 143512000, "link": "https://www.sec.gov/Archives/edgar/data/885590/000091205701517473/0000912057-01-517473-index.htm", "finalLink": "https://www.sec.gov/Archives/edgar/data/885590/000091205701517473/a2050116z20-f.txt", "calculatedOtherExpenses": 0, "calculatedOperatingExpenses": 110747000, "calculatedNetInterest": 0, "calculatedOtherIncome": -205469000, "calculatedIncomeNonControlling": 63539000, "calculatedEbitda": 151918000}, {"date": "1999-12-31", "symbol": "BHC", "reportedCurrency": "USD", "cik": "0000885590", "fillingDate": "1999-12-31", "acceptedDate": "1999-12-30 19:00:00", "calendarYear": "1999", "period": "FY", "revenue": 176500000, "costOfRevenue": 28200000, "grossProfit": 148300000, "grossProfitRatio": 0.8402266289, "researchAndDevelopmentExpenses": 33100000, "generalAndAdministrativeExpenses": 29600000, "sellingAndMarketingExpenses": 0, "sellingGeneralAndAdministrativeExpenses": 29600000, "otherExpenses": 10100000, "operatingExpenses": 72800000, "costAndExpenses": 101000000, "interestIncome": 0, "interestExpense": 0, "depreciationAndAmortization": 10100000, "ebitda": 85300000, "ebitdaratio": 0.483286119, "operatingIncome": 75500000, "operatingIncomeRatio": 0.4277620397, "totalOtherIncomeExpensesNet": 300000, "incomeBeforeTax": 66700000, "incomeBeforeTaxRatio": 0.3779036827, "incomeTaxExpense": 4200000, "netIncome": 62500000, "netIncomeRatio": 0.3541076487, "eps": 0.72, "epsdiluted": 0.68, "weightedAverageShsOut": 102542000, "weightedAverageShsOutDil": 108174000, "link": "", "finalLink": "", "calculatedOtherExpenses": 10100000, "calculatedOperatingExpenses": 72800000, "calculatedNetInterest": 0, "calculatedOtherIncome": -8800000, "calculatedIncomeNonControlling": 0, "calculatedEbitda": 85600000}, {"date": "1998-12-31", "symbol": "BHC", "reportedCurrency": "USD", "cik": "0000885590", "fillingDate": "1999-06-02", "acceptedDate": "1999-06-02 00:00:00", "calendarYear": "1998", "period": "FY", "revenue": 112800000, "costOfRevenue": 23600000, "grossProfit": 89200000, "grossProfitRatio": 0.7907801418, "researchAndDevelopmentExpenses": 17500000, "generalAndAdministrativeExpenses": 17600000, "sellingAndMarketingExpenses": 0, "sellingGeneralAndAdministrativeExpenses": 17600000, "otherExpenses": 5000000, "operatingExpenses": 40100000, "costAndExpenses": 63700000, "interestIncome": 0, "interestExpense": 0, "depreciationAndAmortization": 5000000, "ebitda": 54100000, "ebitdaratio": 0.4796099291, "operatingIncome": 49100000, "operatingIncomeRatio": 0.4352836879, "totalOtherIncomeExpensesNet": -1700000, "incomeBeforeTax": 47400000, "incomeBeforeTaxRatio": 0.420212766, "incomeTaxExpense": 2000000, "netIncome": 45400000, "netIncomeRatio": 0.4024822695, "eps": 0.65, "epsdiluted": 0.65, "weightedAverageShsOut": 106564000, "weightedAverageShsOutDil": 106564000, "link": "https://www.sec.gov/Archives/edgar/data/885590/000095013599003054/0000950135-99-003054-index.html", "finalLink": "https://www.sec.gov/Archives/edgar/data/885590/000095013599003054/", "calculatedOtherExpenses": 5000000, "calculatedOperatingExpenses": 40100000, "calculatedNetInterest": 0, "calculatedOtherIncome": -1700000, "calculatedIncomeNonControlling": 0, "calculatedEbitda": 54100000}, {"date": "1997-12-31", "symbol": "BHC", "reportedCurrency": "USD", "cik": "0000885590", "fillingDate": "1997-12-31", "acceptedDate": "1997-12-30 19:00:00", "calendarYear": "1997", "period": "FY", "revenue": 82400000, "costOfRevenue": 27700000, "grossProfit": 54700000, "grossProfitRatio": 0.6638349515, "researchAndDevelopmentExpenses": 0, "generalAndAdministrativeExpenses": 14000000, "sellingAndMarketingExpenses": 0, "sellingGeneralAndAdministrativeExpenses": 14000000, "otherExpenses": 3200000, "operatingExpenses": 17200000, "costAndExpenses": 44900000, "interestIncome": 0, "interestExpense": 0, "depreciationAndAmortization": 3200000, "ebitda": 40700000, "ebitdaratio": 0.4939320388, "operatingIncome": 37500000, "operatingIncomeRatio": 0.4550970874, "totalOtherIncomeExpensesNet": -400000, "incomeBeforeTax": 37100000, "incomeBeforeTaxRatio": 0.4502427184, "incomeTaxExpense": 1900000, "netIncome": 35200000, "netIncomeRatio": 0.427184466, "eps": 0.5, "epsdiluted": 0.5, "weightedAverageShsOut": 100571429, "weightedAverageShsOutDil": 100571429, "link": "", "finalLink": "", "calculatedOtherExpenses": 3200000, "calculatedOperatingExpenses": 17200000, "calculatedNetInterest": 0, "calculatedOtherIncome": -400000, "calculatedIncomeNonControlling": 0, "calculatedEbitda": 40700000}, {"date": "1996-12-31", "symbol": "BHC", "reportedCurrency": "USD", "cik": "0000885590", "fillingDate": "1997-06-30", "acceptedDate": "1997-06-30 00:00:00", "calendarYear": "1996", "period": "FY", "revenue": 66400000, "costOfRevenue": 23200000, "grossProfit": 43200000, "grossProfitRatio": 0.6506024096, "researchAndDevelopmentExpenses": 7500000, "generalAndAdministrativeExpenses": 10200000, "sellingAndMarketingExpenses": 0, "sellingGeneralAndAdministrativeExpenses": 10200000, "otherExpenses": 2000000, "operatingExpenses": 19700000, "costAndExpenses": 42900000, "interestIncome": 0, "interestExpense": 0, "depreciationAndAmortization": 2000000, "ebitda": 25500000, "ebitdaratio": 0.3840361446, "operatingIncome": 23500000, "operatingIncomeRatio": 0.3539156627, "totalOtherIncomeExpensesNet": -100000, "incomeBeforeTax": 23400000, "incomeBeforeTaxRatio": 0.3524096386, "incomeTaxExpense": 700000, "netIncome": 22700000, "netIncomeRatio": 0.3418674699, "eps": 0.32, "epsdiluted": 0.32, "weightedAverageShsOut": 98695652, "weightedAverageShsOutDil": 98695652, "link": "https://www.sec.gov/Archives/edgar/data/885590/000095012497003626/0000950124-97-003626-index.html", "finalLink": "https://www.sec.gov/Archives/edgar/data/885590/", "calculatedOtherExpenses": 2000000, "calculatedOperatingExpenses": 19700000, "calculatedNetInterest": 0, "calculatedOtherIncome": -100000, "calculatedIncomeNonControlling": 0, "calculatedEbitda": 25500000}, {"date": "1995-12-31", "symbol": "BHC", "reportedCurrency": "USD", "cik": "0000885590", "fillingDate": "1996-07-12", "acceptedDate": "1996-07-12 00:00:00", "calendarYear": "1995", "period": "FY", "revenue": 20600000, "costOfRevenue": 4200000, "grossProfit": 16400000, "grossProfitRatio": 0.7961165049, "researchAndDevelopmentExpenses": 0, "generalAndAdministrativeExpenses": 12600000, "sellingAndMarketingExpenses": 0, "sellingGeneralAndAdministrativeExpenses": 12600000, "otherExpenses": 1200000, "operatingExpenses": 13800000, "costAndExpenses": 18000000, "interestIncome": 0, "interestExpense": 0, "depreciationAndAmortization": 1200000, "ebitda": 200000, "ebitdaratio": 0.0097087379, "operatingIncome": 2600000, "operatingIncomeRatio": 0.1262135922, "totalOtherIncomeExpensesNet": 3600000, "incomeBeforeTax": 6100000, "incomeBeforeTaxRatio": 0.2961165049, "incomeTaxExpense": 200000, "netIncome": 5900000, "netIncomeRatio": 0.286407767, "eps": 0.08, "epsdiluted": 0.08, "weightedAverageShsOut": 100000000, "weightedAverageShsOutDil": 100000000, "link": "https://www.sec.gov/Archives/edgar/data/885590/000095012396003579/0000950123-96-003579-index.html", "finalLink": "https://www.sec.gov/Archives/edgar/data/885590/", "calculatedOtherExpenses": 1200000, "calculatedOperatingExpenses": 13800000, "calculatedNetInterest": 0, "calculatedOtherIncome": 3500000, "calculatedIncomeNonControlling": 0, "calculatedEbitda": 3800000}, {"date": "1994-12-31", "symbol": "BHC", "reportedCurrency": "USD", "cik": "0000885590", "fillingDate": "1994-12-31", "acceptedDate": "1994-12-30 19:00:00", "calendarYear": "1994", "period": "FY", "revenue": 17300000, "costOfRevenue": 4300000, "grossProfit": 13000000, "grossProfitRatio": 0.7514450867, "researchAndDevelopmentExpenses": 0, "generalAndAdministrativeExpenses": 9300000, "sellingAndMarketingExpenses": 0, "sellingGeneralAndAdministrativeExpenses": 9300000, "otherExpenses": 800000, "operatingExpenses": 10100000, "costAndExpenses": 14400000, "interestIncome": 0, "interestExpense": 0, "depreciationAndAmortization": 800000, "ebitda": -3900000, "ebitdaratio": -0.225433526, "operatingIncome": 2900000, "operatingIncomeRatio": 0.1676300578, "totalOtherIncomeExpensesNet": 7600000, "incomeBeforeTax": 9900000, "incomeBeforeTaxRatio": 0.5722543353, "incomeTaxExpense": 400000, "netIncome": 9500000, "netIncomeRatio": 0.549132948, "eps": 0.16, "epsdiluted": 0.16, "weightedAverageShsOut": 83125000, "weightedAverageShsOutDil": 83125000, "link": "", "finalLink": "", "calculatedOtherExpenses": 800000, "calculatedOperatingExpenses": 10100000, "calculatedNetInterest": 0, "calculatedOtherIncome": 7000000, "calculatedIncomeNonControlling": 0, "calculatedEbitda": 3700000}, {"date": "1993-12-31", "symbol": "BHC", "reportedCurrency": "USD", "cik": "0000885590", "fillingDate": "1993-12-31", "acceptedDate": "1993-12-30 19:00:00", "calendarYear": "1993", "period": "FY", "revenue": 11100000, "costOfRevenue": 2100000, "grossProfit": 9000000, "grossProfitRatio": 0.8108108108, "researchAndDevelopmentExpenses": 0, "generalAndAdministrativeExpenses": 8500000, "sellingAndMarketingExpenses": 0, "sellingGeneralAndAdministrativeExpenses": 8500000, "otherExpenses": 700000, "operatingExpenses": 9200000, "costAndExpenses": 11300000, "interestIncome": 0, "interestExpense": 0, "depreciationAndAmortization": 700000, "ebitda": -5200000, "ebitdaratio": -0.4684684685, "operatingIncome": -200000, "operatingIncomeRatio": -0.018018018, "totalOtherIncomeExpensesNet": 5700000, "incomeBeforeTax": 4100000, "incomeBeforeTaxRatio": 0.3693693694, "incomeTaxExpense": 200000, "netIncome": 3900000, "netIncomeRatio": 0.3513513514, "eps": -0.0531, "epsdiluted": -0.0531, "weightedAverageShsOut": 89116000, "weightedAverageShsOutDil": 89116000, "link": "", "finalLink": "", "calculatedOtherExpenses": 700000, "calculatedOperatingExpenses": 9200000, "calculatedNetInterest": 0, "calculatedOtherIncome": 4300000, "calculatedIncomeNonControlling": 0, "calculatedEbitda": 500000}]}