{"originalCurrency": "USD", "convertedCurrency": "USD", "report": [{"date": "2023-12-31", "symbol": "BHF", "reportedCurrency": "USD", "cik": "0001685040", "fillingDate": "2024-02-22", "acceptedDate": "2024-02-22 17:01:52", "calendarYear": "2023", "period": "FY", "revenue": 4117000000, "costOfRevenue": 1507000000, "grossProfit": 2610000000, "grossProfitRatio": 0.6339567646, "researchAndDevelopmentExpenses": 0, "generalAndAdministrativeExpenses": 730000000, "sellingAndMarketingExpenses": 0, "sellingGeneralAndAdministrativeExpenses": 730000000, "otherExpenses": -2444000000, "operatingExpenses": 2444000000, "costAndExpenses": -5438000000, "interestIncome": 0, "interestExpense": 153000000, "depreciationAndAmortization": 939000000, "ebitda": -1479000000, "ebitdaratio": -0.3592421666, "operatingIncome": -1479000000, "operatingIncomeRatio": -0.3592421666, "totalOtherIncomeExpensesNet": -1474000000, "incomeBeforeTax": -1474000000, "incomeBeforeTaxRatio": -0.3580276901, "incomeTaxExpense": -367000000, "netIncome": -1112000000, "netIncomeRatio": -0.2700995871, "eps": -16.85, "epsdiluted": -16.85, "weightedAverageShsOut": 66013645, "weightedAverageShsOutDil": 66013645, "link": "https://www.sec.gov/Archives/edgar/data/1685040/000168504024000007/0001685040-24-000007-index.htm", "finalLink": "https://www.sec.gov/Archives/edgar/data/1685040/000168504024000007/bhf-20231231.htm", "calculatedOtherExpenses": 3359000000, "calculatedOperatingExpenses": 4089000000, "calculatedNetInterest": -153000000, "calculatedOtherIncome": 158000000, "calculatedIncomeNonControlling": 5000000, "calculatedEbitda": -540000000}, {"date": "2022-12-31", "symbol": "BHF", "reportedCurrency": "USD", "cik": "0001685040", "fillingDate": "2023-02-23", "acceptedDate": "2023-02-23 16:58:22", "calendarYear": "2022", "period": "FY", "revenue": 8473000000, "costOfRevenue": 0, "grossProfit": 8473000000, "grossProfitRatio": 1, "researchAndDevelopmentExpenses": 0, "generalAndAdministrativeExpenses": 647000000, "sellingAndMarketingExpenses": 0, "sellingGeneralAndAdministrativeExpenses": 647000000, "otherExpenses": 8645000000, "operatingExpenses": 8645000000, "costAndExpenses": 8645000000, "interestIncome": 144000000, "interestExpense": 153000000, "depreciationAndAmortization": -233000000, "ebitda": -257000000, "ebitdaratio": -0.0303316417, "operatingIncome": -24000000, "operatingIncomeRatio": -0.0028325268, "totalOtherIncomeExpensesNet": -148000000, "incomeBeforeTax": -172000000, "incomeBeforeTaxRatio": -0.0202997758, "incomeTaxExpense": -182000000, "netIncome": 10000000, "netIncomeRatio": 0.0011802195, "eps": 0.14, "epsdiluted": 0.14, "weightedAverageShsOut": 72970249, "weightedAverageShsOutDil": 73581168, "link": "https://www.sec.gov/Archives/edgar/data/1685040/000168504023000011/0001685040-23-000011-index.htm", "finalLink": "https://www.sec.gov/Archives/edgar/data/1685040/000168504023000011/bhf-20221231.htm", "calculatedOtherExpenses": 7850000000, "calculatedOperatingExpenses": 8497000000, "calculatedNetInterest": -9000000, "calculatedOtherIncome": -139000000, "calculatedIncomeNonControlling": 0, "calculatedEbitda": -257000000}, {"date": "2021-12-31", "symbol": "BHF", "reportedCurrency": "USD", "cik": "0001685040", "fillingDate": "2022-02-24", "acceptedDate": "2022-02-24 17:12:35", "calendarYear": "2021", "period": "FY", "revenue": 7142000000, "costOfRevenue": 0, "grossProfit": 7142000000, "grossProfitRatio": 1, "researchAndDevelopmentExpenses": 0, "generalAndAdministrativeExpenses": 665000000, "sellingAndMarketingExpenses": 0, "sellingGeneralAndAdministrativeExpenses": 665000000, "otherExpenses": -8466000000, "operatingExpenses": -7801000000, "costAndExpenses": 7350000000, "interestIncome": 158000000, "interestExpense": 163000000, "depreciationAndAmortization": 50000000, "ebitda": -659000000, "ebitdaratio": -0.0922710725, "operatingIncome": -659000000, "operatingIncomeRatio": -0.0922710725, "totalOtherIncomeExpensesNet": 451000000, "incomeBeforeTax": -208000000, "incomeBeforeTaxRatio": -0.0291234948, "incomeTaxExpense": -105000000, "netIncome": -103000000, "netIncomeRatio": -0.0144217306, "eps": -1.23, "epsdiluted": -1.23, "weightedAverageShsOut": 83783664, "weightedAverageShsOutDil": 83783664, "link": "https://www.sec.gov/Archives/edgar/data/1685040/000168504022000006/0001685040-22-000006-index.htm", "finalLink": "https://www.sec.gov/Archives/edgar/data/1685040/000168504022000006/bhf-20211231.htm", "calculatedOtherExpenses": 7136000000, "calculatedOperatingExpenses": 7801000000, "calculatedNetInterest": -5000000, "calculatedOtherIncome": 456000000, "calculatedIncomeNonControlling": 0, "calculatedEbitda": -609000000}, {"date": "2020-12-31", "symbol": "BHF", "reportedCurrency": "USD", "cik": "0001685040", "fillingDate": "2021-02-24", "acceptedDate": "2021-02-24 17:15:21", "calendarYear": "2020", "period": "FY", "revenue": 8503000000, "costOfRevenue": 0, "grossProfit": 8503000000, "grossProfitRatio": 1, "researchAndDevelopmentExpenses": 0, "generalAndAdministrativeExpenses": 627000000, "sellingAndMarketingExpenses": 0, "sellingGeneralAndAdministrativeExpenses": 627000000, "otherExpenses": -10967000000, "operatingExpenses": -10340000000, "costAndExpenses": 9922000000, "interestIncome": 179000000, "interestExpense": 184000000, "depreciationAndAmortization": 1240000000, "ebitda": -1837000000, "ebitdaratio": -0.2160413972, "operatingIncome": -1837000000, "operatingIncomeRatio": -0.2160413972, "totalOtherIncomeExpensesNet": 418000000, "incomeBeforeTax": -1419000000, "incomeBeforeTaxRatio": -0.1668822768, "incomeTaxExpense": -363000000, "netIncome": -1056000000, "netIncomeRatio": -0.1241914618, "eps": -11.07, "epsdiluted": -11.07, "weightedAverageShsOut": 95350822, "weightedAverageShsOutDil": 95350822, "link": "https://www.sec.gov/Archives/edgar/data/1685040/000168504021000008/0001685040-21-000008-index.htm", "finalLink": "https://www.sec.gov/Archives/edgar/data/1685040/000168504021000008/bhf-20201231.htm", "calculatedOtherExpenses": 9713000000, "calculatedOperatingExpenses": 10340000000, "calculatedNetInterest": -5000000, "calculatedOtherIncome": 423000000, "calculatedIncomeNonControlling": 0, "calculatedEbitda": -597000000}, {"date": "2019-12-31", "symbol": "BHF", "reportedCurrency": "USD", "cik": "0001685040", "fillingDate": "2020-02-26", "acceptedDate": "2020-02-26 17:24:17", "calendarYear": "2019", "period": "FY", "revenue": 6554000000, "costOfRevenue": 0, "grossProfit": 6554000000, "grossProfitRatio": 1, "researchAndDevelopmentExpenses": 0, "generalAndAdministrativeExpenses": 620000000, "sellingAndMarketingExpenses": 0, "sellingGeneralAndAdministrativeExpenses": 620000000, "otherExpenses": -8620000000, "operatingExpenses": -8000000000, "costAndExpenses": 7606000000, "interestIncome": 157000000, "interestExpense": 191000000, "depreciationAndAmortization": 895000000, "ebitda": -1446000000, "ebitdaratio": -0.2206286237, "operatingIncome": -1446000000, "operatingIncomeRatio": -0.2206286237, "totalOtherIncomeExpensesNet": 394000000, "incomeBeforeTax": -1052000000, "incomeBeforeTaxRatio": -0.160512664, "incomeTaxExpense": -317000000, "netIncome": -735000000, "netIncomeRatio": -0.1121452548, "eps": -6.53, "epsdiluted": -6.53, "weightedAverageShsOut": 112508650, "weightedAverageShsOutDil": 112508650, "link": "https://www.sec.gov/Archives/edgar/data/1685040/000168504020000007/0001685040-20-000007-index.htm", "finalLink": "https://www.sec.gov/Archives/edgar/data/1685040/000168504020000007/brighthouse-12312019x1.htm", "calculatedOtherExpenses": 7380000000, "calculatedOperatingExpenses": 8000000000, "calculatedNetInterest": -34000000, "calculatedOtherIncome": 428000000, "calculatedIncomeNonControlling": 0, "calculatedEbitda": -551000000}, {"date": "2018-12-31", "symbol": "BHF", "reportedCurrency": "USD", "cik": "0001685040", "fillingDate": "2019-02-26", "acceptedDate": "2019-02-26 17:06:39", "calendarYear": "2018", "period": "FY", "revenue": 8965000000, "costOfRevenue": 40000000, "grossProfit": 8925000000, "grossProfitRatio": 0.9955382041, "researchAndDevelopmentExpenses": 0, "generalAndAdministrativeExpenses": 534000000, "sellingAndMarketingExpenses": 0, "sellingGeneralAndAdministrativeExpenses": 534000000, "otherExpenses": -8317000000, "operatingExpenses": -7783000000, "costAndExpenses": 7976000000, "interestIncome": 0, "interestExpense": 158000000, "depreciationAndAmortization": 18000000, "ebitda": 1160000000, "ebitdaratio": 0.1293920803, "operatingIncome": 1142000000, "operatingIncomeRatio": 0.1273842722, "totalOtherIncomeExpensesNet": 397000000, "incomeBeforeTax": 989000000, "incomeBeforeTaxRatio": 0.110317903, "incomeTaxExpense": 119000000, "netIncome": 865000000, "netIncomeRatio": 0.0964863358, "eps": 7.36, "epsdiluted": 7.36, "weightedAverageShsOut": 117532336, "weightedAverageShsOutDil": 117532336, "link": "https://www.sec.gov/Archives/edgar/data/1685040/000168504019000009/0001685040-19-000009-index.htm", "finalLink": "https://www.sec.gov/Archives/edgar/data/1685040/000168504019000009/brighthouse-12312018x10k.htm", "calculatedOtherExpenses": 7249000000, "calculatedOperatingExpenses": 7783000000, "calculatedNetInterest": -158000000, "calculatedOtherIncome": 5000000, "calculatedIncomeNonControlling": 5000000, "calculatedEbitda": 1160000000}, {"date": "2017-12-31", "symbol": "BHF", "reportedCurrency": "USD", "cik": "0001685040", "fillingDate": "2018-03-16", "acceptedDate": "2018-03-15 21:37:04", "calendarYear": "2017", "period": "FY", "revenue": 6842000000, "costOfRevenue": 0, "grossProfit": 6842000000, "grossProfitRatio": 1, "researchAndDevelopmentExpenses": 0, "generalAndAdministrativeExpenses": 592000000, "sellingAndMarketingExpenses": 0, "sellingGeneralAndAdministrativeExpenses": 592000000, "otherExpenses": -7896000000, "operatingExpenses": -7304000000, "costAndExpenses": 7457000000, "interestIncome": 0, "interestExpense": 153000000, "depreciationAndAmortization": 17000000, "ebitda": -445000000, "ebitdaratio": -0.0650394621, "operatingIncome": -462000000, "operatingIncomeRatio": -0.0675241158, "totalOtherIncomeExpensesNet": 651000000, "incomeBeforeTax": -615000000, "incomeBeforeTaxRatio": -0.0898859982, "incomeTaxExpense": -237000000, "netIncome": -378000000, "netIncomeRatio": -0.0552470038, "eps": -3.16, "epsdiluted": -3.16, "weightedAverageShsOut": 119620253, "weightedAverageShsOutDil": 119773106, "link": "https://www.sec.gov/Archives/edgar/data/1685040/000116760918000005/0001167609-18-000005-index.htm", "finalLink": "https://www.sec.gov/Archives/edgar/data/1685040/000116760918000005/brighthouse-12312017x10k.htm", "calculatedOtherExpenses": 6712000000, "calculatedOperatingExpenses": 7304000000, "calculatedNetInterest": -153000000, "calculatedOtherIncome": 0, "calculatedIncomeNonControlling": 0, "calculatedEbitda": -445000000}, {"date": "2016-12-31", "symbol": "BHF", "reportedCurrency": "USD", "cik": "0001685040", "fillingDate": "2016-12-31", "acceptedDate": "2016-12-30 19:00:00", "calendarYear": "2016", "period": "FY", "revenue": 3018000000, "costOfRevenue": 0, "grossProfit": 3018000000, "grossProfitRatio": 1, "researchAndDevelopmentExpenses": 0, "generalAndAdministrativeExpenses": 0, "sellingAndMarketingExpenses": 0, "sellingGeneralAndAdministrativeExpenses": 0, "otherExpenses": -7723000000, "operatingExpenses": -7723000000, "costAndExpenses": 7723000000, "interestIncome": 0, "interestExpense": 0, "depreciationAndAmortization": 17000000, "ebitda": -4688000000, "ebitdaratio": -1.5533465871, "operatingIncome": -4705000000, "operatingIncomeRatio": -1.5589794566, "totalOtherIncomeExpensesNet": 736000000, "incomeBeforeTax": -4705000000, "incomeBeforeTaxRatio": -1.5589794566, "incomeTaxExpense": -1766000000, "netIncome": -2939000000, "netIncomeRatio": -0.9738237243, "eps": -23.95, "epsdiluted": -23.95, "weightedAverageShsOut": 119773106, "weightedAverageShsOutDil": 122723993, "link": "", "finalLink": "", "calculatedOtherExpenses": 7723000000, "calculatedOperatingExpenses": 7723000000, "calculatedNetInterest": 0, "calculatedOtherIncome": 0, "calculatedIncomeNonControlling": 0, "calculatedEbitda": -4688000000}, {"date": "2015-12-31", "symbol": "BHF", "reportedCurrency": "USD", "cik": "0001685040", "fillingDate": "2015-12-31", "acceptedDate": "2015-12-30 19:00:00", "calendarYear": "2015", "period": "FY", "revenue": 8891000000, "costOfRevenue": 0, "grossProfit": 8891000000, "grossProfitRatio": 1, "researchAndDevelopmentExpenses": 0, "generalAndAdministrativeExpenses": 576000000, "sellingAndMarketingExpenses": 0, "sellingGeneralAndAdministrativeExpenses": 576000000, "otherExpenses": -7835000000, "operatingExpenses": -7259000000, "costAndExpenses": 7429000000, "interestIncome": 0, "interestExpense": 170000000, "depreciationAndAmortization": 26000000, "ebitda": 1658000000, "ebitdaratio": 0.1864807108, "operatingIncome": 1632000000, "operatingIncomeRatio": 0.1835564054, "totalOtherIncomeExpensesNet": 422000000, "incomeBeforeTax": 1462000000, "incomeBeforeTaxRatio": 0.1644359465, "incomeTaxExpense": 343000000, "netIncome": 1119000000, "netIncomeRatio": 0.1258576088, "eps": 9.12, "epsdiluted": 9.12, "weightedAverageShsOut": 119773106, "weightedAverageShsOutDil": 122723993, "link": "", "finalLink": "", "calculatedOtherExpenses": 6683000000, "calculatedOperatingExpenses": 7259000000, "calculatedNetInterest": -170000000, "calculatedOtherIncome": 0, "calculatedIncomeNonControlling": 0, "calculatedEbitda": 1658000000}, {"date": "2014-12-31", "symbol": "BHF", "reportedCurrency": "USD", "cik": "0001685040", "fillingDate": "2014-12-31", "acceptedDate": "2014-12-30 19:00:00", "calendarYear": "2014", "period": "FY", "revenue": 9448000000, "costOfRevenue": 0, "grossProfit": 9448000000, "grossProfitRatio": 1, "researchAndDevelopmentExpenses": 0, "generalAndAdministrativeExpenses": 0, "sellingAndMarketingExpenses": 0, "sellingGeneralAndAdministrativeExpenses": 0, "otherExpenses": -7920000000, "operatingExpenses": -7920000000, "costAndExpenses": 7920000000, "interestIncome": 0, "interestExpense": 0, "depreciationAndAmortization": 32000000, "ebitda": 1560000000, "ebitdaratio": 0.1651143099, "operatingIncome": 1528000000, "operatingIncomeRatio": 0.1617273497, "totalOtherIncomeExpensesNet": 535000000, "incomeBeforeTax": 1528000000, "incomeBeforeTaxRatio": 0.1617273497, "incomeTaxExpense": 369000000, "netIncome": 1159000000, "netIncomeRatio": 0.1226714649, "eps": 9.44, "epsdiluted": 9.44, "weightedAverageShsOut": 122723993, "weightedAverageShsOutDil": 122723993, "link": "", "finalLink": "", "calculatedOtherExpenses": 7920000000, "calculatedOperatingExpenses": 7920000000, "calculatedNetInterest": 0, "calculatedOtherIncome": 0, "calculatedIncomeNonControlling": 0, "calculatedEbitda": 1560000000}, {"date": "2013-12-31", "symbol": "BHF", "reportedCurrency": "USD", "cik": "0001685040", "fillingDate": "2013-12-31", "acceptedDate": "2013-12-30 19:00:00", "calendarYear": "2013", "period": "FY", "revenue": 8788000000, "costOfRevenue": 0, "grossProfit": 8788000000, "grossProfitRatio": 1, "researchAndDevelopmentExpenses": 0, "generalAndAdministrativeExpenses": 0, "sellingAndMarketingExpenses": 0, "sellingGeneralAndAdministrativeExpenses": 0, "otherExpenses": 0, "operatingExpenses": 7424000000, "costAndExpenses": 7424000000, "interestIncome": 0, "interestExpense": 0, "depreciationAndAmortization": -1364000000, "ebitda": 0, "ebitdaratio": 0, "operatingIncome": 1364000000, "operatingIncomeRatio": 0.1552116523, "totalOtherIncomeExpensesNet": 0, "incomeBeforeTax": 1364000000, "incomeBeforeTaxRatio": 0.1552116523, "incomeTaxExpense": 333000000, "netIncome": 1031000000, "netIncomeRatio": 0.1173190715, "eps": 0, "epsdiluted": 0, "weightedAverageShsOut": 0, "weightedAverageShsOutDil": 0, "link": null, "finalLink": null, "calculatedOtherExpenses": 7424000000, "calculatedOperatingExpenses": 7424000000, "calculatedNetInterest": 0, "calculatedOtherIncome": 0, "calculatedIncomeNonControlling": 0, "calculatedEbitda": 0}]}