{"originalCurrency": "USD", "convertedCurrency": "USD", "report": [{"date": "2023-12-31", "symbol": "BIO", "reportedCurrency": "USD", "cik": "0000012208", "fillingDate": "2024-02-16", "acceptedDate": "2024-02-16 16:31:26", "calendarYear": "2023", "period": "FY", "revenue": 2671262000, "costOfRevenue": 1239916000, "grossProfit": 1431346000, "grossProfitRatio": 0.5358313786, "researchAndDevelopmentExpenses": 226927000, "generalAndAdministrativeExpenses": 0, "sellingAndMarketingExpenses": 0, "sellingGeneralAndAdministrativeExpenses": 820623000, "otherExpenses": 2300000, "operatingExpenses": 1047550000, "costAndExpenses": 2287466000, "interestIncome": 100900000, "interestExpense": 49439000, "depreciationAndAmortization": 192400000, "ebitda": 576196000, "ebitdaratio": 0.2157017919, "operatingIncome": 383796000, "operatingIncomeRatio": 0.1436759105, "totalOtherIncomeExpensesNet": -1233900000, "incomeBeforeTax": -850104000, "incomeBeforeTaxRatio": -0.3182405919, "incomeTaxExpense": -212780000, "netIncome": -637324000, "netIncomeRatio": -0.2385853578, "eps": -21.82, "epsdiluted": -21.82, "weightedAverageShsOut": 29209000, "weightedAverageShsOutDil": 29209000, "link": "https://www.sec.gov/Archives/edgar/data/12208/000001220824000013/0000012208-24-000013-index.htm", "finalLink": "https://www.sec.gov/Archives/edgar/data/12208/000001220824000013/bio-20231231.htm", "calculatedOtherExpenses": 0, "calculatedOperatingExpenses": 1047550000, "calculatedNetInterest": 51461000, "calculatedOtherIncome": -1285361000, "calculatedIncomeNonControlling": 0, "calculatedEbitda": 576196000}, {"date": "2022-12-31", "symbol": "BIO", "reportedCurrency": "USD", "cik": "0000012208", "fillingDate": "2023-02-17", "acceptedDate": "2023-02-17 17:07:55", "calendarYear": "2022", "period": "FY", "revenue": 2802249000, "costOfRevenue": 1234919000, "grossProfit": 1567330000, "grossProfitRatio": 0.5593114673, "researchAndDevelopmentExpenses": 256889000, "generalAndAdministrativeExpenses": 0, "sellingAndMarketingExpenses": 0, "sellingGeneralAndAdministrativeExpenses": 827825000, "otherExpenses": 44574000, "operatingExpenses": 1084714000, "costAndExpenses": 2319633000, "interestIncome": 58000000, "interestExpense": 38114000, "depreciationAndAmortization": 181870000, "ebitda": 664486000, "ebitdaratio": 0.2371259656, "operatingIncome": 482616000, "operatingIncomeRatio": 0.1722245239, "totalOtherIncomeExpensesNet": -5186889000, "incomeBeforeTax": -4704273000, "incomeBeforeTaxRatio": -1.6787491047, "incomeTaxExpense": -1076738000, "netIncome": -3627535000, "netIncomeRatio": -1.2945084466, "eps": -121.79, "epsdiluted": -121.79, "weightedAverageShsOut": 29785000, "weightedAverageShsOutDil": 29785000, "link": "https://www.sec.gov/Archives/edgar/data/12208/000001220823000031/0000012208-23-000031-index.htm", "finalLink": "https://www.sec.gov/Archives/edgar/data/12208/000001220823000031/bio-20221231.htm", "calculatedOtherExpenses": 0, "calculatedOperatingExpenses": 1084714000, "calculatedNetInterest": 19886000, "calculatedOtherIncome": -5206775000, "calculatedIncomeNonControlling": 0, "calculatedEbitda": 664486000}, {"date": "2021-12-31", "symbol": "BIO", "reportedCurrency": "USD", "cik": "0000012208", "fillingDate": "2022-02-11", "acceptedDate": "2022-02-11 16:35:56", "calendarYear": "2021", "period": "FY", "revenue": 2922545000, "costOfRevenue": 1281884000, "grossProfit": 1640661000, "grossProfitRatio": 0.5613809197, "researchAndDevelopmentExpenses": 271657000, "generalAndAdministrativeExpenses": 0, "sellingAndMarketingExpenses": 0, "sellingGeneralAndAdministrativeExpenses": 879574000, "otherExpenses": 26775000, "operatingExpenses": 1151231000, "costAndExpenses": 2433115000, "interestIncome": 18900000, "interestExpense": 1551000, "depreciationAndAmortization": 160576000, "ebitda": 650006000, "ebitdaratio": 0.2224109466, "operatingIncome": 489430000, "operatingIncomeRatio": 0.1674670535, "totalOtherIncomeExpensesNet": 4948719000, "incomeBeforeTax": 5438149000, "incomeBeforeTaxRatio": 1.8607580037, "incomeTaxExpense": 1192247000, "netIncome": 4254257000, "netIncomeRatio": 1.4556686039, "eps": 142.61, "epsdiluted": 140.83, "weightedAverageShsOut": 29831000, "weightedAverageShsOutDil": 30208000, "link": "https://www.sec.gov/Archives/edgar/data/12208/000001220822000011/0000012208-22-000011-index.htm", "finalLink": "https://www.sec.gov/Archives/edgar/data/12208/000001220822000011/bio-20211231.htm", "calculatedOtherExpenses": 0, "calculatedOperatingExpenses": 1151231000, "calculatedNetInterest": 17349000, "calculatedOtherIncome": 4931370000, "calculatedIncomeNonControlling": -8355000, "calculatedEbitda": 650006000}, {"date": "2020-12-31", "symbol": "BIO", "reportedCurrency": "USD", "cik": "0000012208", "fillingDate": "2021-02-16", "acceptedDate": "2021-02-12 21:00:53", "calendarYear": "2020", "period": "FY", "revenue": 2545626000, "costOfRevenue": 1107804000, "grossProfit": 1437822000, "grossProfitRatio": 0.5648205982, "researchAndDevelopmentExpenses": 226598000, "generalAndAdministrativeExpenses": 0, "sellingAndMarketingExpenses": 0, "sellingGeneralAndAdministrativeExpenses": 800267000, "otherExpenses": 24488000, "operatingExpenses": 1026865000, "costAndExpenses": 2134669000, "interestIncome": 18200000, "interestExpense": 21861000, "depreciationAndAmortization": 162615000, "ebitda": 573572000, "ebitdaratio": 0.2253166805, "operatingIncome": 410957000, "operatingIncomeRatio": 0.161436519, "totalOtherIncomeExpensesNet": 4496681000, "incomeBeforeTax": 4907638000, "incomeBeforeTaxRatio": 1.927870787, "incomeTaxExpense": 1101371000, "netIncome": 3814229000, "netIncomeRatio": 1.4983461828, "eps": 127.86, "epsdiluted": 126.2, "weightedAverageShsOut": 29768000, "weightedAverageShsOutDil": 30160000, "link": "https://www.sec.gov/Archives/edgar/data/12208/000001220821000012/0000012208-21-000012-index.htm", "finalLink": "https://www.sec.gov/Archives/edgar/data/12208/000001220821000012/bio-20201231.htm", "calculatedOtherExpenses": 0, "calculatedOperatingExpenses": 1026865000, "calculatedNetInterest": -3661000, "calculatedOtherIncome": 4500342000, "calculatedIncomeNonControlling": -7962000, "calculatedEbitda": 573572000}, {"date": "2019-12-31", "symbol": "BIO", "reportedCurrency": "USD", "cik": "0000012208", "fillingDate": "2020-03-02", "acceptedDate": "2020-03-02 07:53:45", "calendarYear": "2019", "period": "FY", "revenue": 2311659000, "costOfRevenue": 1054663000, "grossProfit": 1256996000, "grossProfitRatio": 0.5437635914, "researchAndDevelopmentExpenses": 202710000, "generalAndAdministrativeExpenses": 0, "sellingAndMarketingExpenses": 0, "sellingGeneralAndAdministrativeExpenses": 824625000, "otherExpenses": 26094000, "operatingExpenses": 1027335000, "costAndExpenses": 2081998000, "interestIncome": 30500000, "interestExpense": 23416000, "depreciationAndAmortization": 160332000, "ebitda": 389993000, "ebitdaratio": 0.1687069762, "operatingIncome": 229661000, "operatingIncomeRatio": 0.0993489957, "totalOtherIncomeExpensesNet": 2031420000, "incomeBeforeTax": 2261081000, "incomeBeforeTaxRatio": 0.9781204754, "incomeTaxExpense": 502406000, "netIncome": 1758675000, "netIncomeRatio": 0.760784787, "eps": 58.93, "epsdiluted": 58.27, "weightedAverageShsOut": 29843000, "weightedAverageShsOutDil": 30184000, "link": "https://www.sec.gov/Archives/edgar/data/12208/000001220820000012/0000012208-20-000012-index.htm", "finalLink": "https://www.sec.gov/Archives/edgar/data/12208/000001220820000012/a10k123119.htm", "calculatedOtherExpenses": 0, "calculatedOperatingExpenses": 1027335000, "calculatedNetInterest": 7084000, "calculatedOtherIncome": 2024336000, "calculatedIncomeNonControlling": 0, "calculatedEbitda": 389993000}, {"date": "2018-12-31", "symbol": "BIO", "reportedCurrency": "USD", "cik": "0000012208", "fillingDate": "2019-04-01", "acceptedDate": "2019-03-29 21:07:23", "calendarYear": "2018", "period": "FY", "revenue": 2290109000, "costOfRevenue": 1065747000, "grossProfit": 1224362000, "grossProfitRatio": 0.5346304477, "researchAndDevelopmentExpenses": 199196000, "generalAndAdministrativeExpenses": 834783000, "sellingAndMarketingExpenses": -1489000, "sellingGeneralAndAdministrativeExpenses": 833294000, "otherExpenses": 36593000, "operatingExpenses": 1032490000, "costAndExpenses": 2098237000, "interestIncome": 26600000, "interestExpense": 23962000, "depreciationAndAmortization": 138088000, "ebitda": 366553000, "ebitdaratio": 0.1600591937, "operatingIncome": -108641000, "operatingIncomeRatio": -0.0474392267, "totalOtherIncomeExpensesNet": 339449000, "incomeBeforeTax": 507359000, "incomeBeforeTaxRatio": 0.2215436034, "incomeTaxExpense": 146363000, "netIncome": 360996000, "netIncomeRatio": 0.1576326716, "eps": 12.1, "epsdiluted": 11.94, "weightedAverageShsOut": 29836000, "weightedAverageShsOutDil": 30228000, "link": "https://www.sec.gov/Archives/edgar/data/12208/000001220819000014/0000012208-19-000014-index.htm", "finalLink": "https://www.sec.gov/Archives/edgar/data/12208/000001220819000014/a10k123118.htm", "calculatedOtherExpenses": 300513000, "calculatedOperatingExpenses": 1333003000, "calculatedNetInterest": 2638000, "calculatedOtherIncome": 613362000, "calculatedIncomeNonControlling": 0, "calculatedEbitda": 29447000}, {"date": "2017-12-31", "symbol": "BIO", "reportedCurrency": "USD", "cik": "0000012208", "fillingDate": "2018-04-16", "acceptedDate": "2018-04-13 17:50:43", "calendarYear": "2017", "period": "FY", "revenue": 2160153000, "costOfRevenue": 972754000, "grossProfit": 1187399000, "grossProfitRatio": 0.5496828234, "researchAndDevelopmentExpenses": 250301000, "generalAndAdministrativeExpenses": 808942000, "sellingAndMarketingExpenses": 0, "sellingGeneralAndAdministrativeExpenses": 808942000, "otherExpenses": 12197000, "operatingExpenses": 1059243000, "costAndExpenses": 2031997000, "interestIncome": 19100000, "interestExpense": 21914000, "depreciationAndAmortization": 148682000, "ebitda": 289035000, "ebitdaratio": 0.1338030223, "operatingIncome": 116650000, "operatingIncomeRatio": 0.0540008046, "totalOtherIncomeExpensesNet": -8437000, "incomeBeforeTax": 97805000, "incomeBeforeTaxRatio": 0.0452768855, "incomeTaxExpense": -16935000, "netIncome": 114740000, "netIncomeRatio": 0.0531166079, "eps": 4.12, "epsdiluted": 4.07, "weightedAverageShsOut": 29655000, "weightedAverageShsOutDil": 30034000, "link": "https://www.sec.gov/Archives/edgar/data/12208/000001220818000014/0000012208-18-000014-index.htm", "finalLink": "https://www.sec.gov/Archives/edgar/data/12208/000001220818000014/a10k123117.htm", "calculatedOtherExpenses": 11506000, "calculatedOperatingExpenses": 1070749000, "calculatedNetInterest": -2814000, "calculatedOtherIncome": -16031000, "calculatedIncomeNonControlling": 0, "calculatedEbitda": 265332000}, {"date": "2016-12-31", "symbol": "BIO", "reportedCurrency": "USD", "cik": "0000012208", "fillingDate": "2017-03-01", "acceptedDate": "2017-02-28 20:11:41", "calendarYear": "2016", "period": "FY", "revenue": 2068172000, "costOfRevenue": 930085000, "grossProfit": 1138087000, "grossProfitRatio": 0.5502864365, "researchAndDevelopmentExpenses": 205864000, "generalAndAdministrativeExpenses": 816724000, "sellingAndMarketingExpenses": 0, "sellingGeneralAndAdministrativeExpenses": 816724000, "otherExpenses": 14850000, "operatingExpenses": 1022588000, "costAndExpenses": 1952673000, "interestIncome": 14700000, "interestExpense": 21942000, "depreciationAndAmortization": 142897000, "ebitda": 273246000, "ebitdaratio": 0.1321195723, "operatingIncome": 53194000, "operatingIncomeRatio": 0.0257202979, "totalOtherIncomeExpensesNet": -51997000, "incomeBeforeTax": 41560000, "incomeBeforeTaxRatio": 0.0200950405, "incomeTaxExpense": 13435000, "netIncome": 28125000, "netIncomeRatio": 0.0135989657, "eps": 0.88, "epsdiluted": 0.88, "weightedAverageShsOut": 29440000, "weightedAverageShsOutDil": 29646000, "link": "https://www.sec.gov/Archives/edgar/data/12208/000001220817000012/0000012208-17-000012-index.htm", "finalLink": "https://www.sec.gov/Archives/edgar/data/12208/000001220817000012/a10k123116.htm", "calculatedOtherExpenses": 62305000, "calculatedOperatingExpenses": 1084893000, "calculatedNetInterest": -7242000, "calculatedOtherIncome": -4392000, "calculatedIncomeNonControlling": 0, "calculatedEbitda": 196091000}, {"date": "2015-12-31", "symbol": "BIO", "reportedCurrency": "USD", "cik": "0000012208", "fillingDate": "2016-02-29", "acceptedDate": "2016-02-29 15:29:50", "calendarYear": "2015", "period": "FY", "revenue": 2019441000, "costOfRevenue": 897771000, "grossProfit": 1121670000, "grossProfitRatio": 0.5554358855, "researchAndDevelopmentExpenses": 192972000, "generalAndAdministrativeExpenses": 761990000, "sellingAndMarketingExpenses": 0, "sellingGeneralAndAdministrativeExpenses": 761990000, "otherExpenses": 11080000, "operatingExpenses": 954962000, "costAndExpenses": 1852733000, "interestIncome": 10100000, "interestExpense": 21692000, "depreciationAndAmortization": 131848000, "ebitda": 309636000, "ebitdaratio": 0.1533275793, "operatingIncome": 166708000, "operatingIncomeRatio": 0.0825515576, "totalOtherIncomeExpensesNet": 831000, "incomeBeforeTax": 145847000, "incomeBeforeTaxRatio": 0.0722214712, "incomeTaxExpense": 32754000, "netIncome": 113093000, "netIncomeRatio": 0.0560021313, "eps": 3.74, "epsdiluted": 3.71, "weightedAverageShsOut": 29186000, "weightedAverageShsOutDil": 29409000, "link": "https://www.sec.gov/Archives/edgar/data/12208/000001220816000053/0000012208-16-000053-index.htm", "finalLink": "https://www.sec.gov/Archives/edgar/data/12208/000001220816000053/a10k123115.htm", "calculatedOtherExpenses": 0, "calculatedOperatingExpenses": 954962000, "calculatedNetInterest": -11592000, "calculatedOtherIncome": -9269000, "calculatedIncomeNonControlling": 0, "calculatedEbitda": 298556000}, {"date": "2014-12-31", "symbol": "BIO", "reportedCurrency": "USD", "cik": "0000012208", "fillingDate": "2015-03-02", "acceptedDate": "2015-03-02 15:01:26", "calendarYear": "2014", "period": "FY", "revenue": 2175044000, "costOfRevenue": 996527000, "grossProfit": 1178517000, "grossProfitRatio": 0.5418359353, "researchAndDevelopmentExpenses": 220333000, "generalAndAdministrativeExpenses": 808200000, "sellingAndMarketingExpenses": 0, "sellingGeneralAndAdministrativeExpenses": 808200000, "otherExpenses": 13009000, "operatingExpenses": 1028533000, "costAndExpenses": 2025060000, "interestIncome": 13500000, "interestExpense": 22131000, "depreciationAndAmortization": 149889000, "ebitda": 312882000, "ebitdaratio": 0.143850883, "operatingIncome": 149984000, "operatingIncomeRatio": 0.0689567659, "totalOtherIncomeExpensesNet": 3704000, "incomeBeforeTax": 131557000, "incomeBeforeTaxRatio": 0.0604847534, "incomeTaxExpense": 42712000, "netIncome": 88845000, "netIncomeRatio": 0.0408474495, "eps": 3.08, "epsdiluted": 3.05, "weightedAverageShsOut": 28876000, "weightedAverageShsOutDil": 29133000, "link": "https://www.sec.gov/Archives/edgar/data/12208/000001220815000012/0000012208-15-000012-index.htm", "finalLink": "https://www.sec.gov/Archives/edgar/data/12208/000001220815000012/a10k123114.htm", "calculatedOtherExpenses": 0, "calculatedOperatingExpenses": 1028533000, "calculatedNetInterest": -8631000, "calculatedOtherIncome": -9796000, "calculatedIncomeNonControlling": 0, "calculatedEbitda": 299873000}, {"date": "2013-12-31", "symbol": "BIO", "reportedCurrency": "USD", "cik": "0000012208", "fillingDate": "2014-03-18", "acceptedDate": "2014-03-17 18:31:45", "calendarYear": "2013", "period": "FY", "revenue": 2132694000, "costOfRevenue": 954216000, "grossProfit": 1178478000, "grossProfitRatio": 0.552577163, "researchAndDevelopmentExpenses": 210952000, "generalAndAdministrativeExpenses": 798070000, "sellingAndMarketingExpenses": 0, "sellingGeneralAndAdministrativeExpenses": 798070000, "otherExpenses": 12766000, "operatingExpenses": 1009022000, "costAndExpenses": 1963238000, "interestIncome": 13400000, "interestExpense": 61271000, "depreciationAndAmortization": 147157000, "ebitda": 329379000, "ebitdaratio": 0.1544426908, "operatingIncome": 169456000, "operatingIncomeRatio": 0.0794563121, "totalOtherIncomeExpensesNet": 4200000, "incomeBeforeTax": 112385000, "incomeBeforeTaxRatio": 0.0526962612, "incomeTaxExpense": 34574000, "netIncome": 77790000, "netIncomeRatio": 0.0364749936, "eps": 2.72, "epsdiluted": 2.69, "weightedAverageShsOut": 28586000, "weightedAverageShsOutDil": 28906000, "link": "https://www.sec.gov/Archives/edgar/data/12208/000001220814000020/0000012208-14-000020-index.htm", "finalLink": "https://www.sec.gov/Archives/edgar/data/12208/000001220814000020/a10k123113.htm", "calculatedOtherExpenses": 0, "calculatedOperatingExpenses": 1009022000, "calculatedNetInterest": -47871000, "calculatedOtherIncome": -9200000, "calculatedIncomeNonControlling": 21000, "calculatedEbitda": 316613000}, {"date": "2012-12-31", "symbol": "BIO", "reportedCurrency": "USD", "cik": "0000012208", "fillingDate": "2013-03-18", "acceptedDate": "2013-03-18 16:27:34", "calendarYear": "2012", "period": "FY", "revenue": 2069235000, "costOfRevenue": 908190000, "grossProfit": 1161045000, "grossProfitRatio": 0.5610986669, "researchAndDevelopmentExpenses": 214040000, "generalAndAdministrativeExpenses": 682898000, "sellingAndMarketingExpenses": 0, "sellingGeneralAndAdministrativeExpenses": 682898000, "otherExpenses": 21778000, "operatingExpenses": 896938000, "costAndExpenses": 1805128000, "interestIncome": 11400000, "interestExpense": 49263000, "depreciationAndAmortization": 130424000, "ebitda": 416309000, "ebitdaratio": 0.2011898117, "operatingIncome": 264107000, "operatingIncomeRatio": 0.1276350922, "totalOtherIncomeExpensesNet": 16738000, "incomeBeforeTax": 231582000, "incomeBeforeTaxRatio": 0.1119167228, "incomeTaxExpense": 62279000, "netIncome": 169234000, "netIncomeRatio": 0.0817857807, "eps": 5.85, "epsdiluted": 5.78, "weightedAverageShsOut": 28290000, "weightedAverageShsOutDil": 28642000, "link": "https://www.sec.gov/Archives/edgar/data/12208/000001220813000007/0000012208-13-000007-index.htm", "finalLink": "https://www.sec.gov/Archives/edgar/data/12208/000001220813000007/a10k123112.htm", "calculatedOtherExpenses": 0, "calculatedOperatingExpenses": 896938000, "calculatedNetInterest": -37863000, "calculatedOtherIncome": 5338000, "calculatedIncomeNonControlling": 69000, "calculatedEbitda": 394531000}, {"date": "2011-12-31", "symbol": "BIO", "reportedCurrency": "USD", "cik": "0000012208", "fillingDate": "2012-02-29", "acceptedDate": "2012-02-29 14:55:58", "calendarYear": "2011", "period": "FY", "revenue": 2073529000, "costOfRevenue": 895640000, "grossProfit": 1177889000, "grossProfitRatio": 0.5680600561, "researchAndDevelopmentExpenses": 186439000, "generalAndAdministrativeExpenses": 696294000, "sellingAndMarketingExpenses": 0, "sellingGeneralAndAdministrativeExpenses": 696294000, "otherExpenses": 0, "operatingExpenses": 882733000, "costAndExpenses": 1778373000, "interestIncome": 0, "interestExpense": 53135000, "depreciationAndAmortization": 120956000, "ebitda": 416112000, "ebitdaratio": 0.2006781675, "operatingIncome": 295156000, "operatingIncomeRatio": 0.1423447659, "totalOtherIncomeExpensesNet": -6259000, "incomeBeforeTax": 235762000, "incomeBeforeTaxRatio": 0.1137008453, "incomeTaxExpense": 57739000, "netIncome": 178223000, "netIncomeRatio": 0.0859515348, "eps": 6.39, "epsdiluted": 6.29, "weightedAverageShsOut": 28031000, "weightedAverageShsOutDil": 28468000, "link": "https://www.sec.gov/Archives/edgar/data/12208/000001220812000008/0000012208-12-000008-index.htm", "finalLink": "https://www.sec.gov/Archives/edgar/data/12208/000001220812000008/a10k123111.htm", "calculatedOtherExpenses": 0, "calculatedOperatingExpenses": 882733000, "calculatedNetInterest": -53135000, "calculatedOtherIncome": -6259000, "calculatedIncomeNonControlling": -200000, "calculatedEbitda": 416112000}, {"date": "2010-12-31", "symbol": "BIO", "reportedCurrency": "USD", "cik": "0000012208", "fillingDate": "2011-02-28", "acceptedDate": "2011-02-28 15:24:26", "calendarYear": "2010", "period": "FY", "revenue": 1927118000, "costOfRevenue": 835630000, "grossProfit": 1091488000, "grossProfitRatio": 0.5663835842, "researchAndDevelopmentExpenses": 172266000, "generalAndAdministrativeExpenses": 0, "sellingAndMarketingExpenses": 0, "sellingGeneralAndAdministrativeExpenses": 635213000, "otherExpenses": 0, "operatingExpenses": 807479000, "costAndExpenses": 1643109000, "interestIncome": 0, "interestExpense": 63717000, "depreciationAndAmortization": 108911000, "ebitda": 392920000, "ebitdaratio": 0.2038899538, "operatingIncome": 284009000, "operatingIncomeRatio": 0.1473749921, "totalOtherIncomeExpensesNet": -9000, "incomeBeforeTax": 220283000, "incomeBeforeTaxRatio": 0.1143069599, "incomeTaxExpense": 33348000, "netIncome": 185490000, "netIncomeRatio": 0.0962525388, "eps": 6.7, "epsdiluted": 6.59, "weightedAverageShsOut": 27665000, "weightedAverageShsOutDil": 28151000, "link": "https://www.sec.gov/Archives/edgar/data/12208/000001220811000016/0000012208-11-000016-index.htm", "finalLink": "https://www.sec.gov/Archives/edgar/data/12208/000001220811000016/form10k12312010final.htm", "calculatedOtherExpenses": 0, "calculatedOperatingExpenses": 807479000, "calculatedNetInterest": -63717000, "calculatedOtherIncome": -9000, "calculatedIncomeNonControlling": 1445000, "calculatedEbitda": 392920000}, {"date": "2009-12-31", "symbol": "BIO", "reportedCurrency": "USD", "cik": "0000012208", "fillingDate": "2010-02-26", "acceptedDate": "2010-02-26 17:18:58", "calendarYear": "2009", "period": "FY", "revenue": 1784244000, "costOfRevenue": 784401000, "grossProfit": 999843000, "grossProfitRatio": 0.5603734691, "researchAndDevelopmentExpenses": 163585000, "generalAndAdministrativeExpenses": 601468000, "sellingAndMarketingExpenses": 0, "sellingGeneralAndAdministrativeExpenses": 601468000, "otherExpenses": 0, "operatingExpenses": 765053000, "costAndExpenses": 1549454000, "interestIncome": 0, "interestExpense": 47024000, "depreciationAndAmortization": 101682000, "ebitda": 336472000, "ebitdaratio": 0.1885795889, "operatingIncome": 230988000, "operatingIncomeRatio": 0.1294598721, "totalOtherIncomeExpensesNet": -1934000, "incomeBeforeTax": 185832000, "incomeBeforeTaxRatio": 0.1041516743, "incomeTaxExpense": 36667000, "netIncome": 144620000, "netIncomeRatio": 0.0810539366, "eps": 5.28, "epsdiluted": 5.2, "weightedAverageShsOut": 27404000, "weightedAverageShsOutDil": 27828000, "link": "https://www.sec.gov/Archives/edgar/data/12208/000001220810000013/0000012208-10-000013-index.htm", "finalLink": "https://www.sec.gov/Archives/edgar/data/12208/000001220810000013/b10k12312009.htm", "calculatedOtherExpenses": 3802000, "calculatedOperatingExpenses": 768855000, "calculatedNetInterest": -47024000, "calculatedOtherIncome": 1868000, "calculatedIncomeNonControlling": 4545000, "calculatedEbitda": 332670000}, {"date": "2008-12-31", "symbol": "BIO", "reportedCurrency": "USD", "cik": "0000012208", "fillingDate": "2009-02-27", "acceptedDate": "2009-02-27 16:06:27", "calendarYear": "2008", "period": "FY", "revenue": 1764365000, "costOfRevenue": 801843000, "grossProfit": 962522000, "grossProfitRatio": 0.5455345124, "researchAndDevelopmentExpenses": 159518000, "generalAndAdministrativeExpenses": 591304000, "sellingAndMarketingExpenses": 0, "sellingGeneralAndAdministrativeExpenses": 591304000, "otherExpenses": 0, "operatingExpenses": 808336000, "costAndExpenses": 1610179000, "interestIncome": 0, "interestExpense": 32113000, "depreciationAndAmortization": 97088000, "ebitda": 242934000, "ebitdaratio": 0.137689197, "operatingIncome": 182943000, "operatingIncomeRatio": 0.103687729, "totalOtherIncomeExpensesNet": 29110000, "incomeBeforeTax": 142843000, "incomeBeforeTaxRatio": 0.0809600054, "incomeTaxExpense": 44579000, "netIncome": 89510000, "netIncomeRatio": 0.0507321331, "eps": 3.3, "epsdiluted": 3.24, "weightedAverageShsOut": 27112000, "weightedAverageShsOutDil": 27638000, "link": "https://www.sec.gov/Archives/edgar/data/12208/000001220809000011/0000012208-09-000011-index.htm", "finalLink": "https://www.sec.gov/Archives/edgar/data/12208/000001220809000011/f10k12312008.htm", "calculatedOtherExpenses": 28757000, "calculatedOperatingExpenses": 779579000, "calculatedNetInterest": -32113000, "calculatedOtherIncome": -7987000, "calculatedIncomeNonControlling": 8754000, "calculatedEbitda": 280031000}, {"date": "2007-12-31", "symbol": "BIO", "reportedCurrency": "USD", "cik": "0000012208", "fillingDate": "2008-02-29", "acceptedDate": "2008-02-29 17:24:08", "calendarYear": "2007", "period": "FY", "revenue": 1461052000, "costOfRevenue": 669690000, "grossProfit": 791362000, "grossProfitRatio": 0.5416384906, "researchAndDevelopmentExpenses": 140535000, "generalAndAdministrativeExpenses": 507978000, "sellingAndMarketingExpenses": 0, "sellingGeneralAndAdministrativeExpenses": 507978000, "otherExpenses": 0, "operatingExpenses": 648513000, "costAndExpenses": 1318203000, "interestIncome": 0, "interestExpense": 0, "depreciationAndAmortization": 67300000, "ebitda": 200549000, "ebitdaratio": 0.1372634239, "operatingIncome": 135193000, "operatingIncomeRatio": 0.092531272, "totalOtherIncomeExpensesNet": 9600000, "incomeBeforeTax": 120843000, "incomeBeforeTaxRatio": 0.0827095819, "incomeTaxExpense": 26548000, "netIncome": 92994000, "netIncomeRatio": 0.0636486586, "eps": 3.48, "epsdiluted": 3.41, "weightedAverageShsOut": 26716000, "weightedAverageShsOutDil": 27292000, "link": "https://www.sec.gov/Archives/edgar/data/12208/000001220808000008/0000012208-08-000008-index.htm", "finalLink": "https://www.sec.gov/Archives/edgar/data/12208/000001220808000008/f10k12312007.htm", "calculatedOtherExpenses": 7656000, "calculatedOperatingExpenses": 656169000, "calculatedNetInterest": 0, "calculatedOtherIncome": -14350000, "calculatedIncomeNonControlling": 1301000, "calculatedEbitda": 202493000}, {"date": "2006-12-31", "symbol": "BIO", "reportedCurrency": "USD", "cik": "0000012208", "fillingDate": "2007-03-01", "acceptedDate": "2007-02-28 20:48:43", "calendarYear": "2006", "period": "FY", "revenue": 1273930000, "costOfRevenue": 561394000, "grossProfit": 712536000, "grossProfitRatio": 0.5593211558, "researchAndDevelopmentExpenses": 123376000, "generalAndAdministrativeExpenses": 438949000, "sellingAndMarketingExpenses": 0, "sellingGeneralAndAdministrativeExpenses": 438949000, "otherExpenses": 0, "operatingExpenses": 562325000, "costAndExpenses": 1123719000, "interestIncome": 0, "interestExpense": 0, "depreciationAndAmortization": 55400000, "ebitda": 181773000, "ebitdaratio": 0.1426868038, "operatingIncome": 146111000, "operatingIncomeRatio": 0.114693115, "totalOtherIncomeExpensesNet": 23838000, "incomeBeforeTax": 142027000, "incomeBeforeTaxRatio": 0.1114872874, "incomeTaxExpense": 38764000, "netIncome": 103263000, "netIncomeRatio": 0.0810586139, "eps": 3.92, "epsdiluted": 3.83, "weightedAverageShsOut": 26376000, "weightedAverageShsOutDil": 26949000, "link": "https://www.sec.gov/Archives/edgar/data/12208/000001220807000011/0000012208-07-000011-index.htm", "finalLink": "https://www.sec.gov/Archives/edgar/data/12208/000001220807000011/f10k123106.htm", "calculatedOtherExpenses": 4100000, "calculatedOperatingExpenses": 566425000, "calculatedNetInterest": 0, "calculatedOtherIncome": -4084000, "calculatedIncomeNonControlling": 0, "calculatedEbitda": 201511000}, {"date": "2005-12-31", "symbol": "BIO", "reportedCurrency": "USD", "cik": "0000012208", "fillingDate": "2006-03-03", "acceptedDate": "2006-03-03 14:01:52", "calendarYear": "2005", "period": "FY", "revenue": 1180985000, "costOfRevenue": 534499000, "grossProfit": 646486000, "grossProfitRatio": 0.5474125412, "researchAndDevelopmentExpenses": 115104000, "generalAndAdministrativeExpenses": 416084000, "sellingAndMarketingExpenses": 0, "sellingGeneralAndAdministrativeExpenses": 416084000, "otherExpenses": 0, "operatingExpenses": 531188000, "costAndExpenses": 1065687000, "interestIncome": 0, "interestExpense": 0, "depreciationAndAmortization": 61000000, "ebitda": 165583000, "ebitdaratio": 0.1402075386, "operatingIncome": 115298000, "operatingIncomeRatio": 0.0976286744, "totalOtherIncomeExpensesNet": 10715000, "incomeBeforeTax": 93371000, "incomeBeforeTaxRatio": 0.0790619695, "incomeTaxExpense": 15792000, "netIncome": 81553000, "netIncomeRatio": 0.0690550684, "eps": 3.13, "epsdiluted": 3.06, "weightedAverageShsOut": 26063000, "weightedAverageShsOutDil": 26662000, "link": "https://www.sec.gov/Archives/edgar/data/12208/000001220806000009/0000012208-06-000009-index.htm", "finalLink": "https://www.sec.gov/Archives/edgar/data/12208/000001220806000009/f10k123105.htm", "calculatedOtherExpenses": 0, "calculatedOperatingExpenses": 531188000, "calculatedNetInterest": 0, "calculatedOtherIncome": -21927000, "calculatedIncomeNonControlling": -3974000, "calculatedEbitda": 176298000}, {"date": "2004-12-31", "symbol": "BIO", "reportedCurrency": "USD", "cik": "0000012208", "fillingDate": "2005-03-03", "acceptedDate": "2005-03-03 16:59:49", "calendarYear": "2004", "period": "FY", "revenue": 1090012000, "costOfRevenue": 479939000, "grossProfit": 610073000, "grossProfitRatio": 0.5596938382, "researchAndDevelopmentExpenses": 108344000, "generalAndAdministrativeExpenses": 378264000, "sellingAndMarketingExpenses": 0, "sellingGeneralAndAdministrativeExpenses": 378264000, "otherExpenses": 0, "operatingExpenses": 486608000, "costAndExpenses": 966547000, "interestIncome": 0, "interestExpense": 0, "depreciationAndAmortization": 56200000, "ebitda": 185584000, "ebitdaratio": 0.1702586761, "operatingIncome": 108845000, "operatingIncomeRatio": 0.0998566988, "totalOtherIncomeExpensesNet": -5919000, "incomeBeforeTax": 97327000, "incomeBeforeTaxRatio": 0.0892898427, "incomeTaxExpense": 31035000, "netIncome": 68242000, "netIncomeRatio": 0.0626066502, "eps": 2.65, "epsdiluted": 2.58, "weightedAverageShsOut": 25724000, "weightedAverageShsOutDil": 26489000, "link": "https://www.sec.gov/Archives/edgar/data/12208/000001220805000010/0000012208-05-000010-index.htm", "finalLink": "https://www.sec.gov/Archives/edgar/data/12208/000001220805000010/f10k123104.htm", "calculatedOtherExpenses": 14620000, "calculatedOperatingExpenses": 501228000, "calculatedNetInterest": 0, "calculatedOtherIncome": -11518000, "calculatedIncomeNonControlling": -1950000, "calculatedEbitda": 165045000}, {"date": "2003-12-31", "symbol": "BIO", "reportedCurrency": "USD", "cik": "0000012208", "fillingDate": "2004-03-15", "acceptedDate": "2004-03-15 15:40:06", "calendarYear": "2003", "period": "FY", "revenue": 1003382000, "costOfRevenue": 437990000, "grossProfit": 565392000, "grossProfitRatio": 0.5634862894, "researchAndDevelopmentExpenses": 94270000, "generalAndAdministrativeExpenses": 325360000, "sellingAndMarketingExpenses": 0, "sellingGeneralAndAdministrativeExpenses": 325360000, "otherExpenses": 0, "operatingExpenses": 419630000, "costAndExpenses": 857620000, "interestIncome": 0, "interestExpense": 0, "depreciationAndAmortization": 42000000, "ebitda": 188830000, "ebitdaratio": 0.1881935295, "operatingIncome": 145762000, "operatingIncomeRatio": 0.1452706945, "totalOtherIncomeExpensesNet": -1068000, "incomeBeforeTax": 113688000, "incomeBeforeTaxRatio": 0.1133048032, "incomeTaxExpense": 37517000, "netIncome": 76171000, "netIncomeRatio": 0.075914258, "eps": 3, "epsdiluted": 2.9, "weightedAverageShsOut": 25416000, "weightedAverageShsOutDil": 26310000, "link": "https://www.sec.gov/Archives/edgar/data/12208/000001220804000004/0000012208-04-000004-index.htm", "finalLink": "https://www.sec.gov/Archives/edgar/data/12208/000001220804000004/r10k2003.txt", "calculatedOtherExpenses": 0, "calculatedOperatingExpenses": 419630000, "calculatedNetInterest": 0, "calculatedOtherIncome": -32074000, "calculatedIncomeNonControlling": 0, "calculatedEbitda": 187762000}, {"date": "2002-12-31", "symbol": "BIO", "reportedCurrency": "USD", "cik": "0000012208", "fillingDate": "2003-03-26", "acceptedDate": "2003-03-26 15:22:05", "calendarYear": "2002", "period": "FY", "revenue": 892720000, "costOfRevenue": 383235000, "grossProfit": 509485000, "grossProfitRatio": 0.5707108612, "researchAndDevelopmentExpenses": 82935000, "generalAndAdministrativeExpenses": 289175000, "sellingAndMarketingExpenses": 0, "sellingGeneralAndAdministrativeExpenses": 289175000, "otherExpenses": 0, "operatingExpenses": 372110000, "costAndExpenses": 755345000, "interestIncome": 0, "interestExpense": 0, "depreciationAndAmortization": 38000000, "ebitda": 180138000, "ebitdaratio": 0.2017855543, "operatingIncome": 137375000, "operatingIncomeRatio": 0.1538836365, "totalOtherIncomeExpensesNet": -4763000, "incomeBeforeTax": 104405000, "incomeBeforeTaxRatio": 0.1169515638, "incomeTaxExpense": 36542000, "netIncome": 67863000, "netIncomeRatio": 0.0760182364, "eps": 2.7, "epsdiluted": 2.61, "weightedAverageShsOut": 25134444, "weightedAverageShsOutDil": 26001149, "link": "https://www.sec.gov/Archives/edgar/data/12208/000001220803000002/0000012208-03-000002-index.htm", "finalLink": "https://www.sec.gov/Archives/edgar/data/12208/000001220803000002/r10k2002.txt", "calculatedOtherExpenses": 0, "calculatedOperatingExpenses": 372110000, "calculatedNetInterest": 0, "calculatedOtherIncome": -32970000, "calculatedIncomeNonControlling": 0, "calculatedEbitda": 175375000}, {"date": "2001-12-31", "symbol": "BIO", "reportedCurrency": "USD", "cik": "0000012208", "fillingDate": "2002-03-28", "acceptedDate": "2002-03-28 00:00:00", "calendarYear": "2001", "period": "FY", "revenue": 817509000, "costOfRevenue": 356330000, "grossProfit": 461179000, "grossProfitRatio": 0.5641271228, "researchAndDevelopmentExpenses": 76543000, "generalAndAdministrativeExpenses": 272610000, "sellingAndMarketingExpenses": 0, "sellingGeneralAndAdministrativeExpenses": 272610000, "otherExpenses": 0, "operatingExpenses": 349153000, "costAndExpenses": 705483000, "interestIncome": 0, "interestExpense": 0, "depreciationAndAmortization": 41300000, "ebitda": 176295000, "ebitdaratio": 0.215649002, "operatingIncome": 112026000, "operatingIncomeRatio": 0.1370333538, "totalOtherIncomeExpensesNet": -22969000, "incomeBeforeTax": 64969000, "incomeBeforeTaxRatio": 0.079471908, "incomeTaxExpense": 20790000, "netIncome": 44179000, "netIncomeRatio": 0.0540409953, "eps": 1.79, "epsdiluted": 1.74, "weightedAverageShsOut": 24648000, "weightedAverageShsOutDil": 25442000, "link": "https://www.sec.gov/Archives/edgar/data/12208/000001220802000003/0000012208-02-000003-index.htm", "finalLink": "https://www.sec.gov/Archives/edgar/data/12208/000001220802000003/r10k01.txt", "calculatedOtherExpenses": 0, "calculatedOperatingExpenses": 349153000, "calculatedNetInterest": 0, "calculatedOtherIncome": -47057000, "calculatedIncomeNonControlling": 0, "calculatedEbitda": 153326000}, {"date": "2000-12-31", "symbol": "BIO", "reportedCurrency": "USD", "cik": "0000012208", "fillingDate": "2001-03-28", "acceptedDate": "2001-03-28 00:00:00", "calendarYear": "2000", "period": "FY", "revenue": 725884000, "costOfRevenue": 300055000, "grossProfit": 425829000, "grossProfitRatio": 0.5866350546, "researchAndDevelopmentExpenses": 68140000, "generalAndAdministrativeExpenses": 247613000, "sellingAndMarketingExpenses": 0, "sellingGeneralAndAdministrativeExpenses": 247613000, "otherExpenses": 43309000, "operatingExpenses": 359062000, "costAndExpenses": 659117000, "interestIncome": 0, "interestExpense": 0, "depreciationAndAmortization": 43309000, "ebitda": 100788000, "ebitdaratio": 0.1388486315, "operatingIncome": 66767000, "operatingIncomeRatio": 0.0919802613, "totalOtherIncomeExpensesNet": 9288000, "incomeBeforeTax": 45443000, "incomeBeforeTaxRatio": 0.0626036667, "incomeTaxExpense": 13633000, "netIncome": 31100000, "netIncomeRatio": 0.0428443112, "eps": 1.27, "epsdiluted": 1.27, "weightedAverageShsOut": 24422000, "weightedAverageShsOutDil": 24568000, "link": "https://www.sec.gov/Archives/edgar/data/12208/000001220801500015/0000012208-01-500015-index.htm", "finalLink": "https://www.sec.gov/Archives/edgar/data/12208/000001220801500015/r10k00.txt", "calculatedOtherExpenses": 43309000, "calculatedOperatingExpenses": 359062000, "calculatedNetInterest": 0, "calculatedOtherIncome": -21324000, "calculatedIncomeNonControlling": 710000, "calculatedEbitda": 110076000}, {"date": "1999-12-31", "symbol": "BIO", "reportedCurrency": "USD", "cik": "0000012208", "fillingDate": "2000-03-29", "acceptedDate": "2000-03-29 00:00:00", "calendarYear": "1999", "period": "FY", "revenue": 549500000, "costOfRevenue": 227700000, "grossProfit": 321800000, "grossProfitRatio": 0.5856232939, "researchAndDevelopmentExpenses": 51200000, "generalAndAdministrativeExpenses": 194500000, "sellingAndMarketingExpenses": 0, "sellingGeneralAndAdministrativeExpenses": 194500000, "otherExpenses": 27500000, "operatingExpenses": 273200000, "costAndExpenses": 500900000, "interestIncome": 0, "interestExpense": 0, "depreciationAndAmortization": 27500000, "ebitda": 96400000, "ebitdaratio": 0.1754322111, "operatingIncome": 48600000, "operatingIncomeRatio": 0.08844404, "totalOtherIncomeExpensesNet": -20300000, "incomeBeforeTax": 16400000, "incomeBeforeTaxRatio": 0.0298453139, "incomeTaxExpense": 4700000, "netIncome": 11700000, "netIncomeRatio": 0.0212920837, "eps": 0.49, "epsdiluted": 0.48, "weightedAverageShsOut": 24220000, "weightedAverageShsOutDil": 24330000, "link": "https://www.sec.gov/Archives/edgar/data/12208/000001220800000002/0000012208-00-000002-index.html", "finalLink": "https://www.sec.gov/Archives/edgar/data/12208/000001220800000002/", "calculatedOtherExpenses": 27500000, "calculatedOperatingExpenses": 273200000, "calculatedNetInterest": 0, "calculatedOtherIncome": -32200000, "calculatedIncomeNonControlling": 0, "calculatedEbitda": 76100000}, {"date": "1998-12-31", "symbol": "BIO", "reportedCurrency": "USD", "cik": "0000012208", "fillingDate": "1999-03-25", "acceptedDate": "1999-03-25 00:00:00", "calendarYear": "1998", "period": "FY", "revenue": 441900000, "costOfRevenue": 181500000, "grossProfit": 260400000, "grossProfitRatio": 0.5892735913, "researchAndDevelopmentExpenses": 41400000, "generalAndAdministrativeExpenses": 167000000, "sellingAndMarketingExpenses": 0, "sellingGeneralAndAdministrativeExpenses": 167000000, "otherExpenses": 21000000, "operatingExpenses": 229400000, "costAndExpenses": 410900000, "interestIncome": 0, "interestExpense": 0, "depreciationAndAmortization": 21000000, "ebitda": 45200000, "ebitdaratio": 0.102285585, "operatingIncome": 31000000, "operatingIncomeRatio": 0.070151618, "totalOtherIncomeExpensesNet": 6800000, "incomeBeforeTax": 34200000, "incomeBeforeTaxRatio": 0.0773930754, "incomeTaxExpense": 9900000, "netIncome": 24300000, "netIncomeRatio": 0.0549898167, "eps": 0.99, "epsdiluted": 0.99, "weightedAverageShsOut": 24528000, "weightedAverageShsOutDil": 24716000, "link": "https://www.sec.gov/Archives/edgar/data/12208/000001220899000001/0000012208-99-000001-index.html", "finalLink": "https://www.sec.gov/Archives/edgar/data/12208/", "calculatedOtherExpenses": 21000000, "calculatedOperatingExpenses": 229400000, "calculatedNetInterest": 0, "calculatedOtherIncome": 3200000, "calculatedIncomeNonControlling": 0, "calculatedEbitda": 52000000}, {"date": "1997-12-31", "symbol": "BIO", "reportedCurrency": "USD", "cik": "0000012208", "fillingDate": "1998-03-26", "acceptedDate": "1998-03-26 00:00:00", "calendarYear": "1997", "period": "FY", "revenue": 426900000, "costOfRevenue": 169900000, "grossProfit": 257000000, "grossProfitRatio": 0.6020145233, "researchAndDevelopmentExpenses": 46100000, "generalAndAdministrativeExpenses": 164800000, "sellingAndMarketingExpenses": 0, "sellingGeneralAndAdministrativeExpenses": 164800000, "otherExpenses": 19500000, "operatingExpenses": 230400000, "costAndExpenses": 400300000, "interestIncome": 0, "interestExpense": 0, "depreciationAndAmortization": 19500000, "ebitda": 48800000, "ebitdaratio": 0.1143124854, "operatingIncome": 26600000, "operatingIncomeRatio": 0.0623096744, "totalOtherIncomeExpensesNet": -2700000, "incomeBeforeTax": 22800000, "incomeBeforeTaxRatio": 0.0534082923, "incomeTaxExpense": 6400000, "netIncome": 16400000, "netIncomeRatio": 0.038416491, "eps": 0.67, "epsdiluted": 0.66, "weightedAverageShsOut": 24661654, "weightedAverageShsOutDil": 24848485, "link": "https://www.sec.gov/Archives/edgar/data/12208/000001220898000001/0000012208-98-000001-index.html", "finalLink": "https://www.sec.gov/Archives/edgar/data/12208/", "calculatedOtherExpenses": 19500000, "calculatedOperatingExpenses": 230400000, "calculatedNetInterest": 0, "calculatedOtherIncome": -3800000, "calculatedIncomeNonControlling": 0, "calculatedEbitda": 46100000}, {"date": "1996-12-31", "symbol": "BIO", "reportedCurrency": "USD", "cik": "0000012208", "fillingDate": "1997-03-27", "acceptedDate": "1997-03-27 00:00:00", "calendarYear": "1996", "period": "FY", "revenue": 418800000, "costOfRevenue": 164100000, "grossProfit": 254700000, "grossProfitRatio": 0.6081661891, "researchAndDevelopmentExpenses": 39600000, "generalAndAdministrativeExpenses": 155500000, "sellingAndMarketingExpenses": 0, "sellingGeneralAndAdministrativeExpenses": 155500000, "otherExpenses": 17900000, "operatingExpenses": 213000000, "costAndExpenses": 377100000, "interestIncome": 0, "interestExpense": 0, "depreciationAndAmortization": 17900000, "ebitda": 61700000, "ebitdaratio": 0.1473256925, "operatingIncome": 41700000, "operatingIncomeRatio": 0.0995702006, "totalOtherIncomeExpensesNet": -2100000, "incomeBeforeTax": 36500000, "incomeBeforeTaxRatio": 0.0871537727, "incomeTaxExpense": 9100000, "netIncome": 26200000, "netIncomeRatio": 0.0625596944, "eps": 1.07, "epsdiluted": 1.05, "weightedAverageShsOut": 24600939, "weightedAverageShsOutDil": 24952381, "link": "https://www.sec.gov/Archives/edgar/data/12208/000001220897000003/0000012208-97-000003-index.html", "finalLink": "https://www.sec.gov/Archives/edgar/data/12208/", "calculatedOtherExpenses": 17900000, "calculatedOperatingExpenses": 213000000, "calculatedNetInterest": 0, "calculatedOtherIncome": -5200000, "calculatedIncomeNonControlling": 1200000, "calculatedEbitda": 59600000}, {"date": "1995-12-31", "symbol": "BIO", "reportedCurrency": "USD", "cik": "0000012208", "fillingDate": "1996-03-22", "acceptedDate": "1996-03-22 00:00:00", "calendarYear": "1995", "period": "FY", "revenue": 396600000, "costOfRevenue": 155200000, "grossProfit": 241400000, "grossProfitRatio": 0.6086737267, "researchAndDevelopmentExpenses": 34700000, "generalAndAdministrativeExpenses": 150300000, "sellingAndMarketingExpenses": 0, "sellingGeneralAndAdministrativeExpenses": 150300000, "otherExpenses": 16700000, "operatingExpenses": 201700000, "costAndExpenses": 356900000, "interestIncome": 0, "interestExpense": 0, "depreciationAndAmortization": 16700000, "ebitda": 58100000, "ebitdaratio": 0.1464952093, "operatingIncome": 39700000, "operatingIncomeRatio": 0.1001008573, "totalOtherIncomeExpensesNet": -1700000, "incomeBeforeTax": 33600000, "incomeBeforeTaxRatio": 0.084720121, "incomeTaxExpense": 8400000, "netIncome": 25200000, "netIncomeRatio": 0.0635400908, "eps": 1.03, "epsdiluted": 1.03, "weightedAverageShsOut": 24411000, "weightedAverageShsOutDil": 24411000, "link": "https://www.sec.gov/Archives/edgar/data/12208/000001220896000001/0000012208-96-000001-index.html", "finalLink": "https://www.sec.gov/Archives/edgar/data/12208/", "calculatedOtherExpenses": 16700000, "calculatedOperatingExpenses": 201700000, "calculatedNetInterest": 0, "calculatedOtherIncome": -6100000, "calculatedIncomeNonControlling": 0, "calculatedEbitda": 56400000}, {"date": "1994-12-31", "symbol": "BIO", "reportedCurrency": "USD", "cik": "0000012208", "fillingDate": "1995-03-24", "acceptedDate": "1995-03-24 00:00:00", "calendarYear": "1994", "period": "FY", "revenue": 355300000, "costOfRevenue": 139000000, "grossProfit": 216300000, "grossProfitRatio": 0.6087813116, "researchAndDevelopmentExpenses": 30200000, "generalAndAdministrativeExpenses": 132600000, "sellingAndMarketingExpenses": 0, "sellingGeneralAndAdministrativeExpenses": 132600000, "otherExpenses": 16800000, "operatingExpenses": 179600000, "costAndExpenses": 318600000, "interestIncome": 0, "interestExpense": 0, "depreciationAndAmortization": 16800000, "ebitda": 60100000, "ebitdaratio": 0.1691528286, "operatingIncome": 36700000, "operatingIncomeRatio": 0.1032929918, "totalOtherIncomeExpensesNet": -6600000, "incomeBeforeTax": 24000000, "incomeBeforeTaxRatio": 0.0675485505, "incomeTaxExpense": 8400000, "netIncome": 15600000, "netIncomeRatio": 0.0439065578, "eps": 0.64, "epsdiluted": 0.64, "weightedAverageShsOut": 24225000, "weightedAverageShsOutDil": 24255319, "link": "https://www.sec.gov/Archives/edgar/data/12208/000001220895000002/0000012208-95-000002-index.html", "finalLink": "https://www.sec.gov/Archives/edgar/data/12208/", "calculatedOtherExpenses": 16800000, "calculatedOperatingExpenses": 179600000, "calculatedNetInterest": 0, "calculatedOtherIncome": -12700000, "calculatedIncomeNonControlling": 0, "calculatedEbitda": 53500000}, {"date": "1993-12-31", "symbol": "BIO", "reportedCurrency": "USD", "cik": "0000012208", "fillingDate": "1993-12-31", "acceptedDate": "1993-12-30 19:00:00", "calendarYear": "1993", "period": "FY", "revenue": 328600000, "costOfRevenue": 134400000, "grossProfit": 194200000, "grossProfitRatio": 0.5909920876, "researchAndDevelopmentExpenses": 0, "generalAndAdministrativeExpenses": 167200000, "sellingAndMarketingExpenses": 0, "sellingGeneralAndAdministrativeExpenses": 167200000, "otherExpenses": 16600000, "operatingExpenses": 183800000, "costAndExpenses": 318200000, "interestIncome": 0, "interestExpense": 0, "depreciationAndAmortization": 16600000, "ebitda": 24200000, "ebitdaratio": 0.0736457699, "operatingIncome": 10400000, "operatingIncomeRatio": 0.0316494218, "totalOtherIncomeExpensesNet": 2800000, "incomeBeforeTax": 4700000, "incomeBeforeTaxRatio": 0.0143031041, "incomeTaxExpense": 1900000, "netIncome": 2800000, "netIncomeRatio": 0.0085209982, "eps": 0.12, "epsdiluted": 0.12, "weightedAverageShsOut": 24347826, "weightedAverageShsOutDil": 24347826, "link": "", "finalLink": "", "calculatedOtherExpenses": 16600000, "calculatedOperatingExpenses": 183800000, "calculatedNetInterest": 0, "calculatedOtherIncome": -5700000, "calculatedIncomeNonControlling": 0, "calculatedEbitda": 27000000}, {"date": "1992-12-31", "symbol": "BIO", "reportedCurrency": "USD", "cik": "0000012208", "fillingDate": "1992-12-31", "acceptedDate": "1992-12-30 19:00:00", "calendarYear": "1992", "period": "FY", "revenue": 330300000, "costOfRevenue": 124300000, "grossProfit": 206000000, "grossProfitRatio": 0.6236754466, "researchAndDevelopmentExpenses": 0, "generalAndAdministrativeExpenses": 177600000, "sellingAndMarketingExpenses": 0, "sellingGeneralAndAdministrativeExpenses": 177600000, "otherExpenses": 13900000, "operatingExpenses": 191500000, "costAndExpenses": 315800000, "interestIncome": 0, "interestExpense": 0, "depreciationAndAmortization": 13900000, "ebitda": 6000000, "ebitdaratio": 0.0181653043, "operatingIncome": 14500000, "operatingIncomeRatio": 0.0438994853, "totalOtherIncomeExpensesNet": 22400000, "incomeBeforeTax": 27600000, "incomeBeforeTaxRatio": 0.0835603996, "incomeTaxExpense": 12000000, "netIncome": 15600000, "netIncomeRatio": 0.0472297911, "eps": 0.66, "epsdiluted": 0.66, "weightedAverageShsOut": 23816794, "weightedAverageShsOutDil": 23816794, "link": "", "finalLink": "", "calculatedOtherExpenses": 13900000, "calculatedOperatingExpenses": 191500000, "calculatedNetInterest": 0, "calculatedOtherIncome": 13100000, "calculatedIncomeNonControlling": 0, "calculatedEbitda": 28400000}, {"date": "1991-12-31", "symbol": "BIO", "reportedCurrency": "USD", "cik": "0000012208", "fillingDate": "1991-12-31", "acceptedDate": "1991-12-30 19:00:00", "calendarYear": "1991", "period": "FY", "revenue": 310700000, "costOfRevenue": 122200000, "grossProfit": 188500000, "grossProfitRatio": 0.6066945607, "researchAndDevelopmentExpenses": 0, "generalAndAdministrativeExpenses": 154300000, "sellingAndMarketingExpenses": 0, "sellingGeneralAndAdministrativeExpenses": 154300000, "otherExpenses": 12100000, "operatingExpenses": 166400000, "costAndExpenses": 288600000, "interestIncome": 0, "interestExpense": 0, "depreciationAndAmortization": 12100000, "ebitda": 35000000, "ebitdaratio": 0.1126488574, "operatingIncome": 22100000, "operatingIncomeRatio": 0.0711297071, "totalOtherIncomeExpensesNet": -800000, "incomeBeforeTax": 13600000, "incomeBeforeTaxRatio": 0.0437721275, "incomeTaxExpense": 5400000, "netIncome": 8200000, "netIncomeRatio": 0.026392018, "eps": 0.35, "epsdiluted": 0.35, "weightedAverageShsOut": 23768116, "weightedAverageShsOutDil": 23768116, "link": "", "finalLink": "", "calculatedOtherExpenses": 12100000, "calculatedOperatingExpenses": 166400000, "calculatedNetInterest": 0, "calculatedOtherIncome": -8500000, "calculatedIncomeNonControlling": 0, "calculatedEbitda": 34200000}, {"date": "1990-12-31", "symbol": "BIO", "reportedCurrency": "USD", "cik": "0000012208", "fillingDate": "1990-12-31", "acceptedDate": "1990-12-30 19:00:00", "calendarYear": "1990", "period": "FY", "revenue": 286700000, "costOfRevenue": 113300000, "grossProfit": 173400000, "grossProfitRatio": 0.6048133938, "researchAndDevelopmentExpenses": 0, "generalAndAdministrativeExpenses": 138700000, "sellingAndMarketingExpenses": 0, "sellingGeneralAndAdministrativeExpenses": 138700000, "otherExpenses": 10300000, "operatingExpenses": 149000000, "costAndExpenses": 262300000, "interestIncome": 0, "interestExpense": 0, "depreciationAndAmortization": 10300000, "ebitda": 34600000, "ebitdaratio": 0.1206836414, "operatingIncome": 24400000, "operatingIncomeRatio": 0.085106383, "totalOtherIncomeExpensesNet": 100000, "incomeBeforeTax": 17200000, "incomeBeforeTaxRatio": 0.0599930241, "incomeTaxExpense": 6500000, "netIncome": 10700000, "netIncomeRatio": 0.0373212417, "eps": 0.46, "epsdiluted": 0.46, "weightedAverageShsOut": 23516484, "weightedAverageShsOutDil": 23516484, "link": "", "finalLink": "", "calculatedOtherExpenses": 10300000, "calculatedOperatingExpenses": 149000000, "calculatedNetInterest": 0, "calculatedOtherIncome": -7200000, "calculatedIncomeNonControlling": 0, "calculatedEbitda": 34700000}, {"date": "1989-12-31", "symbol": "BIO", "reportedCurrency": "USD", "cik": "0000012208", "fillingDate": "1989-12-31", "acceptedDate": "1989-12-30 19:00:00", "calendarYear": "1989", "period": "FY", "revenue": 236300000, "costOfRevenue": 95300000, "grossProfit": 141000000, "grossProfitRatio": 0.5966991113, "researchAndDevelopmentExpenses": 0, "generalAndAdministrativeExpenses": 112000000, "sellingAndMarketingExpenses": 0, "sellingGeneralAndAdministrativeExpenses": 112000000, "otherExpenses": 7900000, "operatingExpenses": 119900000, "costAndExpenses": 215200000, "interestIncome": 0, "interestExpense": 0, "depreciationAndAmortization": 7900000, "ebitda": 28100000, "ebitdaratio": 0.1189166314, "operatingIncome": 21100000, "operatingIncomeRatio": 0.0892932713, "totalOtherIncomeExpensesNet": 900000, "incomeBeforeTax": 15800000, "incomeBeforeTaxRatio": 0.0668641557, "incomeTaxExpense": 5700000, "netIncome": 10100000, "netIncomeRatio": 0.0427422768, "eps": 0.45, "epsdiluted": 0.45, "weightedAverageShsOut": 22696629, "weightedAverageShsOutDil": 22696629, "link": "", "finalLink": "", "calculatedOtherExpenses": 7900000, "calculatedOperatingExpenses": 119900000, "calculatedNetInterest": 0, "calculatedOtherIncome": -5300000, "calculatedIncomeNonControlling": 0, "calculatedEbitda": 29000000}, {"date": "1988-12-31", "symbol": "BIO", "reportedCurrency": "USD", "cik": "0000012208", "fillingDate": "1988-12-31", "acceptedDate": "1988-12-30 19:00:00", "calendarYear": "1988", "period": "FY", "revenue": 198900000, "costOfRevenue": 81500000, "grossProfit": 117400000, "grossProfitRatio": 0.590246355, "researchAndDevelopmentExpenses": 0, "generalAndAdministrativeExpenses": 91200000, "sellingAndMarketingExpenses": 0, "sellingGeneralAndAdministrativeExpenses": 91200000, "otherExpenses": 6400000, "operatingExpenses": 97600000, "costAndExpenses": 179100000, "interestIncome": 0, "interestExpense": 0, "depreciationAndAmortization": 6400000, "ebitda": 25500000, "ebitdaratio": 0.1282051282, "operatingIncome": 19800000, "operatingIncomeRatio": 0.0995475113, "totalOtherIncomeExpensesNet": 700000, "incomeBeforeTax": 15200000, "incomeBeforeTaxRatio": 0.0764203117, "incomeTaxExpense": 5700000, "netIncome": 9500000, "netIncomeRatio": 0.0477626948, "eps": 0.42, "epsdiluted": 0.42, "weightedAverageShsOut": 22891566, "weightedAverageShsOutDil": 22891566, "link": "", "finalLink": "", "calculatedOtherExpenses": 6400000, "calculatedOperatingExpenses": 97600000, "calculatedNetInterest": 0, "calculatedOtherIncome": -4600000, "calculatedIncomeNonControlling": 0, "calculatedEbitda": 26200000}, {"date": "1987-12-31", "symbol": "BIO", "reportedCurrency": "USD", "cik": "0000012208", "fillingDate": "1987-12-31", "acceptedDate": "1987-12-30 19:00:00", "calendarYear": "1987", "period": "FY", "revenue": 159500000, "costOfRevenue": 63500000, "grossProfit": 96000000, "grossProfitRatio": 0.6018808777, "researchAndDevelopmentExpenses": 0, "generalAndAdministrativeExpenses": 74500000, "sellingAndMarketingExpenses": 0, "sellingGeneralAndAdministrativeExpenses": 74500000, "otherExpenses": 5100000, "operatingExpenses": 79600000, "costAndExpenses": 143100000, "interestIncome": 0, "interestExpense": 0, "depreciationAndAmortization": 5100000, "ebitda": 21300000, "ebitdaratio": 0.1335423197, "operatingIncome": 16400000, "operatingIncomeRatio": 0.1028213166, "totalOtherIncomeExpensesNet": 200000, "incomeBeforeTax": 12700000, "incomeBeforeTaxRatio": 0.0796238245, "incomeTaxExpense": 5000000, "netIncome": 7700000, "netIncomeRatio": 0.0482758621, "eps": 0.34, "epsdiluted": 0.34, "weightedAverageShsOut": 22647059, "weightedAverageShsOutDil": 22647059, "link": "", "finalLink": "", "calculatedOtherExpenses": 5100000, "calculatedOperatingExpenses": 79600000, "calculatedNetInterest": 0, "calculatedOtherIncome": -3700000, "calculatedIncomeNonControlling": 0, "calculatedEbitda": 21500000}, {"date": "1986-12-31", "symbol": "BIO", "reportedCurrency": "USD", "cik": "0000012208", "fillingDate": "1986-12-31", "acceptedDate": "1986-12-30 19:00:00", "calendarYear": "1986", "period": "FY", "revenue": 126600000, "costOfRevenue": 52700000, "grossProfit": 73900000, "grossProfitRatio": 0.583728278, "researchAndDevelopmentExpenses": 0, "generalAndAdministrativeExpenses": 58700000, "sellingAndMarketingExpenses": 0, "sellingGeneralAndAdministrativeExpenses": 58700000, "otherExpenses": 3300000, "operatingExpenses": 62000000, "costAndExpenses": 114700000, "interestIncome": 0, "interestExpense": 0, "depreciationAndAmortization": 3300000, "ebitda": 15400000, "ebitdaratio": 0.12164297, "operatingIncome": 11900000, "operatingIncomeRatio": 0.0939968404, "totalOtherIncomeExpensesNet": -200000, "incomeBeforeTax": 9500000, "incomeBeforeTaxRatio": 0.0750394945, "incomeTaxExpense": 3400000, "netIncome": 6100000, "netIncomeRatio": 0.0481832543, "eps": 0.28, "epsdiluted": 0.28, "weightedAverageShsOut": 21785714, "weightedAverageShsOutDil": 21785714, "link": "", "finalLink": "", "calculatedOtherExpenses": 3300000, "calculatedOperatingExpenses": 62000000, "calculatedNetInterest": 0, "calculatedOtherIncome": -2400000, "calculatedIncomeNonControlling": 0, "calculatedEbitda": 15200000}, {"date": "1985-12-31", "symbol": "BIO", "reportedCurrency": "USD", "cik": "0000012208", "fillingDate": "1985-12-31", "acceptedDate": "1985-12-30 19:00:00", "calendarYear": "1985", "period": "FY", "revenue": 102300000, "costOfRevenue": 45600000, "grossProfit": 56700000, "grossProfitRatio": 0.5542521994, "researchAndDevelopmentExpenses": 0, "generalAndAdministrativeExpenses": 46000000, "sellingAndMarketingExpenses": 0, "sellingGeneralAndAdministrativeExpenses": 46000000, "otherExpenses": 2000000, "operatingExpenses": 48000000, "costAndExpenses": 93600000, "interestIncome": 0, "interestExpense": 0, "depreciationAndAmortization": 2000000, "ebitda": 10300000, "ebitdaratio": 0.100684262, "operatingIncome": 8700000, "operatingIncomeRatio": 0.0850439883, "totalOtherIncomeExpensesNet": 400000, "incomeBeforeTax": 6000000, "incomeBeforeTaxRatio": 0.0586510264, "incomeTaxExpense": 1700000, "netIncome": 4300000, "netIncomeRatio": 0.0420332356, "eps": 0.22, "epsdiluted": 0.22, "weightedAverageShsOut": 20000000, "weightedAverageShsOutDil": 20000000, "link": "", "finalLink": "", "calculatedOtherExpenses": 2000000, "calculatedOperatingExpenses": 48000000, "calculatedNetInterest": 0, "calculatedOtherIncome": -2700000, "calculatedIncomeNonControlling": 0, "calculatedEbitda": 10700000}]}