{"originalCurrency": "USD", "convertedCurrency": "USD", "report": [{"date": "2023-12-31", "symbol": "BIPC", "reportedCurrency": "USD", "cik": "0001788348", "fillingDate": "2024-03-18", "acceptedDate": "2024-03-18 08:00:33", "calendarYear": "2023", "period": "FY", "revenue": 2548902054, "costOfRevenue": 792267598, "grossProfit": 1756634456, "grossProfitRatio": 0.6891729924, "researchAndDevelopmentExpenses": 0, "generalAndAdministrativeExpenses": 67000000, "sellingAndMarketingExpenses": 1228700, "sellingGeneralAndAdministrativeExpenses": 68228700, "otherExpenses": 10000000, "operatingExpenses": 68228700, "costAndExpenses": 860496298, "interestIncome": 0, "interestExpense": 709782154, "depreciationAndAmortization": 371693667, "ebitda": 2060099422, "ebitdaratio": 0.8082301235, "operatingIncome": 1688405756, "operatingIncomeRatio": 0.6624051141, "totalOtherIncomeExpensesNet": -676176974, "incomeBeforeTax": 1012228782, "incomeBeforeTaxRatio": 0.3971234518, "incomeTaxExpense": 374748683, "netIncome": 111000000, "netIncomeRatio": 0.0435481622, "eps": 0.79, "epsdiluted": 0.79, "weightedAverageShsOut": 142989728, "weightedAverageShsOutDil": 142989728, "link": "https://www.sec.gov/Archives/edgar/data/1788348/000162828024011578/0001628280-24-011578-index.htm", "finalLink": "https://www.sec.gov/Archives/edgar/data/1788348/000162828024011578/bipc-20231231.htm", "calculatedOtherExpenses": 0, "calculatedOperatingExpenses": 68228700, "calculatedNetInterest": -709782154, "calculatedOtherIncome": 33605180, "calculatedIncomeNonControlling": 526480099, "calculatedEbitda": 2060099423}, {"date": "2022-12-31", "symbol": "BIPC", "reportedCurrency": "USD", "cik": "0001788348", "fillingDate": "2023-03-17", "acceptedDate": "2023-03-17 17:28:43", "calendarYear": "2022", "period": "FY", "revenue": 1886000000, "costOfRevenue": 542000000, "grossProfit": 1344000000, "grossProfitRatio": 0.7126193001, "researchAndDevelopmentExpenses": 0, "generalAndAdministrativeExpenses": 69000000, "sellingAndMarketingExpenses": 0, "sellingGeneralAndAdministrativeExpenses": 69000000, "otherExpenses": 1058000000, "operatingExpenses": 69000000, "costAndExpenses": 611000000, "interestIncome": 483000000, "interestExpense": 544000000, "depreciationAndAmortization": 211000000, "ebitda": 2548000000, "ebitdaratio": 1.3510074231, "operatingIncome": 2337000000, "operatingIncomeRatio": 1.2391304348, "totalOtherIncomeExpensesNet": -456000000, "incomeBeforeTax": 1881000000, "incomeBeforeTaxRatio": 0.9973488865, "incomeTaxExpense": 262000000, "netIncome": 1619000000, "netIncomeRatio": 0.8584305408, "eps": 14.37, "epsdiluted": 14.37, "weightedAverageShsOut": 112671350, "weightedAverageShsOutDil": 112671350, "link": "https://www.sec.gov/Archives/edgar/data/1788348/000162828023008524/0001628280-23-008524-index.htm", "finalLink": "https://www.sec.gov/Archives/edgar/data/1788348/000162828023008524/bipc-20221231.htm", "calculatedOtherExpenses": -1062000000, "calculatedOperatingExpenses": -993000000, "calculatedNetInterest": -61000000, "calculatedOtherIncome": -395000000, "calculatedIncomeNonControlling": 0, "calculatedEbitda": 2548000000}, {"date": "2021-12-31", "symbol": "BIPC", "reportedCurrency": "USD", "cik": "0001788348", "fillingDate": "2022-03-09", "acceptedDate": "2022-03-09 17:26:27", "calendarYear": "2021", "period": "FY", "revenue": 1643000000, "costOfRevenue": 526000000, "grossProfit": 1117000000, "grossProfitRatio": 0.6798539257, "researchAndDevelopmentExpenses": 0, "generalAndAdministrativeExpenses": 49000000, "sellingAndMarketingExpenses": 0, "sellingGeneralAndAdministrativeExpenses": 49000000, "otherExpenses": -447000000, "operatingExpenses": 49000000, "costAndExpenses": 575000000, "interestIncome": 294000000, "interestExpense": 294000000, "depreciationAndAmortization": 236000000, "ebitda": 857000000, "ebitdaratio": 0.5216068168, "operatingIncome": 621000000, "operatingIncomeRatio": 0.3779671333, "totalOtherIncomeExpensesNet": -189000000, "incomeBeforeTax": 432000000, "incomeBeforeTaxRatio": 0.2629336579, "incomeTaxExpense": 405000000, "netIncome": 27000000, "netIncomeRatio": 0.0164333536, "eps": 0.36, "epsdiluted": 0.36, "weightedAverageShsOut": 74839965, "weightedAverageShsOutDil": 74839965, "link": "https://www.sec.gov/Archives/edgar/data/1788348/000162828022005591/0001628280-22-005591-index.htm", "finalLink": "https://www.sec.gov/Archives/edgar/data/1788348/000162828022005591/bipc-20211231.htm", "calculatedOtherExpenses": 447000000, "calculatedOperatingExpenses": 496000000, "calculatedNetInterest": 0, "calculatedOtherIncome": -189000000, "calculatedIncomeNonControlling": 0, "calculatedEbitda": 857000000}, {"date": "2020-12-31", "symbol": "BIPC", "reportedCurrency": "USD", "cik": "0001788348", "fillingDate": "2021-02-16", "acceptedDate": "2021-02-12 19:23:31", "calendarYear": "2020", "period": "FY", "revenue": 1430000000, "costOfRevenue": 244000000, "grossProfit": 1186000000, "grossProfitRatio": 0.8293706294, "researchAndDevelopmentExpenses": 0, "generalAndAdministrativeExpenses": 33000000, "sellingAndMarketingExpenses": 0, "sellingGeneralAndAdministrativeExpenses": 33000000, "otherExpenses": 283000000, "operatingExpenses": 316000000, "costAndExpenses": 560000000, "interestIncome": 214000000, "interestExpense": 214000000, "depreciationAndAmortization": 283000000, "ebitda": 595000000, "ebitdaratio": 0.4160839161, "operatingIncome": 312000000, "operatingIncomeRatio": 0.2181818182, "totalOtherIncomeExpensesNet": -275000000, "incomeBeforeTax": 37000000, "incomeBeforeTaxRatio": 0.0258741259, "incomeTaxExpense": 269000000, "netIncome": -232000000, "netIncomeRatio": -0.1622377622, "eps": -5, "epsdiluted": -5, "weightedAverageShsOut": 46362901, "weightedAverageShsOutDil": 46362901, "link": "https://www.sec.gov/Archives/edgar/data/1788348/000162828021002159/0001628280-21-002159-index.htm", "finalLink": "https://www.sec.gov/Archives/edgar/data/1788348/000162828021002159/bipc-20201231.htm", "calculatedOtherExpenses": 841000000, "calculatedOperatingExpenses": 874000000, "calculatedNetInterest": 0, "calculatedOtherIncome": -275000000, "calculatedIncomeNonControlling": 0, "calculatedEbitda": 595000000}, {"date": "2019-12-31", "symbol": "BIPC", "reportedCurrency": "USD", "cik": "0001788348", "fillingDate": "2019-12-31", "acceptedDate": "2019-12-31 00:00:00", "calendarYear": "2019", "period": "FY", "revenue": 1619000000, "costOfRevenue": 244000000, "grossProfit": 1375000000, "grossProfitRatio": 0.849289685, "researchAndDevelopmentExpenses": 0, "generalAndAdministrativeExpenses": 30000000, "sellingAndMarketingExpenses": 0, "sellingGeneralAndAdministrativeExpenses": 30000000, "otherExpenses": 308000000, "operatingExpenses": 338000000, "costAndExpenses": 582000000, "interestIncome": 156000000, "interestExpense": 156000000, "depreciationAndAmortization": 308000000, "ebitda": 1301000000, "ebitdaratio": 0.8035824583, "operatingIncome": 993000000, "operatingIncomeRatio": 0.6133415689, "totalOtherIncomeExpensesNet": -151000000, "incomeBeforeTax": 842000000, "incomeBeforeTaxRatio": 0.5200741198, "incomeTaxExpense": 272000000, "netIncome": 570000000, "netIncomeRatio": 0.3520691785, "eps": 11.87, "epsdiluted": 11.87, "weightedAverageShsOut": 48000001, "weightedAverageShsOutDil": 48000001, "link": null, "finalLink": null, "calculatedOtherExpenses": 352000000, "calculatedOperatingExpenses": 382000000, "calculatedNetInterest": 0, "calculatedOtherIncome": -151000000, "calculatedIncomeNonControlling": 0, "calculatedEbitda": 1301000000}, {"date": "2018-12-31", "symbol": "BIPC", "reportedCurrency": "USD", "cik": "0001788348", "fillingDate": "2018-12-31", "acceptedDate": "2018-12-30 19:00:00", "calendarYear": "2018", "period": "FY", "revenue": 1561000000, "costOfRevenue": 236000000, "grossProfit": 1325000000, "grossProfitRatio": 0.8488148623, "researchAndDevelopmentExpenses": 0, "generalAndAdministrativeExpenses": 24000000, "sellingAndMarketingExpenses": 0, "sellingGeneralAndAdministrativeExpenses": 24000000, "otherExpenses": -36000000, "operatingExpenses": 343000000, "costAndExpenses": 579000000, "interestIncome": 0, "interestExpense": 127000000, "depreciationAndAmortization": 319000000, "ebitda": 1265000000, "ebitdaratio": 0.8103779628, "operatingIncome": 563000000, "operatingIncomeRatio": 0.3606662396, "totalOtherIncomeExpensesNet": -40000000, "incomeBeforeTax": 815000000, "incomeBeforeTaxRatio": 0.5221012172, "incomeTaxExpense": 234000000, "netIncome": 202000000, "netIncomeRatio": 0.1294042281, "eps": 2.9, "epsdiluted": 2.9, "weightedAverageShsOut": 69750000, "weightedAverageShsOutDil": 69750000, "link": "", "finalLink": "", "calculatedOtherExpenses": 738000000, "calculatedOperatingExpenses": 762000000, "calculatedNetInterest": -127000000, "calculatedOtherIncome": 379000000, "calculatedIncomeNonControlling": 379000000, "calculatedEbitda": 882000000}, {"date": "2017-12-31", "symbol": "BIPC", "reportedCurrency": "USD", "cik": "0001788348", "fillingDate": "2017-12-31", "acceptedDate": "2017-12-30 19:00:00", "calendarYear": "2017", "period": "FY", "revenue": 1323000000, "costOfRevenue": 195000000, "grossProfit": 1128000000, "grossProfitRatio": 0.8526077098, "researchAndDevelopmentExpenses": 0, "generalAndAdministrativeExpenses": 25000000, "sellingAndMarketingExpenses": 0, "sellingGeneralAndAdministrativeExpenses": 25000000, "otherExpenses": -13000000, "operatingExpenses": 288000000, "costAndExpenses": 483000000, "interestIncome": 0, "interestExpense": 71000000, "depreciationAndAmortization": 263000000, "ebitda": 1090000000, "ebitdaratio": 0.8238851096, "operatingIncome": 454000000, "operatingIncomeRatio": 0.343159486, "totalOtherIncomeExpensesNet": -16000000, "incomeBeforeTax": 753000000, "incomeBeforeTaxRatio": 0.5691609977, "incomeTaxExpense": 176000000, "netIncome": 207000000, "netIncomeRatio": 0.156462585, "eps": 2.97, "epsdiluted": 2.97, "weightedAverageShsOut": 69750000, "weightedAverageShsOutDil": 69750000, "link": "", "finalLink": "", "calculatedOtherExpenses": 649000000, "calculatedOperatingExpenses": 674000000, "calculatedNetInterest": -71000000, "calculatedOtherIncome": 370000000, "calculatedIncomeNonControlling": 370000000, "calculatedEbitda": 717000000}, {"date": "2016-12-31", "symbol": "BIPC", "reportedCurrency": "USD", "cik": "0001788348", "fillingDate": "2016-12-31", "acceptedDate": "2016-12-30 19:00:00", "calendarYear": "2016", "period": "FY", "revenue": 347000000, "costOfRevenue": 89000000, "grossProfit": 258000000, "grossProfitRatio": 0.7435158501, "researchAndDevelopmentExpenses": 0, "generalAndAdministrativeExpenses": 9000000, "sellingAndMarketingExpenses": 0, "sellingGeneralAndAdministrativeExpenses": 9000000, "otherExpenses": 0, "operatingExpenses": 150000000, "costAndExpenses": 239000000, "interestIncome": 51000000, "interestExpense": 0, "depreciationAndAmortization": 104000000, "ebitda": 249000000, "ebitdaratio": 0.7175792507, "operatingIncome": 145000000, "operatingIncomeRatio": 0.4178674352, "totalOtherIncomeExpensesNet": -88000000, "incomeBeforeTax": 57000000, "incomeBeforeTaxRatio": 0.1642651297, "incomeTaxExpense": 12000000, "netIncome": 45000000, "netIncomeRatio": 0.1296829971, "eps": 0, "epsdiluted": 0, "weightedAverageShsOut": 0, "weightedAverageShsOutDil": 0, "link": null, "finalLink": null, "calculatedOtherExpenses": 104000000, "calculatedOperatingExpenses": 113000000, "calculatedNetInterest": 51000000, "calculatedOtherIncome": -139000000, "calculatedIncomeNonControlling": 0, "calculatedEbitda": 249000000}]}