{"originalCurrency": "USD", "convertedCurrency": "USD", "report": [{"date": "2024-02-03", "symbol": "BJ", "reportedCurrency": "USD", "cik": "0001531152", "fillingDate": "2024-03-18", "acceptedDate": "2024-03-18 16:12:25", "calendarYear": "2023", "period": "FY", "revenue": 19968689000, "costOfRevenue": 16334029000, "grossProfit": 3634660000, "grossProfitRatio": 0.1820179582, "researchAndDevelopmentExpenses": 0, "generalAndAdministrativeExpenses": 0, "sellingAndMarketingExpenses": 0, "sellingGeneralAndAdministrativeExpenses": 2814613000, "otherExpenses": 0, "operatingExpenses": 2814613000, "costAndExpenses": 19148642000, "interestIncome": 0, "interestExpense": 63592000, "depreciationAndAmortization": 227696000, "ebitda": 1047742999, "ebitdaratio": 0.0524692933, "operatingIncome": 820047000, "operatingIncomeRatio": 0.0410666419, "totalOtherIncomeExpensesNet": -84155000, "incomeBeforeTax": 735892000, "incomeBeforeTaxRatio": 0.0368522941, "incomeTaxExpense": 212240000, "netIncome": 523741000, "netIncomeRatio": 0.0262281114, "eps": 3.94, "epsdiluted": 3.88, "weightedAverageShsOut": 133047000, "weightedAverageShsOutDil": 135118000, "link": "https://www.sec.gov/Archives/edgar/data/1531152/000153115224000026/0001531152-24-000026-index.htm", "finalLink": "https://www.sec.gov/Archives/edgar/data/1531152/000153115224000026/bj-20240203.htm", "calculatedOtherExpenses": 0, "calculatedOperatingExpenses": 2814613000, "calculatedNetInterest": -63592000, "calculatedOtherIncome": -20563000, "calculatedIncomeNonControlling": -89000, "calculatedEbitda": 1047743000}, {"date": "2023-01-28", "symbol": "BJ", "reportedCurrency": "USD", "cik": "0001531152", "fillingDate": "2023-03-16", "acceptedDate": "2023-03-16 16:15:49", "calendarYear": "2022", "period": "FY", "revenue": 19315165000, "costOfRevenue": 15883677000, "grossProfit": 3431488000, "grossProfitRatio": 0.1776577109, "researchAndDevelopmentExpenses": 0, "generalAndAdministrativeExpenses": 0, "sellingAndMarketingExpenses": 0, "sellingGeneralAndAdministrativeExpenses": 2668569000, "otherExpenses": 24933000, "operatingExpenses": 2693502000, "costAndExpenses": 18577179000, "interestIncome": 44206000, "interestExpense": 47462000, "depreciationAndAmortization": 200934000, "ebitda": 938920000, "ebitdaratio": 0.0486105089, "operatingIncome": 737986000, "operatingIncomeRatio": 0.0382075949, "totalOtherIncomeExpensesNet": -47462000, "incomeBeforeTax": 690524000, "incomeBeforeTaxRatio": 0.0357503547, "incomeTaxExpense": 176262000, "netIncome": 513177000, "netIncomeRatio": 0.0265686055, "eps": 3.83, "epsdiluted": 3.76, "weightedAverageShsOut": 134017000, "weightedAverageShsOutDil": 136473000, "link": "https://www.sec.gov/Archives/edgar/data/1531152/000153115223000026/0001531152-23-000026-index.htm", "finalLink": "https://www.sec.gov/Archives/edgar/data/1531152/000153115223000026/bj-20230128.htm", "calculatedOtherExpenses": 24933000, "calculatedOperatingExpenses": 2693502000, "calculatedNetInterest": -3256000, "calculatedOtherIncome": -44206000, "calculatedIncomeNonControlling": 1085000, "calculatedEbitda": 938920000}, {"date": "2022-01-29", "symbol": "BJ", "reportedCurrency": "USD", "cik": "0001531152", "fillingDate": "2022-03-17", "acceptedDate": "2022-03-17 07:09:21", "calendarYear": "2021", "period": "FY", "revenue": 16667302000, "costOfRevenue": 13588612000, "grossProfit": 3078690000, "grossProfitRatio": 0.1847143587, "researchAndDevelopmentExpenses": 0, "generalAndAdministrativeExpenses": 0, "sellingAndMarketingExpenses": 0, "sellingGeneralAndAdministrativeExpenses": 2446465000, "otherExpenses": 14902000, "operatingExpenses": 2461367000, "costAndExpenses": 16049979000, "interestIncome": 58787000, "interestExpense": 59444000, "depreciationAndAmortization": 180548000, "ebitda": 797871000, "ebitdaratio": 0.0478704352, "operatingIncome": 617323000, "operatingIncomeRatio": 0.0370379681, "totalOtherIncomeExpensesNet": -59444000, "incomeBeforeTax": 557879000, "incomeBeforeTaxRatio": 0.0334714641, "incomeTaxExpense": 131119000, "netIncome": 426652000, "netIncomeRatio": 0.0255981442, "eps": 3.15, "epsdiluted": 3.09, "weightedAverageShsOut": 135385777, "weightedAverageShsOutDil": 138044527, "link": "https://www.sec.gov/Archives/edgar/data/1531152/000153115222000007/0001531152-22-000007-index.htm", "finalLink": "https://www.sec.gov/Archives/edgar/data/1531152/000153115222000007/bj-20220129.htm", "calculatedOtherExpenses": 14902000, "calculatedOperatingExpenses": 2461367000, "calculatedNetInterest": -657000, "calculatedOtherIncome": -58787000, "calculatedIncomeNonControlling": 108000, "calculatedEbitda": 797871000}, {"date": "2021-01-30", "symbol": "BJ", "reportedCurrency": "USD", "cik": "0001531152", "fillingDate": "2021-03-19", "acceptedDate": "2021-03-19 07:02:31", "calendarYear": "2020", "period": "FY", "revenue": 15430017000, "costOfRevenue": 12451061000, "grossProfit": 2978956000, "grossProfitRatio": 0.1930623926, "researchAndDevelopmentExpenses": 0, "generalAndAdministrativeExpenses": 0, "sellingAndMarketingExpenses": 0, "sellingGeneralAndAdministrativeExpenses": 2326755000, "otherExpenses": 9809000, "operatingExpenses": 2336564000, "costAndExpenses": 14787625000, "interestIncome": 80308000, "interestExpense": 84385000, "depreciationAndAmortization": 167454000, "ebitda": 809846000, "ebitdaratio": 0.052485101, "operatingIncome": 642392000, "operatingIncomeRatio": 0.0416326178, "totalOtherIncomeExpensesNet": -84385000, "incomeBeforeTax": 558007000, "incomeBeforeTaxRatio": 0.036163732, "incomeTaxExpense": 136825000, "netIncome": 421030000, "netIncomeRatio": 0.0272864249, "eps": 3.09, "epsdiluted": 3.03, "weightedAverageShsOut": 136110860, "weightedAverageShsOutDil": 138876497, "link": "https://www.sec.gov/Archives/edgar/data/1531152/000143774921006555/0001437749-21-006555-index.htm", "finalLink": "https://www.sec.gov/Archives/edgar/data/1531152/000143774921006555/bj20201001_10k.htm", "calculatedOtherExpenses": 9809000, "calculatedOperatingExpenses": 2336564000, "calculatedNetInterest": -4077000, "calculatedOtherIncome": -80308000, "calculatedIncomeNonControlling": 152000, "calculatedEbitda": 809846000}, {"date": "2020-02-01", "symbol": "BJ", "reportedCurrency": "USD", "cik": "0001531152", "fillingDate": "2020-03-19", "acceptedDate": "2020-03-19 09:21:59", "calendarYear": "2019", "period": "FY", "revenue": 13190707000, "costOfRevenue": 10763926000, "grossProfit": 2426781000, "grossProfitRatio": 0.1839765677, "researchAndDevelopmentExpenses": 0, "generalAndAdministrativeExpenses": 15152000, "sellingAndMarketingExpenses": 2059430000, "sellingGeneralAndAdministrativeExpenses": 2059430000, "otherExpenses": 15152000, "operatingExpenses": 2074582000, "costAndExpenses": 12838508000, "interestIncome": 104410000, "interestExpense": 108230000, "depreciationAndAmortization": 157000000, "ebitda": 509199000, "ebitdaratio": 0.0386028588, "operatingIncome": 352199000, "operatingIncomeRatio": 0.02670054, "totalOtherIncomeExpensesNet": -108230000, "incomeBeforeTax": 243969000, "incomeBeforeTaxRatio": 0.0184955211, "incomeTaxExpense": 56212000, "netIncome": 187176000, "netIncomeRatio": 0.01418999, "eps": 1.37, "epsdiluted": 1.35, "weightedAverageShsOut": 136173675, "weightedAverageShsOutDil": 139109188, "link": "https://www.sec.gov/Archives/edgar/data/1531152/000153115220000014/0001531152-20-000014-index.htm", "finalLink": "https://www.sec.gov/Archives/edgar/data/1531152/000153115220000014/bj-20200201x10k.htm", "calculatedOtherExpenses": 15152000, "calculatedOperatingExpenses": 2074582000, "calculatedNetInterest": -3820000, "calculatedOtherIncome": -104410000, "calculatedIncomeNonControlling": 581000, "calculatedEbitda": 509199000}, {"date": "2019-02-02", "symbol": "BJ", "reportedCurrency": "USD", "cik": "0001531152", "fillingDate": "2019-03-25", "acceptedDate": "2019-03-25 17:18:01", "calendarYear": "2018", "period": "FY", "revenue": 13007347000, "costOfRevenue": 10646452000, "grossProfit": 2360895000, "grossProfitRatio": 0.1815047296, "researchAndDevelopmentExpenses": 0, "generalAndAdministrativeExpenses": 6118000, "sellingAndMarketingExpenses": 2051324000, "sellingGeneralAndAdministrativeExpenses": 2051324000, "otherExpenses": 9.5367431640625e-07, "operatingExpenses": 2057442000, "costAndExpenses": 12703894000, "interestIncome": 0, "interestExpense": 164535000, "depreciationAndAmortization": 162223000, "ebitda": 465676000, "ebitdaratio": 0.0358009977, "operatingIncome": 303453000, "operatingIncomeRatio": 0.0233293538, "totalOtherIncomeExpensesNet": -164535000, "incomeBeforeTax": 138918000, "incomeBeforeTaxRatio": 0.0106799642, "incomeTaxExpense": 11826000, "netIncome": 127261000, "netIncomeRatio": 0.0097837784, "eps": 1.09, "epsdiluted": 1.05, "weightedAverageShsOut": 116599000, "weightedAverageShsOutDil": 121135000, "link": "https://www.sec.gov/Archives/edgar/data/1531152/000153115219000010/0001531152-19-000010-index.htm", "finalLink": "https://www.sec.gov/Archives/edgar/data/1531152/000153115219000010/bj-20190202x10k.htm", "calculatedOtherExpenses": 6118000, "calculatedOperatingExpenses": 2057442000, "calculatedNetInterest": -164535000, "calculatedOtherIncome": 0, "calculatedIncomeNonControlling": -169000, "calculatedEbitda": 465676000}, {"date": "2018-01-31", "symbol": "BJ", "reportedCurrency": "USD", "cik": "0001531152", "fillingDate": "2018-02-03", "acceptedDate": "2018-02-02 19:00:00", "calendarYear": "2017", "period": "FY", "revenue": 12754589000, "costOfRevenue": 10513492000, "grossProfit": 2241097000, "grossProfitRatio": 0.1757090722, "researchAndDevelopmentExpenses": 0, "generalAndAdministrativeExpenses": 3004000, "sellingAndMarketingExpenses": 2017821000, "sellingGeneralAndAdministrativeExpenses": 2017821000, "otherExpenses": -9.5367431640625e-07, "operatingExpenses": 2020825000, "costAndExpenses": 12534317000, "interestIncome": 0, "interestExpense": 171603000, "depreciationAndAmortization": 164061000, "ebitda": 359212000, "ebitdaratio": 0.0281633536, "operatingIncome": 220272000, "operatingIncomeRatio": 0.0172700194, "totalOtherIncomeExpensesNet": -196724000, "incomeBeforeTax": 23548000, "incomeBeforeTaxRatio": 0.0018462375, "incomeTaxExpense": -28427000, "netIncome": 50301000, "netIncomeRatio": 0.003943757, "eps": 0.4, "epsdiluted": 0.38, "weightedAverageShsOut": 126053000, "weightedAverageShsOutDil": 130792000, "link": "", "finalLink": "", "calculatedOtherExpenses": 3004000, "calculatedOperatingExpenses": 2020825000, "calculatedNetInterest": -171603000, "calculatedOtherIncome": -25121000, "calculatedIncomeNonControlling": 1674000, "calculatedEbitda": 384333000}, {"date": "2017-01-31", "symbol": "BJ", "reportedCurrency": "USD", "cik": "0001531152", "fillingDate": "2017-01-28", "acceptedDate": "2017-01-27 19:00:00", "calendarYear": "2016", "period": "FY", "revenue": 12350537000, "costOfRevenue": 10223017000, "grossProfit": 2127520000, "grossProfitRatio": 0.1722613357, "researchAndDevelopmentExpenses": 0, "generalAndAdministrativeExpenses": 2749000, "sellingAndMarketingExpenses": 1908752000, "sellingGeneralAndAdministrativeExpenses": 1908752000, "otherExpenses": 2.384185791015625e-07, "operatingExpenses": 1911501000, "costAndExpenses": 12134518000, "interestIncome": 182000, "interestExpense": 135840000, "depreciationAndAmortization": 178325000, "ebitda": 386833000, "ebitdaratio": 0.0313211482, "operatingIncome": 216019000, "operatingIncomeRatio": 0.0174906565, "totalOtherIncomeExpensesNet": -143351000, "incomeBeforeTax": 72668000, "incomeBeforeTaxRatio": 0.0058837927, "incomeTaxExpense": 27968000, "netIncome": 44224000, "netIncomeRatio": 0.003580735, "eps": 0.35, "epsdiluted": 0.34, "weightedAverageShsOut": 126053000, "weightedAverageShsOutDil": 130792000, "link": "", "finalLink": "", "calculatedOtherExpenses": 2749000, "calculatedOperatingExpenses": 1911501000, "calculatedNetInterest": -135658000, "calculatedOtherIncome": -7693000, "calculatedIncomeNonControlling": 476000, "calculatedEbitda": 394344000}, {"date": "2016-01-31", "symbol": "BJ", "reportedCurrency": "USD", "cik": "0001531152", "fillingDate": "2016-01-30", "acceptedDate": "2016-01-29 19:00:00", "calendarYear": "2015", "period": "FY", "revenue": 12467553000, "costOfRevenue": 10476519000, "grossProfit": 1991034000, "grossProfitRatio": 0.1596972557, "researchAndDevelopmentExpenses": 0, "generalAndAdministrativeExpenses": 6458000, "sellingAndMarketingExpenses": 1797780000, "sellingGeneralAndAdministrativeExpenses": 1797780000, "otherExpenses": -7.152557373046875e-07, "operatingExpenses": 1804238000, "costAndExpenses": 12280757000, "interestIncome": 0, "interestExpense": 142685000, "depreciationAndAmortization": 177483000, "ebitda": 356871000, "ebitdaratio": 0.028623981, "operatingIncome": 186796000, "operatingIncomeRatio": 0.0149825712, "totalOtherIncomeExpensesNet": -150093000, "incomeBeforeTax": 36703000, "incomeBeforeTaxRatio": 0.0029438816, "incomeTaxExpense": 12049000, "netIncome": 24104000, "netIncomeRatio": 0.0019333385, "eps": 0.19, "epsdiluted": 0.18, "weightedAverageShsOut": 126053000, "weightedAverageShsOutDil": 130792000, "link": "", "finalLink": "", "calculatedOtherExpenses": 6458000, "calculatedOperatingExpenses": 1804238000, "calculatedNetInterest": -142685000, "calculatedOtherIncome": -7408000, "calculatedIncomeNonControlling": 550000, "calculatedEbitda": 364279000}]}