{"originalCurrency": "USD", "convertedCurrency": "USD", "report": [{"date": "2023-12-31", "symbol": "BK", "reportedCurrency": "USD", "cik": "0001390777", "fillingDate": "2023-12-31", "acceptedDate": "2023-12-29 19:00:00", "calendarYear": "2023", "period": "FY", "revenue": 33704000000, "costOfRevenue": -30000000, "grossProfit": 33734000000, "grossProfitRatio": 1.0008901021, "researchAndDevelopmentExpenses": 0, "generalAndAdministrativeExpenses": 7095000000, "sellingAndMarketingExpenses": 183000000, "sellingGeneralAndAdministrativeExpenses": 7095000000, "otherExpenses": -3887000000, "operatingExpenses": 3887000000, "costAndExpenses": 29763000000, "interestIncome": 20648000000, "interestExpense": 2324000000, "depreciationAndAmortization": 1748000000, "ebitda": 55000000, "ebitdaratio": 0.0016318538, "operatingIncome": -2000000, "operatingIncomeRatio": -5.93401e-05, "totalOtherIncomeExpensesNet": 4088000000, "incomeBeforeTax": 4088000000, "incomeBeforeTaxRatio": 0.1212912414, "incomeTaxExpense": 800000000, "netIncome": 3286000000, "netIncomeRatio": 0.0974958462, "eps": 3.89, "epsdiluted": 3.87, "weightedAverageShsOut": 784069000, "weightedAverageShsOutDil": 787798000, "link": null, "finalLink": null, "calculatedOtherExpenses": 26641000000, "calculatedOperatingExpenses": 33736000000, "calculatedNetInterest": 18324000000, "calculatedOtherIncome": -14234000000, "calculatedIncomeNonControlling": 2000000, "calculatedEbitda": 1746000000}, {"date": "2022-12-31", "symbol": "BK", "reportedCurrency": "USD", "cik": "0001390777", "fillingDate": "2023-02-27", "acceptedDate": "2023-02-27 07:26:41", "calendarYear": "2022", "period": "FY", "revenue": 16034000000, "costOfRevenue": 0, "grossProfit": 16034000000, "grossProfitRatio": 1, "researchAndDevelopmentExpenses": 0, "generalAndAdministrativeExpenses": 6800000000, "sellingAndMarketingExpenses": 152000000, "sellingGeneralAndAdministrativeExpenses": 6800000000, "otherExpenses": -14310000000, "operatingExpenses": -7510000000, "costAndExpenses": -7510000000, "interestIncome": 3504000000, "interestExpense": 3614000000, "depreciationAndAmortization": 67000000, "ebitda": 8591000000, "ebitdaratio": 0.5357989273, "operatingIncome": 8524000000, "operatingIncomeRatio": 0.5316203068, "totalOtherIncomeExpensesNet": -5196000000, "incomeBeforeTax": 3328000000, "incomeBeforeTaxRatio": 0.2075589373, "incomeTaxExpense": 768000000, "netIncome": 2573000000, "netIncomeRatio": 0.1604714981, "eps": 2.91, "epsdiluted": 2.9, "weightedAverageShsOut": 811068000, "weightedAverageShsOutDil": 814795000, "link": "https://www.sec.gov/Archives/edgar/data/1390777/000139077723000033/0001390777-23-000033-index.htm", "finalLink": "https://www.sec.gov/Archives/edgar/data/1390777/000139077723000033/bk-20221231.htm", "calculatedOtherExpenses": 710000000, "calculatedOperatingExpenses": 7510000000, "calculatedNetInterest": -110000000, "calculatedOtherIncome": -5086000000, "calculatedIncomeNonControlling": -13000000, "calculatedEbitda": 8591000000}, {"date": "2021-12-31", "symbol": "BK", "reportedCurrency": "USD", "cik": "0001390777", "fillingDate": "2022-02-25", "acceptedDate": "2022-02-25 07:05:13", "calendarYear": "2021", "period": "FY", "revenue": 15633000000, "costOfRevenue": 0, "grossProfit": 15633000000, "grossProfitRatio": 1, "researchAndDevelopmentExpenses": 0, "generalAndAdministrativeExpenses": 6337000000, "sellingAndMarketingExpenses": 107000000, "sellingGeneralAndAdministrativeExpenses": 6337000000, "otherExpenses": -17334000000, "operatingExpenses": -10997000000, "costAndExpenses": -10997000000, "interestIncome": 2845000000, "interestExpense": 227000000, "depreciationAndAmortization": 82000000, "ebitda": 4718000000, "ebitdaratio": 0.3017974797, "operatingIncome": 4636000000, "operatingIncomeRatio": 0.2965521653, "totalOtherIncomeExpensesNet": 12000000, "incomeBeforeTax": 4648000000, "incomeBeforeTaxRatio": 0.2973197723, "incomeTaxExpense": 877000000, "netIncome": 3759000000, "netIncomeRatio": 0.2404528881, "eps": 4.17, "epsdiluted": 4.15, "weightedAverageShsOut": 851905000, "weightedAverageShsOutDil": 856359000, "link": "https://www.sec.gov/Archives/edgar/data/1390777/000139077722000043/0001390777-22-000043-index.htm", "finalLink": "https://www.sec.gov/Archives/edgar/data/1390777/000139077722000043/bk-20211231.htm", "calculatedOtherExpenses": 4660000000, "calculatedOperatingExpenses": 10997000000, "calculatedNetInterest": 2618000000, "calculatedOtherIncome": -2606000000, "calculatedIncomeNonControlling": 12000000, "calculatedEbitda": 4718000000}, {"date": "2020-12-31", "symbol": "BK", "reportedCurrency": "USD", "cik": "0001390777", "fillingDate": "2021-02-25", "acceptedDate": "2021-02-25 06:48:25", "calendarYear": "2020", "period": "FY", "revenue": 15472000000, "costOfRevenue": 0, "grossProfit": 15472000000, "grossProfitRatio": 1, "researchAndDevelopmentExpenses": 0, "generalAndAdministrativeExpenses": 5966000000, "sellingAndMarketingExpenses": 105000000, "sellingGeneralAndAdministrativeExpenses": 5966000000, "otherExpenses": -16979000000, "operatingExpenses": -11013000000, "costAndExpenses": -11013000000, "interestIncome": 2977000000, "interestExpense": 1132000000, "depreciationAndAmortization": 104000000, "ebitda": 4563000000, "ebitdaratio": 0.2949198552, "operatingIncome": 4459000000, "operatingIncomeRatio": 0.2881980352, "totalOtherIncomeExpensesNet": 9000000, "incomeBeforeTax": 4468000000, "incomeBeforeTaxRatio": 0.2887797311, "incomeTaxExpense": 842000000, "netIncome": 3617000000, "netIncomeRatio": 0.2337771458, "eps": 3.84, "epsdiluted": 3.83, "weightedAverageShsOut": 890839000, "weightedAverageShsOutDil": 892514000, "link": "https://www.sec.gov/Archives/edgar/data/1390777/000139077721000037/0001390777-21-000037-index.htm", "finalLink": "https://www.sec.gov/Archives/edgar/data/1390777/000139077721000037/bk-20201231.htm", "calculatedOtherExpenses": 5047000000, "calculatedOperatingExpenses": 11013000000, "calculatedNetInterest": 1845000000, "calculatedOtherIncome": -1836000000, "calculatedIncomeNonControlling": 9000000, "calculatedEbitda": 4563000000}, {"date": "2019-12-31", "symbol": "BK", "reportedCurrency": "USD", "cik": "0001390777", "fillingDate": "2020-02-27", "acceptedDate": "2020-02-27 06:53:38", "calendarYear": "2019", "period": "FY", "revenue": 16088000000, "costOfRevenue": 0, "grossProfit": 16088000000, "grossProfitRatio": 1, "researchAndDevelopmentExpenses": 0, "generalAndAdministrativeExpenses": 6063000000, "sellingAndMarketingExpenses": 213000000, "sellingGeneralAndAdministrativeExpenses": 6063000000, "otherExpenses": -16590000000, "operatingExpenses": -10527000000, "costAndExpenses": -10527000000, "interestIncome": 3188000000, "interestExpense": 4360000000, "depreciationAndAmortization": 117000000, "ebitda": 5678000000, "ebitdaratio": 0.3529338637, "operatingIncome": 5561000000, "operatingIncomeRatio": 0.3456613625, "totalOtherIncomeExpensesNet": 26000000, "incomeBeforeTax": 5587000000, "incomeBeforeTaxRatio": 0.3472774739, "incomeTaxExpense": 1120000000, "netIncome": 4441000000, "netIncomeRatio": 0.2760442566, "eps": 4.53, "epsdiluted": 4.51, "weightedAverageShsOut": 939623000, "weightedAverageShsOutDil": 943109000, "link": "https://www.sec.gov/Archives/edgar/data/1390777/000139077720000044/0001390777-20-000044-index.htm", "finalLink": "https://www.sec.gov/Archives/edgar/data/1390777/000139077720000044/form10-k4q19.htm", "calculatedOtherExpenses": 4464000000, "calculatedOperatingExpenses": 10527000000, "calculatedNetInterest": -1172000000, "calculatedOtherIncome": 1198000000, "calculatedIncomeNonControlling": 26000000, "calculatedEbitda": 5678000000}, {"date": "2018-12-31", "symbol": "BK", "reportedCurrency": "USD", "cik": "0001390777", "fillingDate": "2019-02-27", "acceptedDate": "2019-02-27 06:54:13", "calendarYear": "2018", "period": "FY", "revenue": 15124000000, "costOfRevenue": 0, "grossProfit": 15124000000, "grossProfitRatio": 1, "researchAndDevelopmentExpenses": 0, "generalAndAdministrativeExpenses": 6033000000, "sellingAndMarketingExpenses": 228000000, "sellingGeneralAndAdministrativeExpenses": 6033000000, "otherExpenses": -14106000000, "operatingExpenses": -7961000000, "costAndExpenses": -7961000000, "interestIncome": 3308000000, "interestExpense": 2821000000, "depreciationAndAmortization": 209000000, "ebitda": 9364000000, "ebitdaratio": 0.6191483734, "operatingIncome": 8025000000, "operatingIncomeRatio": 0.5306135943, "totalOtherIncomeExpensesNet": -2833000000, "incomeBeforeTax": 4610000000, "incomeBeforeTaxRatio": 0.3048135414, "incomeTaxExpense": 496000000, "netIncome": 4090000000, "netIncomeRatio": 0.2704311029, "eps": 3.95, "epsdiluted": 3.93, "weightedAverageShsOut": 1034281000, "weightedAverageShsOutDil": 1040290000, "link": "https://www.sec.gov/Archives/edgar/data/1390777/000139077719000050/0001390777-19-000050-index.htm", "finalLink": "https://www.sec.gov/Archives/edgar/data/1390777/000139077719000050/form10-k_4q18.htm", "calculatedOtherExpenses": 1066000000, "calculatedOperatingExpenses": 7099000000, "calculatedNetInterest": 487000000, "calculatedOtherIncome": -3902000000, "calculatedIncomeNonControlling": 24000000, "calculatedEbitda": 8234000000}, {"date": "2017-12-31", "symbol": "BK", "reportedCurrency": "USD", "cik": "0001390777", "fillingDate": "2018-02-28", "acceptedDate": "2018-02-28 06:30:17", "calendarYear": "2017", "period": "FY", "revenue": 15124000000, "costOfRevenue": 0, "grossProfit": 15124000000, "grossProfitRatio": 1, "researchAndDevelopmentExpenses": 0, "generalAndAdministrativeExpenses": 5972000000, "sellingAndMarketingExpenses": 229000000, "sellingGeneralAndAdministrativeExpenses": 5972000000, "otherExpenses": -3117000000, "operatingExpenses": 3117000000, "costAndExpenses": 12266000000, "interestIncome": 4382000000, "interestExpense": 1074000000, "depreciationAndAmortization": 209000000, "ebitda": 4795000000, "ebitdaratio": 0.3170457551, "operatingIncome": 4586000000, "operatingIncomeRatio": 0.3032266596, "totalOtherIncomeExpensesNet": 24000000, "incomeBeforeTax": 4610000000, "incomeBeforeTaxRatio": 0.3048135414, "incomeTaxExpense": 496000000, "netIncome": 4090000000, "netIncomeRatio": 0.2704311029, "eps": 3.74, "epsdiluted": 3.72, "weightedAverageShsOut": 1034281000, "weightedAverageShsOutDil": 1040290000, "link": "https://www.sec.gov/Archives/edgar/data/1390777/000139077718000069/0001390777-18-000069-index.htm", "finalLink": "https://www.sec.gov/Archives/edgar/data/1390777/000139077718000069/form10-k_4q17.htm", "calculatedOtherExpenses": 4566000000, "calculatedOperatingExpenses": 10538000000, "calculatedNetInterest": 3308000000, "calculatedOtherIncome": -3284000000, "calculatedIncomeNonControlling": 24000000, "calculatedEbitda": 4795000000}, {"date": "2016-12-31", "symbol": "BK", "reportedCurrency": "USD", "cik": "0001390777", "fillingDate": "2017-02-28", "acceptedDate": "2017-02-28 07:59:07", "calendarYear": "2016", "period": "FY", "revenue": 14832000000, "costOfRevenue": 0, "grossProfit": 14832000000, "grossProfitRatio": 1, "researchAndDevelopmentExpenses": 0, "generalAndAdministrativeExpenses": 5733000000, "sellingAndMarketingExpenses": 245000000, "sellingGeneralAndAdministrativeExpenses": 5733000000, "otherExpenses": -2639000000, "operatingExpenses": 2639000000, "costAndExpenses": 10889000000, "interestIncome": 3575000000, "interestExpense": 437000000, "depreciationAndAmortization": 237000000, "ebitda": 4961000000, "ebitdaratio": 0.3344795038, "operatingIncome": 4724000000, "operatingIncomeRatio": 0.3185005394, "totalOtherIncomeExpensesNet": 1000000, "incomeBeforeTax": 4725000000, "incomeBeforeTaxRatio": 0.3185679612, "incomeTaxExpense": 1177000000, "netIncome": 3547000000, "netIncomeRatio": 0.2391450917, "eps": 3.16, "epsdiluted": 3.15, "weightedAverageShsOut": 1066286000, "weightedAverageShsOutDil": 1072013000, "link": "https://www.sec.gov/Archives/edgar/data/1390777/000139077717000065/0001390777-17-000065-index.htm", "finalLink": "https://www.sec.gov/Archives/edgar/data/1390777/000139077717000065/bk201610-k_4q16.htm", "calculatedOtherExpenses": 4375000000, "calculatedOperatingExpenses": 10108000000, "calculatedNetInterest": 3138000000, "calculatedOtherIncome": -3137000000, "calculatedIncomeNonControlling": 1000000, "calculatedEbitda": 4961000000}, {"date": "2015-12-31", "symbol": "BK", "reportedCurrency": "USD", "cik": "0001390777", "fillingDate": "2016-02-26", "acceptedDate": "2016-02-26 08:20:50", "calendarYear": "2015", "period": "FY", "revenue": 14813000000, "costOfRevenue": 0, "grossProfit": 14813000000, "grossProfitRatio": 1, "researchAndDevelopmentExpenses": 0, "generalAndAdministrativeExpenses": 5837000000, "sellingAndMarketingExpenses": 267000000, "sellingGeneralAndAdministrativeExpenses": 5837000000, "otherExpenses": 0, "operatingExpenses": 10799000000, "costAndExpenses": 10799000000, "interestIncome": 3326000000, "interestExpense": 300000000, "depreciationAndAmortization": 261000000, "ebitda": 4432000000, "ebitdaratio": 0.2991966516, "operatingIncome": 4171000000, "operatingIncomeRatio": 0.2815769932, "totalOtherIncomeExpensesNet": 64000000, "incomeBeforeTax": 4235000000, "incomeBeforeTaxRatio": 0.2858975224, "incomeTaxExpense": 1013000000, "netIncome": 3158000000, "netIncomeRatio": 0.2131911159, "eps": 2.73, "epsdiluted": 2.71, "weightedAverageShsOut": 1104719000, "weightedAverageShsOutDil": 1112511000, "link": "https://www.sec.gov/Archives/edgar/data/1390777/000139077716000204/0001390777-16-000204-index.htm", "finalLink": "https://www.sec.gov/Archives/edgar/data/1390777/000139077716000204/bk201510-k_4q15.htm", "calculatedOtherExpenses": 4805000000, "calculatedOperatingExpenses": 10642000000, "calculatedNetInterest": 3026000000, "calculatedOtherIncome": -2962000000, "calculatedIncomeNonControlling": 64000000, "calculatedEbitda": 4432000000}, {"date": "2014-12-31", "symbol": "BK", "reportedCurrency": "USD", "cik": "0001390777", "fillingDate": "2015-02-27", "acceptedDate": "2015-02-27 16:38:15", "calendarYear": "2014", "period": "FY", "revenue": 15264000000, "costOfRevenue": 0, "grossProfit": 15264000000, "grossProfitRatio": 1, "researchAndDevelopmentExpenses": 0, "generalAndAdministrativeExpenses": 5845000000, "sellingAndMarketingExpenses": 268000000, "sellingGeneralAndAdministrativeExpenses": 5845000000, "otherExpenses": 0, "operatingExpenses": 12177000000, "costAndExpenses": 12177000000, "interestIncome": 3234000000, "interestExpense": 354000000, "depreciationAndAmortization": 298000000, "ebitda": 4556000000, "ebitdaratio": 0.2984800839, "operatingIncome": 4258000000, "operatingIncomeRatio": 0.2789570231, "totalOtherIncomeExpensesNet": 84000000, "incomeBeforeTax": 4342000000, "incomeBeforeTaxRatio": 0.2844601677, "incomeTaxExpense": 1093000000, "netIncome": 3165000000, "netIncomeRatio": 0.2073506289, "eps": 2.69, "epsdiluted": 2.67, "weightedAverageShsOut": 1129897000, "weightedAverageShsOutDil": 1137480000, "link": "https://www.sec.gov/Archives/edgar/data/1390777/000162828015001194/0001628280-15-001194-index.htm", "finalLink": "https://www.sec.gov/Archives/edgar/data/1390777/000162828015001194/bk201410-k.htm", "calculatedOtherExpenses": 5161000000, "calculatedOperatingExpenses": 11006000000, "calculatedNetInterest": 2880000000, "calculatedOtherIncome": -2796000000, "calculatedIncomeNonControlling": 84000000, "calculatedEbitda": 4556000000}, {"date": "2013-12-31", "symbol": "BK", "reportedCurrency": "USD", "cik": "0001390777", "fillingDate": "2014-02-28", "acceptedDate": "2014-02-28 16:14:28", "calendarYear": "2013", "period": "FY", "revenue": 14548000000, "costOfRevenue": 0, "grossProfit": 14548000000, "grossProfitRatio": 1, "researchAndDevelopmentExpenses": 0, "generalAndAdministrativeExpenses": 6019000000, "sellingAndMarketingExpenses": 317000000, "sellingGeneralAndAdministrativeExpenses": 6019000000, "otherExpenses": 0, "operatingExpenses": 11306000000, "costAndExpenses": 11306000000, "interestIncome": 3352000000, "interestExpense": 343000000, "depreciationAndAmortization": 342000000, "ebitda": 3973000000, "ebitdaratio": 0.2730959582, "operatingIncome": 3631000000, "operatingIncomeRatio": 0.2495875722, "totalOtherIncomeExpensesNet": 81000000, "incomeBeforeTax": 3712000000, "incomeBeforeTaxRatio": 0.2551553478, "incomeTaxExpense": 1520000000, "netIncome": 2111000000, "netIncomeRatio": 0.1451058565, "eps": 1.75, "epsdiluted": 1.74, "weightedAverageShsOut": 1150689000, "weightedAverageShsOutDil": 1154441000, "link": "https://www.sec.gov/Archives/edgar/data/1390777/000144530514000745/0001445305-14-000745-index.htm", "finalLink": "https://www.sec.gov/Archives/edgar/data/1390777/000144530514000745/bk201310-k.htm", "calculatedOtherExpenses": 4898000000, "calculatedOperatingExpenses": 10917000000, "calculatedNetInterest": 3009000000, "calculatedOtherIncome": -2928000000, "calculatedIncomeNonControlling": 81000000, "calculatedEbitda": 3973000000}, {"date": "2012-12-31", "symbol": "BK", "reportedCurrency": "USD", "cik": "0001390777", "fillingDate": "2013-02-28", "acceptedDate": "2013-02-28 16:48:10", "calendarYear": "2012", "period": "FY", "revenue": 14555000000, "costOfRevenue": 0, "grossProfit": 14555000000, "grossProfitRatio": 1, "researchAndDevelopmentExpenses": 0, "generalAndAdministrativeExpenses": 5761000000, "sellingAndMarketingExpenses": 275000000, "sellingGeneralAndAdministrativeExpenses": 5761000000, "otherExpenses": 0, "operatingExpenses": 11333000000, "costAndExpenses": 11333000000, "interestIncome": 2973000000, "interestExpense": 534000000, "depreciationAndAmortization": 384000000, "ebitda": 3608000000, "ebitdaratio": 0.2478873239, "operatingIncome": 3224000000, "operatingIncomeRatio": 0.2215046376, "totalOtherIncomeExpensesNet": 78000000, "incomeBeforeTax": 3302000000, "incomeBeforeTaxRatio": 0.2268636207, "incomeTaxExpense": 779000000, "netIncome": 2445000000, "netIncomeRatio": 0.1679835108, "eps": 2.09, "epsdiluted": 2.09, "weightedAverageShsOut": 1163490341, "weightedAverageShsOutDil": 1163490341, "link": "https://www.sec.gov/Archives/edgar/data/1390777/000119312513084562/0001193125-13-084562-index.htm", "finalLink": "https://www.sec.gov/Archives/edgar/data/1390777/000119312513084562/d448545d10k.htm", "calculatedOtherExpenses": 5570000000, "calculatedOperatingExpenses": 11331000000, "calculatedNetInterest": 2439000000, "calculatedOtherIncome": -2361000000, "calculatedIncomeNonControlling": 78000000, "calculatedEbitda": 3608000000}, {"date": "2011-12-31", "symbol": "BK", "reportedCurrency": "USD", "cik": "0001390777", "fillingDate": "2012-02-28", "acceptedDate": "2012-02-28 16:30:16", "calendarYear": "2011", "period": "FY", "revenue": 15870000000, "costOfRevenue": 0, "grossProfit": 15870000000, "grossProfitRatio": 1, "researchAndDevelopmentExpenses": 0, "generalAndAdministrativeExpenses": 6541000000, "sellingAndMarketingExpenses": 416000000, "sellingGeneralAndAdministrativeExpenses": 6541000000, "otherExpenses": -18847000000, "operatingExpenses": -12306000000, "costAndExpenses": -12306000000, "interestIncome": 3588000000, "interestExpense": 604000000, "depreciationAndAmortization": 428000000, "ebitda": 3992000000, "ebitdaratio": 0.2515437933, "operatingIncome": 3564000000, "operatingIncomeRatio": 0.2245746692, "totalOtherIncomeExpensesNet": 53000000, "incomeBeforeTax": 3617000000, "incomeBeforeTaxRatio": 0.2279143037, "incomeTaxExpense": 1048000000, "netIncome": 2516000000, "netIncomeRatio": 0.1585381222, "eps": 2.03, "epsdiluted": 2.03, "weightedAverageShsOut": 1220804000, "weightedAverageShsOutDil": 1223026000, "link": "https://www.sec.gov/Archives/edgar/data/1390777/000119312512085349/0001193125-12-085349-index.htm", "finalLink": "https://www.sec.gov/Archives/edgar/data/1390777/000119312512085349/d260593d10k.htm", "calculatedOtherExpenses": 5765000000, "calculatedOperatingExpenses": 12306000000, "calculatedNetInterest": 2984000000, "calculatedOtherIncome": -2931000000, "calculatedIncomeNonControlling": 53000000, "calculatedEbitda": 3992000000}, {"date": "2010-12-31", "symbol": "BK", "reportedCurrency": "USD", "cik": "0001390777", "fillingDate": "2011-02-28", "acceptedDate": "2011-02-28 16:16:42", "calendarYear": "2010", "period": "FY", "revenue": 13498000000, "costOfRevenue": 0, "grossProfit": 13498000000, "grossProfitRatio": 1, "researchAndDevelopmentExpenses": 0, "generalAndAdministrativeExpenses": 5215000000, "sellingAndMarketingExpenses": 377000000, "sellingGeneralAndAdministrativeExpenses": 5215000000, "otherExpenses": -15236000000, "operatingExpenses": -10021000000, "costAndExpenses": -10021000000, "interestIncome": 3533000000, "interestExpense": 608000000, "depreciationAndAmortization": 421000000, "ebitda": 3898000000, "ebitdaratio": 0.2887835235, "operatingIncome": 3477000000, "operatingIncomeRatio": 0.2575937176, "totalOtherIncomeExpensesNet": 217000000, "incomeBeforeTax": 3694000000, "incomeBeforeTaxRatio": 0.2736701734, "incomeTaxExpense": 1047000000, "netIncome": 2430000000, "netIncomeRatio": 0.1800266706, "eps": 2.06, "epsdiluted": 2.05, "weightedAverageShsOut": 1212630000, "weightedAverageShsOutDil": 1216214000, "link": "https://www.sec.gov/Archives/edgar/data/1390777/000119312511049932/0001193125-11-049932-index.htm", "finalLink": "https://www.sec.gov/Archives/edgar/data/1390777/000119312511049932/d10k.htm", "calculatedOtherExpenses": 4806000000, "calculatedOperatingExpenses": 10021000000, "calculatedNetInterest": 2925000000, "calculatedOtherIncome": -2708000000, "calculatedIncomeNonControlling": 217000000, "calculatedEbitda": 3898000000}, {"date": "2009-12-31", "symbol": "BK", "reportedCurrency": "USD", "cik": "0001390777", "fillingDate": "2010-02-26", "acceptedDate": "2010-02-26 16:21:31", "calendarYear": "2009", "period": "FY", "revenue": 7230000000, "costOfRevenue": 0, "grossProfit": 7230000000, "grossProfitRatio": 1, "researchAndDevelopmentExpenses": 0, "generalAndAdministrativeExpenses": 4700000000, "sellingAndMarketingExpenses": 426000000, "sellingGeneralAndAdministrativeExpenses": 4700000000, "otherExpenses": -14409000000, "operatingExpenses": -9709000000, "costAndExpenses": -9709000000, "interestIncome": 3507000000, "interestExpense": 592000000, "depreciationAndAmortization": 711000000, "ebitda": -1768000000, "ebitdaratio": -0.2445366528, "operatingIncome": -2479000000, "operatingIncomeRatio": -0.3428769018, "totalOtherIncomeExpensesNet": 271000000, "incomeBeforeTax": -2208000000, "incomeBeforeTaxRatio": -0.3053941909, "incomeTaxExpense": -1395000000, "netIncome": -1084000000, "netIncomeRatio": -0.1499308437, "eps": -0.92, "epsdiluted": -0.92, "weightedAverageShsOut": 1178907000, "weightedAverageShsOutDil": 1178907000, "link": "https://www.sec.gov/Archives/edgar/data/1390777/000119312510042948/0001193125-10-042948-index.htm", "finalLink": "https://www.sec.gov/Archives/edgar/data/1390777/000119312510042948/d10k.htm", "calculatedOtherExpenses": 5009000000, "calculatedOperatingExpenses": 9709000000, "calculatedNetInterest": 2915000000, "calculatedOtherIncome": -2644000000, "calculatedIncomeNonControlling": 271000000, "calculatedEbitda": -1768000000}, {"date": "2008-12-31", "symbol": "BK", "reportedCurrency": "USD", "cik": "0001390777", "fillingDate": "2009-02-27", "acceptedDate": "2009-02-27 16:35:04", "calendarYear": "2008", "period": "FY", "revenue": 13135000000, "costOfRevenue": 0, "grossProfit": 13135000000, "grossProfitRatio": 1, "researchAndDevelopmentExpenses": 0, "generalAndAdministrativeExpenses": 5115000000, "sellingAndMarketingExpenses": 0, "sellingGeneralAndAdministrativeExpenses": 5115000000, "otherExpenses": -16334000000, "operatingExpenses": -11219000000, "costAndExpenses": -11219000000, "interestIncome": 5638000000, "interestExpense": 2687000000, "depreciationAndAmortization": 482000000, "ebitda": 2398000000, "ebitdaratio": 0.1825656643, "operatingIncome": 1916000000, "operatingIncomeRatio": 0.1458698135, "totalOtherIncomeExpensesNet": 23000000, "incomeBeforeTax": 1939000000, "incomeBeforeTaxRatio": 0.1476208603, "incomeTaxExpense": 497000000, "netIncome": 1419000000, "netIncomeRatio": 0.1080319756, "eps": 1.21, "epsdiluted": 1.2, "weightedAverageShsOut": 1142239000, "weightedAverageShsOutDil": 1152085000, "link": "https://www.sec.gov/Archives/edgar/data/1390777/000119312509041050/0001193125-09-041050-index.htm", "finalLink": "https://www.sec.gov/Archives/edgar/data/1390777/000119312509041050/d10k.htm", "calculatedOtherExpenses": 6104000000, "calculatedOperatingExpenses": 11219000000, "calculatedNetInterest": 2951000000, "calculatedOtherIncome": -2928000000, "calculatedIncomeNonControlling": 23000000, "calculatedEbitda": 2398000000}, {"date": "2007-12-31", "symbol": "BK", "reportedCurrency": "USD", "cik": "0001390777", "fillingDate": "2008-02-28", "acceptedDate": "2008-02-28 17:03:30", "calendarYear": "2007", "period": "FY", "revenue": 11005000000, "costOfRevenue": 0, "grossProfit": 11005000000, "grossProfitRatio": 1, "researchAndDevelopmentExpenses": 0, "generalAndAdministrativeExpenses": 4120000000, "sellingAndMarketingExpenses": 0, "sellingGeneralAndAdministrativeExpenses": 4120000000, "otherExpenses": -12088000000, "operatingExpenses": -7968000000, "costAndExpenses": -7968000000, "interestIncome": 5751000000, "interestExpense": 3451000000, "depreciationAndAmortization": 826000000, "ebitda": 3863000000, "ebitdaratio": 0.3510222626, "operatingIncome": 3037000000, "operatingIncomeRatio": 0.2759654702, "totalOtherIncomeExpensesNet": 188000000, "incomeBeforeTax": 3225000000, "incomeBeforeTaxRatio": 0.2930486143, "incomeTaxExpense": 998000000, "netIncome": 2039000000, "netIncomeRatio": 0.1852794184, "eps": 2.19, "epsdiluted": 2.17, "weightedAverageShsOut": 923199000, "weightedAverageShsOutDil": 930676000, "link": "https://www.sec.gov/Archives/edgar/data/1390777/000119312508041952/0001193125-08-041952-index.htm", "finalLink": "https://www.sec.gov/Archives/edgar/data/1390777/000119312508041952/d10k.htm", "calculatedOtherExpenses": 3848000000, "calculatedOperatingExpenses": 7968000000, "calculatedNetInterest": 2300000000, "calculatedOtherIncome": -2112000000, "calculatedIncomeNonControlling": 188000000, "calculatedEbitda": 3863000000}, {"date": "2006-12-31", "symbol": "BK", "reportedCurrency": "USD", "cik": "0001390777", "fillingDate": "2006-12-31", "acceptedDate": "2006-12-30 19:00:00", "calendarYear": "2006", "period": "FY", "revenue": 4662000000, "costOfRevenue": 0, "grossProfit": 4662000000, "grossProfitRatio": 1, "researchAndDevelopmentExpenses": 0, "generalAndAdministrativeExpenses": 2640000000, "sellingAndMarketingExpenses": 0, "sellingGeneralAndAdministrativeExpenses": 2640000000, "otherExpenses": -3597000000, "operatingExpenses": -957000000, "costAndExpenses": -957000000, "interestIncome": 3740000000, "interestExpense": 2241000000, "depreciationAndAmortization": 494000000, "ebitda": 4199000000, "ebitdaratio": 0.9006864007, "operatingIncome": 3705000000, "operatingIncomeRatio": 0.7947232947, "totalOtherIncomeExpensesNet": -1535000000, "incomeBeforeTax": 2170000000, "incomeBeforeTaxRatio": 0.4654654655, "incomeTaxExpense": 694000000, "netIncome": 3011000000, "netIncomeRatio": 0.6458601459, "eps": 3.99, "epsdiluted": 3.94, "weightedAverageShsOut": 713795000, "weightedAverageShsOutDil": 722407000, "link": null, "finalLink": null, "calculatedOtherExpenses": -1683000000, "calculatedOperatingExpenses": 957000000, "calculatedNetInterest": 1499000000, "calculatedOtherIncome": -3034000000, "calculatedIncomeNonControlling": -1535000000, "calculatedEbitda": 4199000000}, {"date": "2005-12-31", "symbol": "BK", "reportedCurrency": "USD", "cik": "0001390777", "fillingDate": "2005-12-31", "acceptedDate": "2005-12-30 19:00:00", "calendarYear": "2005", "period": "FY", "revenue": 6865000000, "costOfRevenue": 0, "grossProfit": 6865000000, "grossProfitRatio": 1, "researchAndDevelopmentExpenses": 0, "generalAndAdministrativeExpenses": 2549000000, "sellingAndMarketingExpenses": 0, "sellingGeneralAndAdministrativeExpenses": 2549000000, "otherExpenses": -7047000000, "operatingExpenses": -4498000000, "costAndExpenses": -4498000000, "interestIncome": 3356000000, "interestExpense": 1447000000, "depreciationAndAmortization": 526000000, "ebitda": 2893000000, "ebitdaratio": 0.4214129643, "operatingIncome": 2367000000, "operatingIncomeRatio": 0.3447924253, "totalOtherIncomeExpensesNet": 0, "incomeBeforeTax": 2367000000, "incomeBeforeTaxRatio": 0.3447924253, "incomeTaxExpense": 796000000, "netIncome": 1571000000, "netIncomeRatio": 0.2288419519, "eps": 2.05, "epsdiluted": 2.03, "weightedAverageShsOut": 766341463, "weightedAverageShsOutDil": 773891626, "link": null, "finalLink": null, "calculatedOtherExpenses": 1949000000, "calculatedOperatingExpenses": 4498000000, "calculatedNetInterest": 1909000000, "calculatedOtherIncome": -1909000000, "calculatedIncomeNonControlling": 0, "calculatedEbitda": 2893000000}, {"date": "2004-12-31", "symbol": "BK", "reportedCurrency": "USD", "cik": "0001390777", "fillingDate": "2004-12-31", "acceptedDate": "2004-12-30 19:00:00", "calendarYear": "2004", "period": "FY", "revenue": 6336000000, "costOfRevenue": 0, "grossProfit": 6336000000, "grossProfitRatio": 1, "researchAndDevelopmentExpenses": 0, "generalAndAdministrativeExpenses": 2324000000, "sellingAndMarketingExpenses": 0, "sellingGeneralAndAdministrativeExpenses": 2324000000, "otherExpenses": -6461000000, "operatingExpenses": -4137000000, "costAndExpenses": -4137000000, "interestIncome": 2453000000, "interestExpense": 808000000, "depreciationAndAmortization": 480000000, "ebitda": 2679000000, "ebitdaratio": 0.4228219697, "operatingIncome": 2199000000, "operatingIncomeRatio": 0.3470643939, "totalOtherIncomeExpensesNet": 0, "incomeBeforeTax": 2199000000, "incomeBeforeTaxRatio": 0.3470643939, "incomeTaxExpense": 759000000, "netIncome": 1440000000, "netIncomeRatio": 0.2272727273, "eps": 1.87, "epsdiluted": 1.85, "weightedAverageShsOut": 772000000, "weightedAverageShsOutDil": 778000000, "link": null, "finalLink": null, "calculatedOtherExpenses": 1813000000, "calculatedOperatingExpenses": 4137000000, "calculatedNetInterest": 1645000000, "calculatedOtherIncome": -1645000000, "calculatedIncomeNonControlling": 0, "calculatedEbitda": 2679000000}, {"date": "2003-12-31", "symbol": "BK", "reportedCurrency": "USD", "cik": "0001390777", "fillingDate": "2003-12-31", "acceptedDate": "2003-12-30 19:00:00", "calendarYear": "2003", "period": "FY", "revenue": 5615000000, "costOfRevenue": 0, "grossProfit": 5615000000, "grossProfitRatio": 1, "researchAndDevelopmentExpenses": 0, "generalAndAdministrativeExpenses": 2002000000, "sellingAndMarketingExpenses": 0, "sellingGeneralAndAdministrativeExpenses": 2002000000, "otherExpenses": -5855000000, "operatingExpenses": -3853000000, "costAndExpenses": -3853000000, "interestIncome": 2330000000, "interestExpense": 721000000, "depreciationAndAmortization": 430000000, "ebitda": 2192000000, "ebitdaratio": 0.3903829029, "operatingIncome": 1762000000, "operatingIncomeRatio": 0.3138023152, "totalOtherIncomeExpensesNet": 0, "incomeBeforeTax": 1762000000, "incomeBeforeTaxRatio": 0.3138023152, "incomeTaxExpense": 605000000, "netIncome": 1157000000, "netIncomeRatio": 0.2060552093, "eps": 1.54, "epsdiluted": 1.52, "weightedAverageShsOut": 752000000, "weightedAverageShsOutDil": 759000000, "link": null, "finalLink": null, "calculatedOtherExpenses": 1851000000, "calculatedOperatingExpenses": 3853000000, "calculatedNetInterest": 1609000000, "calculatedOtherIncome": -1609000000, "calculatedIncomeNonControlling": 0, "calculatedEbitda": 2192000000}, {"date": "2002-12-31", "symbol": "BK", "reportedCurrency": "USD", "cik": "0001390777", "fillingDate": "2002-12-31", "acceptedDate": "2002-12-30 19:00:00", "calendarYear": "2002", "period": "FY", "revenue": 4808000000, "costOfRevenue": 0, "grossProfit": 4808000000, "grossProfitRatio": 1, "researchAndDevelopmentExpenses": 0, "generalAndAdministrativeExpenses": 1581000000, "sellingAndMarketingExpenses": 0, "sellingGeneralAndAdministrativeExpenses": 1581000000, "otherExpenses": -5017000000, "operatingExpenses": -3436000000, "costAndExpenses": -3436000000, "interestIncome": 2613000000, "interestExpense": 948000000, "depreciationAndAmortization": 232000000, "ebitda": 1604000000, "ebitdaratio": 0.3336106489, "operatingIncome": 1372000000, "operatingIncomeRatio": 0.2853577371, "totalOtherIncomeExpensesNet": 0, "incomeBeforeTax": 1372000000, "incomeBeforeTaxRatio": 0.2853577371, "incomeTaxExpense": 470000000, "netIncome": 902000000, "netIncomeRatio": 0.1876039933, "eps": 1.25, "epsdiluted": 1.24, "weightedAverageShsOut": 725971000, "weightedAverageShsOutDil": 727419355, "link": null, "finalLink": null, "calculatedOtherExpenses": 1855000000, "calculatedOperatingExpenses": 3436000000, "calculatedNetInterest": 1665000000, "calculatedOtherIncome": -1665000000, "calculatedIncomeNonControlling": 0, "calculatedEbitda": 1604000000}, {"date": "2001-12-31", "symbol": "BK", "reportedCurrency": "USD", "cik": "0001390777", "fillingDate": "2001-12-31", "acceptedDate": "2001-12-30 19:00:00", "calendarYear": "2001", "period": "FY", "revenue": 5221000000, "costOfRevenue": 0, "grossProfit": 5221000000, "grossProfitRatio": 1, "researchAndDevelopmentExpenses": 0, "generalAndAdministrativeExpenses": 1588000000, "sellingAndMarketingExpenses": 0, "sellingGeneralAndAdministrativeExpenses": 1588000000, "otherExpenses": -4751000000, "operatingExpenses": -3163000000, "costAndExpenses": -3163000000, "interestIncome": 3620000000, "interestExpense": 1939000000, "depreciationAndAmortization": 284000000, "ebitda": 2342000000, "ebitdaratio": 0.4485730703, "operatingIncome": 2058000000, "operatingIncomeRatio": 0.3941773607, "totalOtherIncomeExpensesNet": 0, "incomeBeforeTax": 2058000000, "incomeBeforeTaxRatio": 0.3941773607, "incomeTaxExpense": 715000000, "netIncome": 1343000000, "netIncomeRatio": 0.2572304156, "eps": 1.84, "epsdiluted": 1.81, "weightedAverageShsOut": 731000000, "weightedAverageShsOutDil": 741000000, "link": null, "finalLink": null, "calculatedOtherExpenses": 1575000000, "calculatedOperatingExpenses": 3163000000, "calculatedNetInterest": 1681000000, "calculatedOtherIncome": -1681000000, "calculatedIncomeNonControlling": 0, "calculatedEbitda": 2342000000}, {"date": "2000-12-31", "symbol": "BK", "reportedCurrency": "USD", "cik": "0001390777", "fillingDate": "2000-12-31", "acceptedDate": "2000-12-30 19:00:00", "calendarYear": "2000", "period": "FY", "revenue": 4979000000, "costOfRevenue": 0, "grossProfit": 4979000000, "grossProfitRatio": 1, "researchAndDevelopmentExpenses": 0, "generalAndAdministrativeExpenses": 1488000000, "sellingAndMarketingExpenses": 0, "sellingGeneralAndAdministrativeExpenses": 1488000000, "otherExpenses": -4216000000, "operatingExpenses": -2728000000, "costAndExpenses": -2728000000, "interestIncome": 4377000000, "interestExpense": 2507000000, "depreciationAndAmortization": 247000000, "ebitda": 2498000000, "ebitdaratio": 0.5017071701, "operatingIncome": 2251000000, "operatingIncomeRatio": 0.452098815, "totalOtherIncomeExpensesNet": 0, "incomeBeforeTax": 2251000000, "incomeBeforeTaxRatio": 0.452098815, "incomeTaxExpense": 822000000, "netIncome": 1429000000, "netIncomeRatio": 0.2870054228, "eps": 1.95, "epsdiluted": 1.92, "weightedAverageShsOut": 733000000, "weightedAverageShsOutDil": 745000000, "link": null, "finalLink": null, "calculatedOtherExpenses": 1240000000, "calculatedOperatingExpenses": 2728000000, "calculatedNetInterest": 1870000000, "calculatedOtherIncome": -1870000000, "calculatedIncomeNonControlling": 0, "calculatedEbitda": 2498000000}, {"date": "1999-12-31", "symbol": "BK", "reportedCurrency": "USD", "cik": "0001390777", "fillingDate": "1999-12-31", "acceptedDate": "1999-12-30 19:00:00", "calendarYear": "1999", "period": "FY", "revenue": 5194000000, "costOfRevenue": 0, "grossProfit": 5194000000, "grossProfitRatio": 1, "researchAndDevelopmentExpenses": 0, "generalAndAdministrativeExpenses": 1251000000, "sellingAndMarketingExpenses": 0, "sellingGeneralAndAdministrativeExpenses": 1251000000, "otherExpenses": -3605000000, "operatingExpenses": -2354000000, "costAndExpenses": -2354000000, "interestIncome": 3473000000, "interestExpense": 1772000000, "depreciationAndAmortization": 215000000, "ebitda": 3055000000, "ebitdaratio": 0.5881786677, "operatingIncome": 2840000000, "operatingIncomeRatio": 0.5467847516, "totalOtherIncomeExpensesNet": 0, "incomeBeforeTax": 2840000000, "incomeBeforeTaxRatio": 0.5467847516, "incomeTaxExpense": 1101000000, "netIncome": 1739000000, "netIncomeRatio": 0.3348093955, "eps": 2.31, "epsdiluted": 2.27, "weightedAverageShsOut": 751000000, "weightedAverageShsOutDil": 765000000, "link": null, "finalLink": null, "calculatedOtherExpenses": 1103000000, "calculatedOperatingExpenses": 2354000000, "calculatedNetInterest": 1701000000, "calculatedOtherIncome": -1701000000, "calculatedIncomeNonControlling": 0, "calculatedEbitda": 3055000000}, {"date": "1998-12-31", "symbol": "BK", "reportedCurrency": "USD", "cik": "0001390777", "fillingDate": "1998-12-31", "acceptedDate": "1998-12-30 19:00:00", "calendarYear": "1998", "period": "FY", "revenue": 3934000000, "costOfRevenue": 0, "grossProfit": 3934000000, "grossProfitRatio": 1, "researchAndDevelopmentExpenses": 0, "generalAndAdministrativeExpenses": 1178000000, "sellingAndMarketingExpenses": 0, "sellingGeneralAndAdministrativeExpenses": 1178000000, "otherExpenses": -3221000000, "operatingExpenses": -2043000000, "costAndExpenses": -2043000000, "interestIncome": 3510000000, "interestExpense": 1859000000, "depreciationAndAmortization": 187000000, "ebitda": 2078000000, "ebitdaratio": 0.5282155567, "operatingIncome": 1891000000, "operatingIncomeRatio": 0.4806812405, "totalOtherIncomeExpensesNet": 0, "incomeBeforeTax": 1891000000, "incomeBeforeTaxRatio": 0.4806812405, "incomeTaxExpense": 699000000, "netIncome": 1192000000, "netIncomeRatio": 0.3029994916, "eps": 1.59, "epsdiluted": 1.53, "weightedAverageShsOut": 751000000, "weightedAverageShsOutDil": 781000000, "link": null, "finalLink": null, "calculatedOtherExpenses": 865000000, "calculatedOperatingExpenses": 2043000000, "calculatedNetInterest": 1651000000, "calculatedOtherIncome": -1651000000, "calculatedIncomeNonControlling": 0, "calculatedEbitda": 2078000000}, {"date": "1997-12-31", "symbol": "BK", "reportedCurrency": "USD", "cik": "0001390777", "fillingDate": "1997-12-31", "acceptedDate": "1997-12-30 19:00:00", "calendarYear": "1997", "period": "FY", "revenue": 3992000000, "costOfRevenue": 0, "grossProfit": 3992000000, "grossProfitRatio": 1, "researchAndDevelopmentExpenses": 0, "generalAndAdministrativeExpenses": 1066000000, "sellingAndMarketingExpenses": 0, "sellingGeneralAndAdministrativeExpenses": 1066000000, "otherExpenses": -3285000000, "operatingExpenses": -2219000000, "costAndExpenses": -2219000000, "interestIncome": 3560000000, "interestExpense": 1705000000, "depreciationAndAmortization": 200000000, "ebitda": 1973000000, "ebitdaratio": 0.494238477, "operatingIncome": 1773000000, "operatingIncomeRatio": 0.4441382766, "totalOtherIncomeExpensesNet": 0, "incomeBeforeTax": 1773000000, "incomeBeforeTaxRatio": 0.4441382766, "incomeTaxExpense": 669000000, "netIncome": 1104000000, "netIncomeRatio": 0.2765531062, "eps": 1.44, "epsdiluted": 1.36, "weightedAverageShsOut": 760000000, "weightedAverageShsOutDil": 808000000, "link": null, "finalLink": null, "calculatedOtherExpenses": 1153000000, "calculatedOperatingExpenses": 2219000000, "calculatedNetInterest": 1855000000, "calculatedOtherIncome": -1855000000, "calculatedIncomeNonControlling": 0, "calculatedEbitda": 1973000000}, {"date": "1996-12-31", "symbol": "BK", "reportedCurrency": "USD", "cik": "0001390777", "fillingDate": "1996-12-31", "acceptedDate": "1996-12-30 19:00:00", "calendarYear": "1996", "period": "FY", "revenue": 4091000000, "costOfRevenue": 0, "grossProfit": 4091000000, "grossProfitRatio": 1, "researchAndDevelopmentExpenses": 0, "generalAndAdministrativeExpenses": 1014000000, "sellingAndMarketingExpenses": 0, "sellingGeneralAndAdministrativeExpenses": 1014000000, "otherExpenses": -3451000000, "operatingExpenses": -2437000000, "costAndExpenses": -2437000000, "interestIncome": 3583000000, "interestExpense": 1622000000, "depreciationAndAmortization": 237000000, "ebitda": 1891000000, "ebitdaratio": 0.4622341726, "operatingIncome": 1654000000, "operatingIncomeRatio": 0.4043021266, "totalOtherIncomeExpensesNet": 0, "incomeBeforeTax": 1654000000, "incomeBeforeTaxRatio": 0.4043021266, "incomeTaxExpense": 634000000, "netIncome": 1020000000, "netIncomeRatio": 0.2493277927, "eps": 1.24, "epsdiluted": 1.21, "weightedAverageShsOut": 817813765, "weightedAverageShsOutDil": 840000000, "link": null, "finalLink": null, "calculatedOtherExpenses": 1423000000, "calculatedOperatingExpenses": 2437000000, "calculatedNetInterest": 1961000000, "calculatedOtherIncome": -1961000000, "calculatedIncomeNonControlling": 0, "calculatedEbitda": 1891000000}, {"date": "1995-12-31", "symbol": "BK", "reportedCurrency": "USD", "cik": "0001390777", "fillingDate": "1995-12-31", "acceptedDate": "1995-12-30 19:00:00", "calendarYear": "1995", "period": "FY", "revenue": 3525000000, "costOfRevenue": 0, "grossProfit": 3525000000, "grossProfitRatio": 1, "researchAndDevelopmentExpenses": 0, "generalAndAdministrativeExpenses": 913000000, "sellingAndMarketingExpenses": 0, "sellingGeneralAndAdministrativeExpenses": 913000000, "otherExpenses": -2956000000, "operatingExpenses": -2043000000, "costAndExpenses": -2043000000, "interestIncome": 3831000000, "interestExpense": 1802000000, "depreciationAndAmortization": 198000000, "ebitda": 1680000000, "ebitdaratio": 0.4765957447, "operatingIncome": 1482000000, "operatingIncomeRatio": 0.4204255319, "totalOtherIncomeExpensesNet": 0, "incomeBeforeTax": 1482000000, "incomeBeforeTaxRatio": 0.4204255319, "incomeTaxExpense": 568000000, "netIncome": 914000000, "netIncomeRatio": 0.2592907801, "eps": 1.14, "epsdiluted": 1.08, "weightedAverageShsOut": 790371991, "weightedAverageShsOutDil": 848000000, "link": null, "finalLink": null, "calculatedOtherExpenses": 1130000000, "calculatedOperatingExpenses": 2043000000, "calculatedNetInterest": 2029000000, "calculatedOtherIncome": -2029000000, "calculatedIncomeNonControlling": 0, "calculatedEbitda": 1680000000}, {"date": "1994-12-31", "symbol": "BK", "reportedCurrency": "USD", "cik": "0001390777", "fillingDate": "1994-12-31", "acceptedDate": "1994-12-30 19:00:00", "calendarYear": "1994", "period": "FY", "revenue": 3006000000, "costOfRevenue": 0, "grossProfit": 3006000000, "grossProfitRatio": 1, "researchAndDevelopmentExpenses": 0, "generalAndAdministrativeExpenses": 852000000, "sellingAndMarketingExpenses": 0, "sellingGeneralAndAdministrativeExpenses": 852000000, "otherExpenses": -2660000000, "operatingExpenses": -1808000000, "costAndExpenses": -1808000000, "interestIncome": 2962000000, "interestExpense": 1245000000, "depreciationAndAmortization": 200000000, "ebitda": 1398000000, "ebitdaratio": 0.4650698603, "operatingIncome": 1198000000, "operatingIncomeRatio": 0.3985362608, "totalOtherIncomeExpensesNet": 0, "incomeBeforeTax": 1198000000, "incomeBeforeTaxRatio": 0.3985362608, "incomeTaxExpense": 449000000, "netIncome": 749000000, "netIncomeRatio": 0.24916833, "eps": 0.98, "epsdiluted": 0.93, "weightedAverageShsOut": 751556000, "weightedAverageShsOutDil": 794594595, "link": null, "finalLink": null, "calculatedOtherExpenses": 956000000, "calculatedOperatingExpenses": 1808000000, "calculatedNetInterest": 1717000000, "calculatedOtherIncome": -1717000000, "calculatedIncomeNonControlling": 0, "calculatedEbitda": 1398000000}, {"date": "1993-12-31", "symbol": "BK", "reportedCurrency": "USD", "cik": "0001390777", "fillingDate": "1993-12-31", "acceptedDate": "1993-12-30 19:00:00", "calendarYear": "1993", "period": "FY", "revenue": 2816000000, "costOfRevenue": 0, "grossProfit": 2816000000, "grossProfitRatio": 1, "researchAndDevelopmentExpenses": 0, "generalAndAdministrativeExpenses": 813000000, "sellingAndMarketingExpenses": 0, "sellingGeneralAndAdministrativeExpenses": 813000000, "otherExpenses": -2743000000, "operatingExpenses": -1930000000, "costAndExpenses": -1930000000, "interestIncome": 2503000000, "interestExpense": 1006000000, "depreciationAndAmortization": 187000000, "ebitda": 1073000000, "ebitdaratio": 0.3810369318, "operatingIncome": 886000000, "operatingIncomeRatio": 0.3146306818, "totalOtherIncomeExpensesNet": 0, "incomeBeforeTax": 886000000, "incomeBeforeTaxRatio": 0.3146306818, "incomeTaxExpense": 327000000, "netIncome": 559000000, "netIncomeRatio": 0.1985085227, "eps": 0.72, "epsdiluted": 0.68, "weightedAverageShsOut": 738888889, "weightedAverageShsOutDil": 782352941, "link": null, "finalLink": null, "calculatedOtherExpenses": 1117000000, "calculatedOperatingExpenses": 1930000000, "calculatedNetInterest": 1497000000, "calculatedOtherIncome": -1497000000, "calculatedIncomeNonControlling": 0, "calculatedEbitda": 1073000000}, {"date": "1992-12-31", "symbol": "BK", "reportedCurrency": "USD", "cik": "0001390777", "fillingDate": "1992-12-31", "acceptedDate": "1992-12-30 19:00:00", "calendarYear": "1992", "period": "FY", "revenue": 2357000000, "costOfRevenue": 0, "grossProfit": 2357000000, "grossProfitRatio": 1, "researchAndDevelopmentExpenses": 0, "generalAndAdministrativeExpenses": 668000000, "sellingAndMarketingExpenses": 0, "sellingGeneralAndAdministrativeExpenses": 668000000, "otherExpenses": -2466000000, "operatingExpenses": -1798000000, "costAndExpenses": -1798000000, "interestIncome": 2450000000, "interestExpense": 1226000000, "depreciationAndAmortization": 165000000, "ebitda": 724000000, "ebitdaratio": 0.3071701315, "operatingIncome": 559000000, "operatingIncomeRatio": 0.2371658888, "totalOtherIncomeExpensesNet": 0, "incomeBeforeTax": 559000000, "incomeBeforeTaxRatio": 0.2371658888, "incomeTaxExpense": 190000000, "netIncome": 369000000, "netIncomeRatio": 0.1565549427, "eps": 0.56, "epsdiluted": 0.53, "weightedAverageShsOut": 601785714, "weightedAverageShsOutDil": 635849057, "link": null, "finalLink": null, "calculatedOtherExpenses": 1130000000, "calculatedOperatingExpenses": 1798000000, "calculatedNetInterest": 1224000000, "calculatedOtherIncome": -1224000000, "calculatedIncomeNonControlling": 0, "calculatedEbitda": 724000000}, {"date": "1991-12-31", "symbol": "BK", "reportedCurrency": "USD", "cik": "0001390777", "fillingDate": "1991-12-31", "acceptedDate": "1991-12-30 19:00:00", "calendarYear": "1991", "period": "FY", "revenue": 2234000000, "costOfRevenue": 0, "grossProfit": 2234000000, "grossProfitRatio": 1, "researchAndDevelopmentExpenses": 0, "generalAndAdministrativeExpenses": 594000000, "sellingAndMarketingExpenses": 0, "sellingGeneralAndAdministrativeExpenses": 594000000, "otherExpenses": -2651000000, "operatingExpenses": -2057000000, "costAndExpenses": -2057000000, "interestIncome": 3188000000, "interestExpense": 1990000000, "depreciationAndAmortization": 155000000, "ebitda": 332000000, "ebitdaratio": 0.1486123545, "operatingIncome": 177000000, "operatingIncomeRatio": 0.0792300806, "totalOtherIncomeExpensesNet": 0, "incomeBeforeTax": 177000000, "incomeBeforeTaxRatio": 0.0792300806, "incomeTaxExpense": 55000000, "netIncome": 122000000, "netIncomeRatio": 0.054610564, "eps": 0.16, "epsdiluted": 0.16, "weightedAverageShsOut": 486923077, "weightedAverageShsOutDil": 486923077, "link": null, "finalLink": null, "calculatedOtherExpenses": 1463000000, "calculatedOperatingExpenses": 2057000000, "calculatedNetInterest": 1198000000, "calculatedOtherIncome": -1198000000, "calculatedIncomeNonControlling": 0, "calculatedEbitda": 332000000}, {"date": "1990-12-31", "symbol": "BK", "reportedCurrency": "USD", "cik": "0001390777", "fillingDate": "1990-12-31", "acceptedDate": "1990-12-30 19:00:00", "calendarYear": "1990", "period": "FY", "revenue": 2254600000, "costOfRevenue": 0, "grossProfit": 2254600000, "grossProfitRatio": 1, "researchAndDevelopmentExpenses": 0, "generalAndAdministrativeExpenses": 679500000, "sellingAndMarketingExpenses": 0, "sellingGeneralAndAdministrativeExpenses": 679500000, "otherExpenses": -2501900000, "operatingExpenses": -1822400000, "costAndExpenses": -1822400000, "interestIncome": 4397500000, "interestExpense": 3078500000, "depreciationAndAmortization": 148600000, "ebitda": 580800000, "ebitdaratio": 0.2576066708, "operatingIncome": 432200000, "operatingIncomeRatio": 0.1916969751, "totalOtherIncomeExpensesNet": 0, "incomeBeforeTax": 432200000, "incomeBeforeTaxRatio": 0.1916969751, "incomeTaxExpense": 123900000, "netIncome": 308300000, "netIncomeRatio": 0.1367426595, "eps": 0.5, "epsdiluted": 0.5, "weightedAverageShsOut": 616600000, "weightedAverageShsOutDil": 616600000, "link": null, "finalLink": null, "calculatedOtherExpenses": 1142900000, "calculatedOperatingExpenses": 1822400000, "calculatedNetInterest": 1319000000, "calculatedOtherIncome": -1319000000, "calculatedIncomeNonControlling": 0, "calculatedEbitda": 580800000}, {"date": "1989-12-31", "symbol": "BK", "reportedCurrency": "USD", "cik": "0001390777", "fillingDate": "1989-12-31", "acceptedDate": "1989-12-30 19:00:00", "calendarYear": "1989", "period": "FY", "revenue": 2172200000, "costOfRevenue": 0, "grossProfit": 2172200000, "grossProfitRatio": 1, "researchAndDevelopmentExpenses": 0, "generalAndAdministrativeExpenses": 700900000, "sellingAndMarketingExpenses": 0, "sellingGeneralAndAdministrativeExpenses": 700900000, "otherExpenses": -2808300000, "operatingExpenses": -2107400000, "costAndExpenses": -2107400000, "interestIncome": 4577200000, "interestExpense": 3324600000, "depreciationAndAmortization": 114700000, "ebitda": 179500000, "ebitdaratio": 0.0826351165, "operatingIncome": 64800000, "operatingIncomeRatio": 0.0298315072, "totalOtherIncomeExpensesNet": 0, "incomeBeforeTax": 64800000, "incomeBeforeTaxRatio": 0.0298315072, "incomeTaxExpense": 14100000, "netIncome": 50700000, "netIncomeRatio": 0.0233403922, "eps": 0.03, "epsdiluted": 0.03, "weightedAverageShsOut": 543168000, "weightedAverageShsOutDil": 543168000, "link": null, "finalLink": null, "calculatedOtherExpenses": 1406500000, "calculatedOperatingExpenses": 2107400000, "calculatedNetInterest": 1252600000, "calculatedOtherIncome": -1252600000, "calculatedIncomeNonControlling": 0, "calculatedEbitda": 179500000}, {"date": "1988-12-31", "symbol": "BK", "reportedCurrency": "USD", "cik": "0001390777", "fillingDate": "1988-12-31", "acceptedDate": "1988-12-30 19:00:00", "calendarYear": "1988", "period": "FY", "revenue": 0, "costOfRevenue": 0, "grossProfit": 0, "grossProfitRatio": 0, "researchAndDevelopmentExpenses": 0, "generalAndAdministrativeExpenses": 0, "sellingAndMarketingExpenses": 0, "sellingGeneralAndAdministrativeExpenses": 0, "otherExpenses": 213000000, "operatingExpenses": 213000000, "costAndExpenses": 213000000, "interestIncome": 0, "interestExpense": 0, "depreciationAndAmortization": 0, "ebitda": 213000000, "ebitdaratio": 0, "operatingIncome": 213000000, "operatingIncomeRatio": 0, "totalOtherIncomeExpensesNet": 0, "incomeBeforeTax": 0, "incomeBeforeTaxRatio": 0, "incomeTaxExpense": -213000000, "netIncome": 213000000, "netIncomeRatio": 0, "eps": 0.42, "epsdiluted": 0.42, "weightedAverageShsOut": 506464000, "weightedAverageShsOutDil": 506464000, "link": "", "finalLink": "", "calculatedOtherExpenses": -213000000, "calculatedOperatingExpenses": -213000000, "calculatedNetInterest": 0, "calculatedOtherIncome": -213000000, "calculatedIncomeNonControlling": 0, "calculatedEbitda": 213000000}, {"date": "1987-12-31", "symbol": "BK", "reportedCurrency": "USD", "cik": "0001390777", "fillingDate": "1987-12-31", "acceptedDate": "1987-12-30 19:00:00", "calendarYear": "1987", "period": "FY", "revenue": 0, "costOfRevenue": 0, "grossProfit": 0, "grossProfitRatio": 0, "researchAndDevelopmentExpenses": 0, "generalAndAdministrativeExpenses": 0, "sellingAndMarketingExpenses": 0, "sellingGeneralAndAdministrativeExpenses": 0, "otherExpenses": 103400000, "operatingExpenses": 103400000, "costAndExpenses": 103400000, "interestIncome": 0, "interestExpense": 0, "depreciationAndAmortization": 0, "ebitda": 103400000, "ebitdaratio": 0, "operatingIncome": 103400000, "operatingIncomeRatio": 0, "totalOtherIncomeExpensesNet": 0, "incomeBeforeTax": 0, "incomeBeforeTaxRatio": 0, "incomeTaxExpense": -103400000, "netIncome": 103400000, "netIncomeRatio": 0, "eps": 0.38, "epsdiluted": 0.36, "weightedAverageShsOut": 272105263, "weightedAverageShsOutDil": 287222222, "link": "", "finalLink": "", "calculatedOtherExpenses": -103400000, "calculatedOperatingExpenses": -103400000, "calculatedNetInterest": 0, "calculatedOtherIncome": -103400000, "calculatedIncomeNonControlling": 0, "calculatedEbitda": 103400000}, {"date": "1986-12-31", "symbol": "BK", "reportedCurrency": "USD", "cik": "0001390777", "fillingDate": "1986-12-31", "acceptedDate": "1986-12-30 19:00:00", "calendarYear": "1986", "period": "FY", "revenue": 0, "costOfRevenue": 0, "grossProfit": 0, "grossProfitRatio": 0, "researchAndDevelopmentExpenses": 0, "generalAndAdministrativeExpenses": 0, "sellingAndMarketingExpenses": 0, "sellingGeneralAndAdministrativeExpenses": 0, "otherExpenses": 155200000, "operatingExpenses": 155200000, "costAndExpenses": 155200000, "interestIncome": 0, "interestExpense": 0, "depreciationAndAmortization": 0, "ebitda": 155200000, "ebitdaratio": 0, "operatingIncome": 155200000, "operatingIncomeRatio": 0, "totalOtherIncomeExpensesNet": 0, "incomeBeforeTax": 0, "incomeBeforeTaxRatio": 0, "incomeTaxExpense": -155200000, "netIncome": 155200000, "netIncomeRatio": 0, "eps": 0.66, "epsdiluted": 0.59, "weightedAverageShsOut": 236507937, "weightedAverageShsOutDil": 261403509, "link": "", "finalLink": "", "calculatedOtherExpenses": -155200000, "calculatedOperatingExpenses": -155200000, "calculatedNetInterest": 0, "calculatedOtherIncome": -155200000, "calculatedIncomeNonControlling": 0, "calculatedEbitda": 155200000}, {"date": "1985-12-31", "symbol": "BK", "reportedCurrency": "USD", "cik": "0001390777", "fillingDate": "1985-12-31", "acceptedDate": "1985-12-30 19:00:00", "calendarYear": "1985", "period": "FY", "revenue": 0, "costOfRevenue": 0, "grossProfit": 0, "grossProfitRatio": 0, "researchAndDevelopmentExpenses": 0, "generalAndAdministrativeExpenses": 0, "sellingAndMarketingExpenses": 0, "sellingGeneralAndAdministrativeExpenses": 0, "otherExpenses": 130300000, "operatingExpenses": 130300000, "costAndExpenses": 130300000, "interestIncome": 0, "interestExpense": 0, "depreciationAndAmortization": 0, "ebitda": 130300000, "ebitdaratio": 0, "operatingIncome": 130300000, "operatingIncomeRatio": 0, "totalOtherIncomeExpensesNet": 0, "incomeBeforeTax": 0, "incomeBeforeTaxRatio": 0, "incomeTaxExpense": -130300000, "netIncome": 130300000, "netIncomeRatio": 0, "eps": 0.57, "epsdiluted": 0.54, "weightedAverageShsOut": 226666667, "weightedAverageShsOutDil": 240000000, "link": "", "finalLink": "", "calculatedOtherExpenses": -130300000, "calculatedOperatingExpenses": -130300000, "calculatedNetInterest": 0, "calculatedOtherIncome": -130300000, "calculatedIncomeNonControlling": 0, "calculatedEbitda": 130300000}, {"date": "1984-12-31", "symbol": "BK", "reportedCurrency": "USD", "cik": "0001390777", "fillingDate": "1984-12-31", "acceptedDate": "1984-12-30 19:00:00", "calendarYear": "1984", "period": "FY", "revenue": 648000000, "costOfRevenue": 929000000, "grossProfit": -281000000, "grossProfitRatio": -0.4336419753, "researchAndDevelopmentExpenses": 0, "generalAndAdministrativeExpenses": 501000000, "sellingAndMarketingExpenses": 0, "sellingGeneralAndAdministrativeExpenses": 501000000, "otherExpenses": 929000000, "operatingExpenses": 1430000000, "costAndExpenses": 2359000000, "interestIncome": 0, "interestExpense": 929000000, "depreciationAndAmortization": 929000000, "ebitda": 1076000000, "ebitdaratio": 1.6604938272, "operatingIncome": 147000000, "operatingIncomeRatio": 0.2268518519, "totalOtherIncomeExpensesNet": 0, "incomeBeforeTax": 147000000, "incomeBeforeTaxRatio": 0.2268518519, "incomeTaxExpense": 39000000, "netIncome": 108000000, "netIncomeRatio": 0.1666666667, "eps": 0.62, "epsdiluted": 0.62, "weightedAverageShsOut": 174000000, "weightedAverageShsOutDil": 174000000, "link": "", "finalLink": "", "calculatedOtherExpenses": -929000000, "calculatedOperatingExpenses": -428000000, "calculatedNetInterest": -929000000, "calculatedOtherIncome": 929000000, "calculatedIncomeNonControlling": 0, "calculatedEbitda": 1076000000}, {"date": "1983-12-31", "symbol": "BK", "reportedCurrency": "USD", "cik": "0001390777", "fillingDate": "1983-12-31", "acceptedDate": "1983-12-30 19:00:00", "calendarYear": "1983", "period": "FY", "revenue": 593000000, "costOfRevenue": 747000000, "grossProfit": -154000000, "grossProfitRatio": -0.2596964587, "researchAndDevelopmentExpenses": 0, "generalAndAdministrativeExpenses": 445000000, "sellingAndMarketingExpenses": 0, "sellingGeneralAndAdministrativeExpenses": 445000000, "otherExpenses": 747000000, "operatingExpenses": 1192000000, "costAndExpenses": 1939000000, "interestIncome": 0, "interestExpense": 747000000, "depreciationAndAmortization": 747000000, "ebitda": 895000000, "ebitdaratio": 1.5092748735, "operatingIncome": 148000000, "operatingIncomeRatio": 0.2495784148, "totalOtherIncomeExpensesNet": 0, "incomeBeforeTax": 148000000, "incomeBeforeTaxRatio": 0.2495784148, "incomeTaxExpense": 57000000, "netIncome": 91000000, "netIncomeRatio": 0.1534569983, "eps": 0.55, "epsdiluted": 0.55, "weightedAverageShsOut": 166000000, "weightedAverageShsOutDil": 166000000, "link": "", "finalLink": "", "calculatedOtherExpenses": -747000000, "calculatedOperatingExpenses": -302000000, "calculatedNetInterest": -747000000, "calculatedOtherIncome": 747000000, "calculatedIncomeNonControlling": 0, "calculatedEbitda": 895000000}]}