{"originalCurrency": "USD", "convertedCurrency": "USD", "report": [{"date": "2023-12-31", "symbol": "BKDT", "reportedCurrency": "USD", "cik": "0001332349", "fillingDate": "2024-02-21", "acceptedDate": "2024-02-21 16:18:33", "calendarYear": "2023", "period": "FY", "revenue": 3006756000, "costOfRevenue": 2269125000, "grossProfit": 737631000, "grossProfitRatio": 0.2453245292, "researchAndDevelopmentExpenses": 0, "generalAndAdministrativeExpenses": 381304000, "sellingAndMarketingExpenses": 0, "sellingGeneralAndAdministrativeExpenses": 381304000, "otherExpenses": 21687000, "operatingExpenses": 714943000, "costAndExpenses": 2984068000, "interestIncome": 23146000, "interestExpense": 231722000, "depreciationAndAmortization": 350408000, "ebitda": 406237000, "ebitdaratio": 0.13510807, "operatingIncome": 18412000, "operatingIncomeRatio": 0.0061235431, "totalOtherIncomeExpensesNet": 13298000, "incomeBeforeTax": -180286000, "incomeBeforeTaxRatio": -0.0599603027, "incomeTaxExpense": 8784000, "netIncome": -189011000, "netIncomeRatio": -0.0628621012, "eps": -0.84, "epsdiluted": -0.84, "weightedAverageShsOut": 225209000, "weightedAverageShsOutDil": 225209000, "link": "https://www.sec.gov/Archives/edgar/data/1332349/000133234924000041/0001332349-24-000041-index.htm", "finalLink": "https://www.sec.gov/Archives/edgar/data/1332349/000133234924000041/bkd-20231231.htm", "calculatedOtherExpenses": 337915000, "calculatedOperatingExpenses": 719219000, "calculatedNetInterest": -208576000, "calculatedOtherIncome": 9878000, "calculatedIncomeNonControlling": -59000, "calculatedEbitda": 368820000}, {"date": "2022-12-31", "symbol": "BKDT", "reportedCurrency": "USD", "cik": "0001332349", "fillingDate": "2023-02-22", "acceptedDate": "2023-02-22 16:34:52", "calendarYear": "2022", "period": "FY", "revenue": 2744910000, "costOfRevenue": 2230966000, "grossProfit": 513944000, "grossProfitRatio": 0.1872352828, "researchAndDevelopmentExpenses": 0, "generalAndAdministrativeExpenses": 333888000, "sellingAndMarketingExpenses": 0, "sellingGeneralAndAdministrativeExpenses": 333888000, "otherExpenses": 266975000, "operatingExpenses": 600863000, "costAndExpenses": 2831829000, "interestIncome": 6935000, "interestExpense": 205930000, "depreciationAndAmortization": 353890000, "ebitda": 268792000, "ebitdaratio": 0.0979237935, "operatingIncome": -85098000, "operatingIncomeRatio": -0.0310021094, "totalOtherIncomeExpensesNet": -154801000, "incomeBeforeTax": -239899000, "incomeBeforeTaxRatio": -0.0873977653, "incomeTaxExpense": -1559000, "netIncome": -238340000, "netIncomeRatio": -0.086829805, "eps": -1.25, "epsdiluted": -1.25, "weightedAverageShsOut": 190463000, "weightedAverageShsOutDil": 190463000, "link": "https://www.sec.gov/Archives/edgar/data/1332349/000133234923000047/0001332349-23-000047-index.htm", "finalLink": "https://www.sec.gov/Archives/edgar/data/1332349/000133234923000047/bkd-20221231.htm", "calculatedOtherExpenses": 265154000, "calculatedOperatingExpenses": 599042000, "calculatedNetInterest": -198995000, "calculatedOtherIncome": 44194000, "calculatedIncomeNonControlling": 0, "calculatedEbitda": 268792000}, {"date": "2021-12-31", "symbol": "BKDT", "reportedCurrency": "USD", "cik": "0001332349", "fillingDate": "2022-02-15", "acceptedDate": "2022-02-15 16:30:20", "calendarYear": "2021", "period": "FY", "revenue": 2745891000, "costOfRevenue": 2257308000, "grossProfit": 488583000, "grossProfitRatio": 0.1779324088, "researchAndDevelopmentExpenses": 0, "generalAndAdministrativeExpenses": 359274000, "sellingAndMarketingExpenses": 0, "sellingGeneralAndAdministrativeExpenses": 359274000, "otherExpenses": 325245000, "operatingExpenses": 684519000, "costAndExpenses": 2941827000, "interestIncome": 1349000, "interestExpense": 187691000, "depreciationAndAmortization": 345062000, "ebitda": 159323000, "ebitdaratio": 0.0580223323, "operatingIncome": -185739000, "operatingIncomeRatio": -0.0676425248, "totalOtherIncomeExpensesNet": 78212000, "incomeBeforeTax": -107527000, "incomeBeforeTaxRatio": -0.0391592383, "incomeTaxExpense": -8163000, "netIncome": -99364000, "netIncomeRatio": -0.0361864327, "eps": -0.54, "epsdiluted": -0.54, "weightedAverageShsOut": 184975000, "weightedAverageShsOutDil": 184975000, "link": "https://www.sec.gov/Archives/edgar/data/1332349/000133234922000043/0001332349-22-000043-index.htm", "finalLink": "https://www.sec.gov/Archives/edgar/data/1332349/000133234922000043/bkd-20211231.htm", "calculatedOtherExpenses": 315048000, "calculatedOperatingExpenses": 674322000, "calculatedNetInterest": -186342000, "calculatedOtherIncome": 264554000, "calculatedIncomeNonControlling": 0, "calculatedEbitda": 159323000}, {"date": "2020-12-31", "symbol": "BKDT", "reportedCurrency": "USD", "cik": "0001332349", "fillingDate": "2021-02-25", "acceptedDate": "2021-02-25 16:42:14", "calendarYear": "2020", "period": "FY", "revenue": 3424446000, "costOfRevenue": 2743048000, "grossProfit": 681398000, "grossProfitRatio": 0.1989805066, "researchAndDevelopmentExpenses": 0, "generalAndAdministrativeExpenses": 430608000, "sellingAndMarketingExpenses": 0, "sellingGeneralAndAdministrativeExpenses": 430608000, "otherExpenses": 243477000, "operatingExpenses": 674085000, "costAndExpenses": 3417133000, "interestIncome": 4799000, "interestExpense": 202351000, "depreciationAndAmortization": 365654000, "ebitda": 374879000, "ebitdaratio": 0.1094714298, "operatingIncome": 9225000, "operatingIncomeRatio": 0.0026938664, "totalOtherIncomeExpensesNet": 78072000, "incomeBeforeTax": 87297000, "incomeBeforeTaxRatio": 0.0254922986, "incomeTaxExpense": 5352000, "netIncome": 82019000, "netIncomeRatio": 0.0239510274, "eps": 0.45, "epsdiluted": 0.44, "weightedAverageShsOut": 183498000, "weightedAverageShsOutDil": 184386000, "link": "https://www.sec.gov/Archives/edgar/data/1332349/000133234921000045/0001332349-21-000045-index.htm", "finalLink": "https://www.sec.gov/Archives/edgar/data/1332349/000133234921000045/bkd-20201231.htm", "calculatedOtherExpenses": 241565000, "calculatedOperatingExpenses": 672173000, "calculatedNetInterest": -197552000, "calculatedOtherIncome": 275624000, "calculatedIncomeNonControlling": -74000, "calculatedEbitda": 374879000}, {"date": "2019-12-31", "symbol": "BKDT", "reportedCurrency": "USD", "cik": "0001332349", "fillingDate": "2020-02-19", "acceptedDate": "2020-02-19 16:28:08", "calendarYear": "2019", "period": "FY", "revenue": 4057088000, "costOfRevenue": 3180544000, "grossProfit": 876544000, "grossProfitRatio": 0.2160524987, "researchAndDevelopmentExpenses": 0, "generalAndAdministrativeExpenses": 488955000, "sellingAndMarketingExpenses": 0, "sellingGeneralAndAdministrativeExpenses": 488955000, "otherExpenses": 379433000, "operatingExpenses": 868388000, "costAndExpenses": 4048932000, "interestIncome": 9859000, "interestExpense": 248341000, "depreciationAndAmortization": 383490000, "ebitda": 411726000, "ebitdaratio": 0.1014831327, "operatingIncome": 28236000, "operatingIncomeRatio": 0.0069596716, "totalOtherIncomeExpensesNet": -298997000, "incomeBeforeTax": -270761000, "incomeBeforeTaxRatio": -0.0667377686, "incomeTaxExpense": -2269000, "netIncome": -268492000, "netIncomeRatio": -0.0661785004, "eps": -1.44, "epsdiluted": -1.44, "weightedAverageShsOut": 185907000, "weightedAverageShsOutDil": 185907000, "link": "https://www.sec.gov/Archives/edgar/data/1332349/000133234920000045/0001332349-20-000045-index.htm", "finalLink": "https://www.sec.gov/Archives/edgar/data/1332349/000133234920000045/bkd10k12312019.htm", "calculatedOtherExpenses": 359353000, "calculatedOperatingExpenses": 848308000, "calculatedNetInterest": -238482000, "calculatedOtherIncome": -60515000, "calculatedIncomeNonControlling": 0, "calculatedEbitda": 411726000}, {"date": "2018-12-31", "symbol": "BKDT", "reportedCurrency": "USD", "cik": "0001332349", "fillingDate": "2019-02-14", "acceptedDate": "2019-02-14 16:31:35", "calendarYear": "2018", "period": "FY", "revenue": 4531426000, "costOfRevenue": 3463557000, "grossProfit": 1067869000, "grossProfitRatio": 0.2356584881, "researchAndDevelopmentExpenses": 0, "generalAndAdministrativeExpenses": 553789000, "sellingAndMarketingExpenses": 0, "sellingGeneralAndAdministrativeExpenses": 553789000, "otherExpenses": 14099000, "operatingExpenses": 1001244000, "costAndExpenses": 4464801000, "interestIncome": 9846000, "interestExpense": 280269000, "depreciationAndAmortization": 455212000, "ebitda": 536978000, "ebitdaratio": 0.1185008869, "operatingIncome": -594249000, "operatingIncomeRatio": -0.1311395133, "totalOtherIncomeExpensesNet": -374010000, "incomeBeforeTax": -577808000, "incomeBeforeTaxRatio": -0.1275112956, "incomeTaxExpense": -49456000, "netIncome": -528258000, "netIncomeRatio": -0.1165765479, "eps": -2.82, "epsdiluted": -2.82, "weightedAverageShsOut": 187325531, "weightedAverageShsOutDil": 187468000, "link": "https://www.sec.gov/Archives/edgar/data/1332349/000133234919000040/0001332349-19-000040-index.htm", "finalLink": "https://www.sec.gov/Archives/edgar/data/1332349/000133234919000040/bkd10k12312018.htm", "calculatedOtherExpenses": 1108329000, "calculatedOperatingExpenses": 1662118000, "calculatedNetInterest": -270423000, "calculatedOtherIncome": 286864000, "calculatedIncomeNonControlling": -94000, "calculatedEbitda": -139037000}, {"date": "2017-12-31", "symbol": "BKDT", "reportedCurrency": "USD", "cik": "0001332349", "fillingDate": "2018-02-22", "acceptedDate": "2018-02-22 07:34:56", "calendarYear": "2017", "period": "FY", "revenue": 4747116000, "costOfRevenue": 3493286000, "grossProfit": 1253830000, "grossProfitRatio": 0.2641245758, "researchAndDevelopmentExpenses": 0, "generalAndAdministrativeExpenses": 595167000, "sellingAndMarketingExpenses": 0, "sellingGeneralAndAdministrativeExpenses": 595167000, "otherExpenses": 11418000, "operatingExpenses": 1077244000, "costAndExpenses": 4570530000, "interestIncome": 4623000, "interestExpense": 326154000, "depreciationAndAmortization": 494758000, "ebitda": 672558000, "ebitdaratio": 0.1416771783, "operatingIncome": -270045000, "operatingIncomeRatio": -0.0568861178, "totalOtherIncomeExpensesNet": -443176000, "incomeBeforeTax": -588121000, "incomeBeforeTaxRatio": -0.1238901683, "incomeTaxExpense": -16515000, "netIncome": -571419000, "netIncomeRatio": -0.1203718215, "eps": -3.07, "epsdiluted": -3.07, "weightedAverageShsOut": 186155000, "weightedAverageShsOutDil": 186155000, "link": "https://www.sec.gov/Archives/edgar/data/1332349/000133234918000033/0001332349-18-000033-index.htm", "finalLink": "https://www.sec.gov/Archives/edgar/data/1332349/000133234918000033/bkd10k12312017.htm", "calculatedOtherExpenses": 928708000, "calculatedOperatingExpenses": 1523875000, "calculatedNetInterest": -321531000, "calculatedOtherIncome": 3455000, "calculatedIncomeNonControlling": -187000, "calculatedEbitda": 224713000}, {"date": "2016-12-31", "symbol": "BKDT", "reportedCurrency": "USD", "cik": "0001332349", "fillingDate": "2017-02-15", "acceptedDate": "2017-02-14 19:09:20", "calendarYear": "2016", "period": "FY", "revenue": 4976980000, "costOfRevenue": 3536999000, "grossProfit": 1439981000, "grossProfitRatio": 0.2893282673, "researchAndDevelopmentExpenses": 0, "generalAndAdministrativeExpenses": 687044000, "sellingAndMarketingExpenses": 0, "sellingGeneralAndAdministrativeExpenses": 687044000, "otherExpenses": 14801000, "operatingExpenses": 1207446000, "costAndExpenses": 4744445000, "interestIncome": 2933000, "interestExpense": 385617000, "depreciationAndAmortization": 529802000, "ebitda": 781731000, "ebitdaratio": 0.1570693473, "operatingIncome": -31083000, "operatingIncomeRatio": -0.0062453536, "totalOtherIncomeExpensesNet": -249109000, "incomeBeforeTax": -399258000, "incomeBeforeTaxRatio": -0.0802209372, "incomeTaxExpense": 5378000, "netIncome": -404397000, "netIncomeRatio": -0.0812534911, "eps": -2.18, "epsdiluted": -2.18, "weightedAverageShsOut": 185653000, "weightedAverageShsOutDil": 185653000, "link": "https://www.sec.gov/Archives/edgar/data/1332349/000133234917000005/0001332349-17-000005-index.htm", "finalLink": "https://www.sec.gov/Archives/edgar/data/1332349/000133234917000005/form10-k.htm", "calculatedOtherExpenses": 784020000, "calculatedOperatingExpenses": 1471064000, "calculatedNetInterest": -382684000, "calculatedOtherIncome": 14509000, "calculatedIncomeNonControlling": -239000, "calculatedEbitda": 498719000}, {"date": "2015-12-31", "symbol": "BKDT", "reportedCurrency": "USD", "cik": "0001332349", "fillingDate": "2016-02-12", "acceptedDate": "2016-02-12 17:28:59", "calendarYear": "2015", "period": "FY", "revenue": 4960608000, "costOfRevenue": 3512160000, "grossProfit": 1448448000, "grossProfitRatio": 0.2919900141, "researchAndDevelopmentExpenses": 0, "generalAndAdministrativeExpenses": 738153000, "sellingAndMarketingExpenses": 0, "sellingGeneralAndAdministrativeExpenses": 738153000, "otherExpenses": 9827000, "operatingExpenses": 1471318000, "costAndExpenses": 4983478000, "interestIncome": 1603000, "interestExpense": 388764000, "depreciationAndAmortization": 736516000, "ebitda": 724272000, "ebitdaratio": 0.1460046833, "operatingIncome": -165206000, "operatingIncomeRatio": -0.0333035789, "totalOtherIncomeExpensesNet": -140333000, "incomeBeforeTax": -550364000, "incomeBeforeTaxRatio": -0.1109468839, "incomeTaxExpense": -92209000, "netIncome": -457477000, "netIncomeRatio": -0.0922219615, "eps": -2.48, "epsdiluted": -2.48, "weightedAverageShsOut": 184333000, "weightedAverageShsOutDil": 184333000, "link": "https://www.sec.gov/Archives/edgar/data/1332349/000133234916000072/0001332349-16-000072-index.htm", "finalLink": "https://www.sec.gov/Archives/edgar/data/1332349/000133234916000072/form10-k.htm", "calculatedOtherExpenses": 875501000, "calculatedOperatingExpenses": 1613654000, "calculatedNetInterest": -387161000, "calculatedOtherIncome": 2003000, "calculatedIncomeNonControlling": -678000, "calculatedEbitda": 571310000}, {"date": "2014-12-31", "symbol": "BKDT", "reportedCurrency": "USD", "cik": "0001332349", "fillingDate": "2015-02-25", "acceptedDate": "2015-02-24 19:59:14", "calendarYear": "2014", "period": "FY", "revenue": 3831706000, "costOfRevenue": 2698538000, "grossProfit": 1133168000, "grossProfitRatio": 0.2957345892, "researchAndDevelopmentExpenses": 0, "generalAndAdministrativeExpenses": 604097000, "sellingAndMarketingExpenses": 0, "sellingGeneralAndAdministrativeExpenses": 604097000, "otherExpenses": 7235000, "operatingExpenses": 1141132000, "costAndExpenses": 3839670000, "interestIncome": 1343000, "interestExpense": 248188000, "depreciationAndAmortization": 544512000, "ebitda": 545297000, "ebitdaratio": 0.1423118058, "operatingIncome": -84905000, "operatingIncomeRatio": -0.0221585372, "totalOtherIncomeExpensesNet": -75922000, "incomeBeforeTax": -330731000, "incomeBeforeTaxRatio": -0.0863142945, "incomeTaxExpense": -181305000, "netIncome": -148990000, "netIncomeRatio": -0.0388834634, "eps": -1.01, "epsdiluted": -1.01, "weightedAverageShsOut": 148185000, "weightedAverageShsOutDil": 148185000, "link": "https://www.sec.gov/Archives/edgar/data/1332349/000133234915000015/0001332349-15-000015-index.htm", "finalLink": "https://www.sec.gov/Archives/edgar/data/1332349/000133234915000015/form10-k.htm", "calculatedOtherExpenses": 613976000, "calculatedOperatingExpenses": 1218073000, "calculatedNetInterest": -246845000, "calculatedOtherIncome": 1019000, "calculatedIncomeNonControlling": -436000, "calculatedEbitda": 459607000}, {"date": "2013-12-31", "symbol": "BKDT", "reportedCurrency": "USD", "cik": "0001332349", "fillingDate": "2014-03-03", "acceptedDate": "2014-03-03 16:56:55", "calendarYear": "2013", "period": "FY", "revenue": 2891966000, "costOfRevenue": 2017753000, "grossProfit": 874213000, "grossProfitRatio": 0.3022902067, "researchAndDevelopmentExpenses": 0, "generalAndAdministrativeExpenses": 461277000, "sellingAndMarketingExpenses": 0, "sellingGeneralAndAdministrativeExpenses": 461277000, "otherExpenses": 2725000, "operatingExpenses": 730034000, "costAndExpenses": 2747787000, "interestIncome": 1339000, "interestExpense": 137399000, "depreciationAndAmortization": 285811000, "ebitda": 435538000, "ebitdaratio": 0.1506027388, "operatingIncome": 131288000, "operatingIncomeRatio": 0.0453974908, "totalOtherIncomeExpensesNet": -9947000, "incomeBeforeTax": -1828000, "incomeBeforeTaxRatio": -0.000632096, "incomeTaxExpense": 1756000, "netIncome": -3584000, "netIncomeRatio": -0.0012392953, "eps": -0.029, "epsdiluted": -0.029, "weightedAverageShsOut": 123671000, "weightedAverageShsOutDil": 123671000, "link": "https://www.sec.gov/Archives/edgar/data/1332349/000133234914000006/0001332349-14-000006-index.htm", "finalLink": "https://www.sec.gov/Archives/edgar/data/1332349/000133234914000006/form10-k.htm", "calculatedOtherExpenses": 281648000, "calculatedOperatingExpenses": 742925000, "calculatedNetInterest": -136060000, "calculatedOtherIncome": 2944000, "calculatedIncomeNonControlling": 0, "calculatedEbitda": 417099000}, {"date": "2012-12-31", "symbol": "BKDT", "reportedCurrency": "USD", "cik": "0001332349", "fillingDate": "2013-02-20", "acceptedDate": "2013-02-19 21:53:25", "calendarYear": "2012", "period": "FY", "revenue": 2770085000, "costOfRevenue": 1955935000, "grossProfit": 814150000, "grossProfitRatio": 0.2939079487, "researchAndDevelopmentExpenses": 0, "generalAndAdministrativeExpenses": 462854000, "sellingAndMarketingExpenses": 0, "sellingGeneralAndAdministrativeExpenses": 462854000, "otherExpenses": 593000, "operatingExpenses": 715135000, "costAndExpenses": 2671070000, "interestIncome": 4012000, "interestExpense": 146783000, "depreciationAndAmortization": 270362000, "ebitda": 370494000, "ebitdaratio": 0.1337482424, "operatingIncome": 82286000, "operatingIncomeRatio": 0.0297052257, "totalOtherIncomeExpensesNet": -19845000, "incomeBeforeTax": -63601000, "incomeBeforeTaxRatio": -0.0229599453, "incomeTaxExpense": 2044000, "netIncome": -65645000, "netIncomeRatio": -0.0236978288, "eps": -0.54, "epsdiluted": -0.54, "weightedAverageShsOut": 121991000, "weightedAverageShsOutDil": 121991000, "link": "https://www.sec.gov/Archives/edgar/data/1332349/000133234913000012/0001332349-13-000012-index.htm", "finalLink": "https://www.sec.gov/Archives/edgar/data/1332349/000133234913000012/form10-k.htm", "calculatedOtherExpenses": 269010000, "calculatedOperatingExpenses": 731864000, "calculatedNetInterest": -142771000, "calculatedOtherIncome": -3116000, "calculatedIncomeNonControlling": 0, "calculatedEbitda": 352648000}, {"date": "2011-12-31", "symbol": "BKDT", "reportedCurrency": "USD", "cik": "0001332349", "fillingDate": "2012-02-28", "acceptedDate": "2012-02-28 16:47:46", "calendarYear": "2011", "period": "FY", "revenue": 2457918000, "costOfRevenue": 1508571000, "grossProfit": 949347000, "grossProfitRatio": 0.3862403058, "researchAndDevelopmentExpenses": 0, "generalAndAdministrativeExpenses": 423185000, "sellingAndMarketingExpenses": 0, "sellingGeneralAndAdministrativeExpenses": 423185000, "otherExpenses": 421072000, "operatingExpenses": 844257000, "costAndExpenses": 2352828000, "interestIncome": 3538000, "interestExpense": 124873000, "depreciationAndAmortization": 281933000, "ebitda": 391993000, "ebitdaratio": 0.159481724, "operatingIncome": 105090000, "operatingIncomeRatio": 0.0427556981, "totalOtherIncomeExpensesNet": -49590000, "incomeBeforeTax": -65835000, "incomeBeforeTaxRatio": -0.0267848643, "incomeTaxExpense": 2340000, "netIncome": -68175000, "netIncomeRatio": -0.0277368895, "eps": -0.56, "epsdiluted": -0.56, "weightedAverageShsOut": 121161000, "weightedAverageShsOutDil": 121161000, "link": "https://www.sec.gov/Archives/edgar/data/1332349/000133234912000008/0001332349-12-000008-index.htm", "finalLink": "https://www.sec.gov/Archives/edgar/data/1332349/000133234912000008/form10-k.htm", "calculatedOtherExpenses": 421072000, "calculatedOperatingExpenses": 844257000, "calculatedNetInterest": -121335000, "calculatedOtherIncome": -49590000, "calculatedIncomeNonControlling": 0, "calculatedEbitda": 387023000}, {"date": "2010-12-31", "symbol": "BKDT", "reportedCurrency": "USD", "cik": "0001332349", "fillingDate": "2011-02-28", "acceptedDate": "2011-02-28 17:27:50", "calendarYear": "2010", "period": "FY", "revenue": 2213264000, "costOfRevenue": 1437930000, "grossProfit": 775334000, "grossProfitRatio": 0.3503124797, "researchAndDevelopmentExpenses": 0, "generalAndAdministrativeExpenses": 402614000, "sellingAndMarketingExpenses": 0, "sellingGeneralAndAdministrativeExpenses": 402614000, "otherExpenses": 289043000, "operatingExpenses": 696265000, "costAndExpenses": 2134195000, "interestIncome": 2238000, "interestExpense": 145722000, "depreciationAndAmortization": 301304000, "ebitda": 382611000, "ebitdaratio": 0.1728718309, "operatingIncome": 79069000, "operatingIncomeRatio": 0.0357250649, "totalOtherIncomeExpensesNet": -15918000, "incomeBeforeTax": -80333000, "incomeBeforeTaxRatio": -0.0362961671, "incomeTaxExpense": -31432000, "netIncome": -48901000, "netIncomeRatio": -0.0220945174, "eps": -0.41, "epsdiluted": -0.41, "weightedAverageShsOut": 120010000, "weightedAverageShsOutDil": 120010000, "link": "https://www.sec.gov/Archives/edgar/data/1332349/000133234911000010/0001332349-11-000010-index.htm", "finalLink": "https://www.sec.gov/Archives/edgar/data/1332349/000133234911000010/form10-k.htm", "calculatedOtherExpenses": 293651000, "calculatedOperatingExpenses": 696265000, "calculatedNetInterest": -143484000, "calculatedOtherIncome": -15918000, "calculatedIncomeNonControlling": 0, "calculatedEbitda": 380373000}, {"date": "2009-12-31", "symbol": "BKDT", "reportedCurrency": "USD", "cik": "0001332349", "fillingDate": "2010-02-26", "acceptedDate": "2010-02-26 16:04:33", "calendarYear": "2009", "period": "FY", "revenue": 2023068000, "costOfRevenue": 1302277000, "grossProfit": 720791000, "grossProfitRatio": 0.3562860962, "researchAndDevelopmentExpenses": 0, "generalAndAdministrativeExpenses": 406960000, "sellingAndMarketingExpenses": 0, "sellingGeneralAndAdministrativeExpenses": 406960000, "otherExpenses": 273978000, "operatingExpenses": 680938000, "costAndExpenses": 1983215000, "interestIncome": 2354000, "interestExpense": 134609000, "depreciationAndAmortization": 255434000, "ebitda": 314582000, "ebitdaratio": 0.1554974919, "operatingIncome": 39853000, "operatingIncomeRatio": 0.0196992884, "totalOtherIncomeExpensesNet": -6779000, "incomeBeforeTax": -99181000, "incomeBeforeTaxRatio": -0.0490250451, "incomeTaxExpense": -32926000, "netIncome": -66255000, "netIncomeRatio": -0.0327497642, "eps": -0.6, "epsdiluted": -0.6, "weightedAverageShsOut": 111288000, "weightedAverageShsOutDil": 111288000, "link": "https://www.sec.gov/Archives/edgar/data/1332349/000133234910000006/0001332349-10-000006-index.htm", "finalLink": "https://www.sec.gov/Archives/edgar/data/1332349/000133234910000006/form10-k.htm", "calculatedOtherExpenses": 273978000, "calculatedOperatingExpenses": 680938000, "calculatedNetInterest": -132255000, "calculatedOtherIncome": -6779000, "calculatedIncomeNonControlling": 0, "calculatedEbitda": 295287000}, {"date": "2008-12-31", "symbol": "BKDT", "reportedCurrency": "USD", "cik": "0001332349", "fillingDate": "2009-03-02", "acceptedDate": "2009-03-02 16:40:10", "calendarYear": "2008", "period": "FY", "revenue": 1928054000, "costOfRevenue": 1256781000, "grossProfit": 671273000, "grossProfitRatio": 0.3481608918, "researchAndDevelopmentExpenses": 0, "generalAndAdministrativeExpenses": 415188000, "sellingAndMarketingExpenses": 0, "sellingGeneralAndAdministrativeExpenses": 415188000, "otherExpenses": 496228000, "operatingExpenses": 911416000, "costAndExpenses": 2168197000, "interestIncome": 7618000, "interestExpense": 0, "depreciationAndAmortization": 327688000, "ebitda": 377061000, "ebitdaratio": 0.1955655806, "operatingIncome": -240143000, "operatingIncomeRatio": -0.1245520094, "totalOtherIncomeExpensesNet": -290377000, "incomeBeforeTax": -459972000, "incomeBeforeTaxRatio": -0.2385680069, "incomeTaxExpense": -86731000, "netIncome": -373241000, "netIncomeRatio": -0.1935843083, "eps": -3.67, "epsdiluted": -3.67, "weightedAverageShsOut": 101667000, "weightedAverageShsOutDil": 101667000, "link": "https://www.sec.gov/Archives/edgar/data/1332349/000133234909000006/0001332349-09-000006-index.htm", "finalLink": "https://www.sec.gov/Archives/edgar/data/1332349/000133234909000006/form10-k.htm", "calculatedOtherExpenses": 496228000, "calculatedOperatingExpenses": 911416000, "calculatedNetInterest": 7618000, "calculatedOtherIncome": -227447000, "calculatedIncomeNonControlling": 0, "calculatedEbitda": 87545000}, {"date": "2007-12-31", "symbol": "BKDT", "reportedCurrency": "USD", "cik": "0001332349", "fillingDate": "2008-02-29", "acceptedDate": "2008-02-29 15:06:09", "calendarYear": "2007", "period": "FY", "revenue": 1839296000, "costOfRevenue": 1170937000, "grossProfit": 668359000, "grossProfitRatio": 0.3633776184, "researchAndDevelopmentExpenses": 0, "generalAndAdministrativeExpenses": 409641000, "sellingAndMarketingExpenses": 0, "sellingGeneralAndAdministrativeExpenses": 409641000, "otherExpenses": 299925000, "operatingExpenses": 709566000, "costAndExpenses": 1880503000, "interestIncome": 7519000, "interestExpense": 0, "depreciationAndAmortization": 283406000, "ebitda": 341285000, "ebitdaratio": 0.1855519721, "operatingIncome": -41207000, "operatingIncomeRatio": -0.0224036805, "totalOtherIncomeExpensesNet": -78889000, "incomeBeforeTax": -263632000, "incomeBeforeTaxRatio": -0.1433331014, "incomeTaxExpense": -101260000, "netIncome": -161979000, "netIncomeRatio": -0.0880657599, "eps": -1.6, "epsdiluted": -1.6, "weightedAverageShsOut": 101511000, "weightedAverageShsOutDil": 101511000, "link": "https://www.sec.gov/Archives/edgar/data/1332349/000133234908000010/0001332349-08-000010-index.htm", "finalLink": "https://www.sec.gov/Archives/edgar/data/1332349/000133234908000010/form10-k.htm", "calculatedOtherExpenses": 299925000, "calculatedOperatingExpenses": 709566000, "calculatedNetInterest": 7519000, "calculatedOtherIncome": -229944000, "calculatedIncomeNonControlling": -393000, "calculatedEbitda": 242199000}, {"date": "2006-12-31", "symbol": "BKDT", "reportedCurrency": "USD", "cik": "0001332349", "fillingDate": "2007-03-16", "acceptedDate": "2007-03-16 14:43:06", "calendarYear": "2006", "period": "FY", "revenue": 1309913000, "costOfRevenue": 819801000, "grossProfit": 490112000, "grossProfitRatio": 0.3741561462, "researchAndDevelopmentExpenses": 0, "generalAndAdministrativeExpenses": 346676000, "sellingAndMarketingExpenses": 0, "sellingGeneralAndAdministrativeExpenses": 346676000, "otherExpenses": 188129000, "operatingExpenses": 534805000, "costAndExpenses": 1354606000, "interestIncome": 6810000, "interestExpense": 0, "depreciationAndAmortization": 180696000, "ebitda": 150061000, "ebitdaratio": 0.1145579897, "operatingIncome": -44693000, "operatingIncomeRatio": -0.0341190598, "totalOtherIncomeExpensesNet": -5269000, "incomeBeforeTax": -145907000, "incomeBeforeTaxRatio": -0.1113867868, "incomeTaxExpense": -38491000, "netIncome": -108087000, "netIncomeRatio": -0.0825146403, "eps": -1.34, "epsdiluted": -1.34, "weightedAverageShsOut": 80842000, "weightedAverageShsOutDil": 80842000, "link": "https://www.sec.gov/Archives/edgar/data/1332349/000095013607001693/0000950136-07-001693-index.htm", "finalLink": "https://www.sec.gov/Archives/edgar/data/1332349/000095013607001693/file1.htm", "calculatedOtherExpenses": 188129000, "calculatedOperatingExpenses": 534805000, "calculatedNetInterest": 6810000, "calculatedOtherIncome": -108024000, "calculatedIncomeNonControlling": 671000, "calculatedEbitda": 136003000}, {"date": "2005-12-31", "symbol": "BKDT", "reportedCurrency": "USD", "cik": "0001332349", "fillingDate": "2006-03-31", "acceptedDate": "2006-03-31 14:04:30", "calendarYear": "2005", "period": "FY", "revenue": 790577000, "costOfRevenue": 493887000, "grossProfit": 296690000, "grossProfitRatio": 0.375282863, "researchAndDevelopmentExpenses": 0, "generalAndAdministrativeExpenses": 271035000, "sellingAndMarketingExpenses": 0, "sellingGeneralAndAdministrativeExpenses": 271035000, "otherExpenses": 49883000, "operatingExpenses": 320918000, "costAndExpenses": 814805000, "interestIncome": 637000, "interestExpense": 0, "depreciationAndAmortization": 17855000, "ebitda": 25659000, "ebitdaratio": 0.0324560416, "operatingIncome": -24228000, "operatingIncomeRatio": -0.0306459712, "totalOtherIncomeExpensesNet": -842000, "incomeBeforeTax": -67530000, "incomeBeforeTaxRatio": -0.0854186246, "incomeTaxExpense": -97000, "netIncome": -67433000, "netIncomeRatio": -0.0852959294, "eps": -1.79, "epsdiluted": -1.11, "weightedAverageShsOut": 37636000, "weightedAverageShsOutDil": 60877000, "link": "https://www.sec.gov/Archives/edgar/data/1332349/000095012306003999/0000950123-06-003999-index.htm", "finalLink": "https://www.sec.gov/Archives/edgar/data/1332349/000095012306003999/y19134e10vk.htm", "calculatedOtherExpenses": 49883000, "calculatedOperatingExpenses": 320918000, "calculatedNetInterest": 637000, "calculatedOtherIncome": -43939000, "calculatedIncomeNonControlling": 0, "calculatedEbitda": -6373000}, {"date": "2004-12-31", "symbol": "BKDT", "reportedCurrency": "USD", "cik": "0001332349", "fillingDate": "2004-12-31", "acceptedDate": "2004-12-30 19:00:00", "calendarYear": "2004", "period": "FY", "revenue": 660872000, "costOfRevenue": 0, "grossProfit": 660872000, "grossProfitRatio": 1, "researchAndDevelopmentExpenses": 0, "generalAndAdministrativeExpenses": 43640000, "sellingAndMarketingExpenses": 0, "sellingGeneralAndAdministrativeExpenses": 43640000, "otherExpenses": 567473000, "operatingExpenses": 611113000, "costAndExpenses": 611113000, "interestIncome": 0, "interestExpense": 0, "depreciationAndAmortization": 52307000, "ebitda": 102066000, "ebitdaratio": 0.1544414047, "operatingIncome": 49759000, "operatingIncomeRatio": 0.0752929463, "totalOtherIncomeExpensesNet": -59815000, "incomeBeforeTax": -10056000, "incomeBeforeTaxRatio": -0.0152162597, "incomeTaxExpense": 11111000, "netIncome": -9794000, "netIncomeRatio": -0.0148198138, "eps": -0.51, "epsdiluted": -0.51, "weightedAverageShsOut": 19203922, "weightedAverageShsOutDil": 19203922, "link": "", "finalLink": "", "calculatedOtherExpenses": 567473000, "calculatedOperatingExpenses": 611113000, "calculatedNetInterest": 0, "calculatedOtherIncome": -59815000, "calculatedIncomeNonControlling": -11373000, "calculatedEbitda": 102066000}, {"date": "2003-12-31", "symbol": "BKDT", "reportedCurrency": "USD", "cik": "0001332349", "fillingDate": "2003-12-31", "acceptedDate": "2003-12-30 19:00:00", "calendarYear": "2003", "period": "FY", "revenue": 222584000, "costOfRevenue": 0, "grossProfit": 222584000, "grossProfitRatio": 1, "researchAndDevelopmentExpenses": 0, "generalAndAdministrativeExpenses": 15997000, "sellingAndMarketingExpenses": 0, "sellingGeneralAndAdministrativeExpenses": 15997000, "otherExpenses": 186343000, "operatingExpenses": 202340000, "costAndExpenses": 202340000, "interestIncome": 0, "interestExpense": 0, "depreciationAndAmortization": 22480000, "ebitda": 42724000, "ebitdaratio": 0.1919455127, "operatingIncome": 20244000, "operatingIncomeRatio": 0.0909499335, "totalOtherIncomeExpensesNet": -22753000, "incomeBeforeTax": -2509000, "incomeBeforeTaxRatio": -0.0112721489, "incomeTaxExpense": 139000, "netIncome": -8963000, "netIncomeRatio": -0.0402679438, "eps": -0.15, "epsdiluted": -0.15, "weightedAverageShsOut": 60877000, "weightedAverageShsOutDil": 60877000, "link": "", "finalLink": "", "calculatedOtherExpenses": 186343000, "calculatedOperatingExpenses": 202340000, "calculatedNetInterest": 0, "calculatedOtherIncome": -22753000, "calculatedIncomeNonControlling": 6315000, "calculatedEbitda": 42724000}, {"date": "2002-12-31", "symbol": "BKDT", "reportedCurrency": "USD", "cik": "0001332349", "fillingDate": "2002-12-31", "acceptedDate": "2002-12-30 19:00:00", "calendarYear": "2002", "period": "FY", "revenue": 161516000, "costOfRevenue": 0, "grossProfit": 161516000, "grossProfitRatio": 1, "researchAndDevelopmentExpenses": 0, "generalAndAdministrativeExpenses": 12540000, "sellingAndMarketingExpenses": 0, "sellingGeneralAndAdministrativeExpenses": 12540000, "otherExpenses": 137633000, "operatingExpenses": 150173000, "costAndExpenses": 150173000, "interestIncome": 0, "interestExpense": 0, "depreciationAndAmortization": 13650000, "ebitda": 24993000, "ebitdaratio": 0.1547400877, "operatingIncome": 11343000, "operatingIncomeRatio": 0.0702283365, "totalOtherIncomeExpensesNet": 9040000, "incomeBeforeTax": 20383000, "incomeBeforeTaxRatio": 0.1261980237, "incomeTaxExpense": 8666000, "netIncome": 6455000, "netIncomeRatio": 0.0399650809, "eps": 0.62, "epsdiluted": 0.62, "weightedAverageShsOut": 10411000, "weightedAverageShsOutDil": 10411000, "link": "", "finalLink": "", "calculatedOtherExpenses": 137633000, "calculatedOperatingExpenses": 150173000, "calculatedNetInterest": 0, "calculatedOtherIncome": 9040000, "calculatedIncomeNonControlling": 5262000, "calculatedEbitda": 24993000}, {"date": "2001-12-31", "symbol": "BKDT", "reportedCurrency": "USD", "cik": "0001332349", "fillingDate": "2001-12-31", "acceptedDate": "2001-12-30 19:00:00", "calendarYear": "2001", "period": "FY", "revenue": 123935000, "costOfRevenue": 0, "grossProfit": 123935000, "grossProfitRatio": 1, "researchAndDevelopmentExpenses": 0, "generalAndAdministrativeExpenses": 12138000, "sellingAndMarketingExpenses": 0, "sellingGeneralAndAdministrativeExpenses": 12138000, "otherExpenses": 112095000, "operatingExpenses": 124233000, "costAndExpenses": 124233000, "interestIncome": 0, "interestExpense": 0, "depreciationAndAmortization": 11230000, "ebitda": 10932000, "ebitdaratio": 0.0882075281, "operatingIncome": -298000, "operatingIncomeRatio": -0.0024044862, "totalOtherIncomeExpensesNet": 10988000, "incomeBeforeTax": 10690000, "incomeBeforeTaxRatio": 0.0862548917, "incomeTaxExpense": 4503000, "netIncome": 3409000, "netIncomeRatio": 0.0275063541, "eps": 0.056, "epsdiluted": 0.056, "weightedAverageShsOut": 60877000, "weightedAverageShsOutDil": 60877000, "link": "", "finalLink": "", "calculatedOtherExpenses": 112095000, "calculatedOperatingExpenses": 124233000, "calculatedNetInterest": 0, "calculatedOtherIncome": 10988000, "calculatedIncomeNonControlling": 2778000, "calculatedEbitda": 10932000}]}