{"originalCurrency": "USD", "convertedCurrency": "USD", "report": [{"date": "2023-12-31", "symbol": "BKH", "reportedCurrency": "USD", "cik": "0001130464", "fillingDate": "2024-02-14", "acceptedDate": "2024-02-14 13:10:54", "calendarYear": "2023", "period": "FY", "revenue": 2331300000, "costOfRevenue": 1784500000, "grossProfit": 546800000, "grossProfitRatio": 0.2345472483, "researchAndDevelopmentExpenses": 0, "generalAndAdministrativeExpenses": 0, "sellingAndMarketingExpenses": 0, "sellingGeneralAndAdministrativeExpenses": 4400000, "otherExpenses": -66900000, "operatingExpenses": 66900000, "costAndExpenses": 1851400000, "interestIncome": 12100000, "interestExpense": 177100000, "depreciationAndAmortization": 256800000, "ebitda": 736700000, "ebitdaratio": 0.3160039463, "operatingIncome": 479900000, "operatingIncomeRatio": 0.2058508129, "totalOtherIncomeExpensesNet": -178300000, "incomeBeforeTax": 301600000, "incomeBeforeTaxRatio": 0.1293698795, "incomeTaxExpense": 25600000, "netIncome": 262200000, "netIncomeRatio": 0.1124694377, "eps": 3.91, "epsdiluted": 3.91, "weightedAverageShsOut": 67000000, "weightedAverageShsOutDil": 67099999, "link": "https://www.sec.gov/Archives/edgar/data/1130464/000095017024015090/0000950170-24-015090-index.htm", "finalLink": "https://www.sec.gov/Archives/edgar/data/1130464/000095017024015090/bkh-20231231.htm", "calculatedOtherExpenses": 62500000, "calculatedOperatingExpenses": 66900000, "calculatedNetInterest": -165000000, "calculatedOtherIncome": -13300000, "calculatedIncomeNonControlling": 13800000, "calculatedEbitda": 736700000}, {"date": "2022-12-31", "symbol": "BKH", "reportedCurrency": "USD", "cik": "0001130464", "fillingDate": "2023-02-14", "acceptedDate": "2023-02-14 14:29:14", "calendarYear": "2022", "period": "FY", "revenue": 458500000, "costOfRevenue": 1778980000, "grossProfit": -1320480000, "grossProfitRatio": -2.88, "researchAndDevelopmentExpenses": 0, "generalAndAdministrativeExpenses": 0, "sellingAndMarketingExpenses": 0, "sellingGeneralAndAdministrativeExpenses": 365000, "otherExpenses": 3200000, "operatingExpenses": 3200000, "costAndExpenses": 3200000, "interestIncome": 1595000, "interestExpense": 161000000, "depreciationAndAmortization": 250909000, "ebitda": 457000000, "ebitdaratio": 0.9967284624, "operatingIncome": 206091000, "operatingIncomeRatio": 0.4494896401, "totalOtherIncomeExpensesNet": 89909000, "incomeBeforeTax": 296000000, "incomeBeforeTaxRatio": 0.6455834242, "incomeTaxExpense": 25200000, "netIncome": 258400000, "netIncomeRatio": 0.5635768811, "eps": 3.98, "epsdiluted": 3.97, "weightedAverageShsOut": 64858000, "weightedAverageShsOutDil": 65021000, "link": "https://www.sec.gov/Archives/edgar/data/1130464/000095017023002759/0000950170-23-002759-index.htm", "finalLink": "https://www.sec.gov/Archives/edgar/data/1130464/000095017023002759/bkh-20221231.htm", "calculatedOtherExpenses": -1526936000, "calculatedOperatingExpenses": -1526571000, "calculatedNetInterest": -159405000, "calculatedOtherIncome": 249314000, "calculatedIncomeNonControlling": 12400000, "calculatedEbitda": 457000000}, {"date": "2021-12-31", "symbol": "BKH", "reportedCurrency": "USD", "cik": "0001130464", "fillingDate": "2022-02-15", "acceptedDate": "2022-02-15 13:30:40", "calendarYear": "2021", "period": "FY", "revenue": 413900000, "costOfRevenue": 1243624000, "grossProfit": -829724000, "grossProfitRatio": -2.0046484658, "researchAndDevelopmentExpenses": 0, "generalAndAdministrativeExpenses": 0, "sellingAndMarketingExpenses": 0, "sellingGeneralAndAdministrativeExpenses": 834000, "otherExpenses": 4400000, "operatingExpenses": 4400000, "costAndExpenses": 4400000, "interestIncome": 1708000, "interestExpense": 152400000, "depreciationAndAmortization": 235953000, "ebitda": 410900000, "ebitdaratio": 0.9927518724, "operatingIncome": 174947000, "operatingIncomeRatio": 0.4226793912, "totalOtherIncomeExpensesNet": 83553000, "incomeBeforeTax": 258500000, "incomeBeforeTaxRatio": 0.624546992, "incomeTaxExpense": 7200000, "netIncome": 236700000, "netIncomeRatio": 0.571877265, "eps": 3.74, "epsdiluted": 3.74, "weightedAverageShsOut": 63219000, "weightedAverageShsOutDil": 63325000, "link": "https://www.sec.gov/Archives/edgar/data/1130464/000113046422000004/0001130464-22-000004-index.htm", "finalLink": "https://www.sec.gov/Archives/edgar/data/1130464/000113046422000004/bkh-20211231.htm", "calculatedOtherExpenses": -1005505000, "calculatedOperatingExpenses": -1004671000, "calculatedNetInterest": -150692000, "calculatedOtherIncome": 234245000, "calculatedIncomeNonControlling": 14600000, "calculatedEbitda": 410900000}, {"date": "2020-12-31", "symbol": "BKH", "reportedCurrency": "USD", "cik": "0001130464", "fillingDate": "2021-02-26", "acceptedDate": "2021-02-26 13:26:58", "calendarYear": "2020", "period": "FY", "revenue": 1696900000, "costOfRevenue": 1044200000, "grossProfit": 652700000, "grossProfitRatio": 0.3846425835, "researchAndDevelopmentExpenses": 0, "generalAndAdministrativeExpenses": 0, "sellingAndMarketingExpenses": 0, "sellingGeneralAndAdministrativeExpenses": 2951000, "otherExpenses": 224500000, "operatingExpenses": 224500000, "costAndExpenses": 1268700000, "interestIncome": 1461000, "interestExpense": 143500000, "depreciationAndAmortization": 222100000, "ebitda": 650400000, "ebitdaratio": 0.3832871707, "operatingIncome": 428300000, "operatingIncomeRatio": 0.2524014379, "totalOtherIncomeExpensesNet": -152800000, "incomeBeforeTax": 275500000, "incomeBeforeTaxRatio": 0.1623548824, "incomeTaxExpense": 32900000, "netIncome": 227608000, "netIncomeRatio": 0.1341316518, "eps": 3.65, "epsdiluted": 3.65, "weightedAverageShsOut": 62378000, "weightedAverageShsOutDil": 62439000, "link": "https://www.sec.gov/Archives/edgar/data/1130464/000113046421000007/0001130464-21-000007-index.htm", "finalLink": "https://www.sec.gov/Archives/edgar/data/1130464/000113046421000007/bkh-20201231.htm", "calculatedOtherExpenses": 221449000, "calculatedOperatingExpenses": 224400000, "calculatedNetInterest": -142039000, "calculatedOtherIncome": -10761000, "calculatedIncomeNonControlling": 14992000, "calculatedEbitda": 650400000}, {"date": "2019-12-31", "symbol": "BKH", "reportedCurrency": "USD", "cik": "0001130464", "fillingDate": "2020-02-14", "acceptedDate": "2020-02-14 16:01:30", "calendarYear": "2019", "period": "FY", "revenue": 1734900000, "costOfRevenue": 1119700000, "grossProfit": 615200000, "grossProfitRatio": 0.3546025708, "researchAndDevelopmentExpenses": 0, "generalAndAdministrativeExpenses": 0, "sellingAndMarketingExpenses": 0, "sellingGeneralAndAdministrativeExpenses": 213000, "otherExpenses": 209100000, "operatingExpenses": 209100000, "costAndExpenses": 1328800000, "interestIncome": 1632000, "interestExpense": 139291000, "depreciationAndAmortization": 228900000, "ebitda": 634900000, "ebitdaratio": 0.3659576921, "operatingIncome": 406000000, "operatingIncomeRatio": 0.2340192518, "totalOtherIncomeExpensesNet": -163000000, "incomeBeforeTax": 243000000, "incomeBeforeTaxRatio": 0.1400657098, "incomeTaxExpense": 29600000, "netIncome": 199300000, "netIncomeRatio": 0.1148769382, "eps": 3.29, "epsdiluted": 3.28, "weightedAverageShsOut": 60662000, "weightedAverageShsOutDil": 60798000, "link": "https://www.sec.gov/Archives/edgar/data/1130464/000113046420000006/0001130464-20-000006-index.htm", "finalLink": "https://www.sec.gov/Archives/edgar/data/1130464/000113046420000006/bkh10k122019.htm", "calculatedOtherExpenses": 208987000, "calculatedOperatingExpenses": 209200000, "calculatedNetInterest": -137659000, "calculatedOtherIncome": -25341000, "calculatedIncomeNonControlling": 14100000, "calculatedEbitda": 634900000}, {"date": "2018-12-31", "symbol": "BKH", "reportedCurrency": "USD", "cik": "0001130464", "fillingDate": "2019-02-19", "acceptedDate": "2019-02-19 15:46:08", "calendarYear": "2018", "period": "FY", "revenue": 1754300000, "costOfRevenue": 1160900000, "grossProfit": 593400000, "grossProfitRatio": 0.3382545745, "researchAndDevelopmentExpenses": 0, "generalAndAdministrativeExpenses": 0, "sellingAndMarketingExpenses": 0, "sellingGeneralAndAdministrativeExpenses": 3179000, "otherExpenses": -1200000, "operatingExpenses": 196300000, "costAndExpenses": 1357200000, "interestIncome": 1600000, "interestExpense": 141600000, "depreciationAndAmortization": 196328000, "ebitda": 593800000, "ebitdaratio": 0.3384825856, "operatingIncome": 397000000, "operatingIncomeRatio": 0.2263010888, "totalOtherIncomeExpensesNet": -1200000, "incomeBeforeTax": 255900000, "incomeBeforeTaxRatio": 0.1458701476, "incomeTaxExpense": -23700000, "netIncome": 258500000, "netIncomeRatio": 0.1473522203, "eps": 4.75, "epsdiluted": 4.66, "weightedAverageShsOut": 54400000, "weightedAverageShsOutDil": 55500000, "link": "https://www.sec.gov/Archives/edgar/data/1130464/000113046419000012/0001130464-19-000012-index.htm", "finalLink": "https://www.sec.gov/Archives/edgar/data/1130464/000113046419000012/bkh10k122018.htm", "calculatedOtherExpenses": 193221000, "calculatedOperatingExpenses": 196400000, "calculatedNetInterest": -140000000, "calculatedOtherIncome": -1100000, "calculatedIncomeNonControlling": 21100000, "calculatedEbitda": 593328000}, {"date": "2017-12-31", "symbol": "BKH", "reportedCurrency": "USD", "cik": "0001130464", "fillingDate": "2018-02-26", "acceptedDate": "2018-02-23 17:50:07", "calendarYear": "2017", "period": "FY", "revenue": 1680300000, "costOfRevenue": 1075300000, "grossProfit": 605000000, "grossProfitRatio": 0.3600547521, "researchAndDevelopmentExpenses": 0, "generalAndAdministrativeExpenses": 0, "sellingAndMarketingExpenses": 0, "sellingGeneralAndAdministrativeExpenses": 0, "otherExpenses": 2100000, "operatingExpenses": 188200000, "costAndExpenses": 1263500000, "interestIncome": 1000000, "interestExpense": 138100000, "depreciationAndAmortization": 188246000, "ebitda": 608100000, "ebitdaratio": 0.3618996608, "operatingIncome": -138100000, "operatingIncomeRatio": -0.0821877046, "totalOtherIncomeExpensesNet": 2100000, "incomeBeforeTax": 281800000, "incomeBeforeTaxRatio": 0.1677081474, "incomeTaxExpense": 66400000, "netIncome": 184100000, "netIncomeRatio": 0.1095637684, "eps": 3.46, "epsdiluted": 3.34, "weightedAverageShsOut": 53200000, "weightedAverageShsOutDil": 55100000, "link": "https://www.sec.gov/Archives/edgar/data/1130464/000113046418000014/0001130464-18-000014-index.htm", "finalLink": "https://www.sec.gov/Archives/edgar/data/1130464/000113046418000014/bkh10k122017.htm", "calculatedOtherExpenses": 743100000, "calculatedOperatingExpenses": 743100000, "calculatedNetInterest": -137100000, "calculatedOtherIncome": 557000000, "calculatedIncomeNonControlling": 31300000, "calculatedEbitda": 50146000}, {"date": "2016-12-31", "symbol": "BKH", "reportedCurrency": "USD", "cik": "0001130464", "fillingDate": "2017-02-27", "acceptedDate": "2017-02-24 21:39:34", "calendarYear": "2016", "period": "FY", "revenue": 1573000000, "costOfRevenue": 1054400000, "grossProfit": 518600000, "grossProfitRatio": 0.3296884933, "researchAndDevelopmentExpenses": 0, "generalAndAdministrativeExpenses": 0, "sellingAndMarketingExpenses": 0, "sellingGeneralAndAdministrativeExpenses": 0, "otherExpenses": 4500000, "operatingExpenses": 189000000, "costAndExpenses": 1243400000, "interestIncome": 1400000, "interestExpense": 135400000, "depreciationAndAmortization": 189043000, "ebitda": 524500000, "ebitdaratio": 0.333439288, "operatingIncome": 222600000, "operatingIncomeRatio": 0.1415130324, "totalOtherIncomeExpensesNet": -102500000, "incomeBeforeTax": 93100000, "incomeBeforeTaxRatio": 0.0591862683, "incomeTaxExpense": 10500000, "netIncome": 72900000, "netIncomeRatio": 0.0463445645, "eps": 1.41, "epsdiluted": 1.37, "weightedAverageShsOut": 51900000, "weightedAverageShsOutDil": 53300000, "link": "https://www.sec.gov/Archives/edgar/data/1130464/000113046417000010/0001130464-17-000010-index.htm", "finalLink": "https://www.sec.gov/Archives/edgar/data/1130464/000113046417000010/bkh10k122016.htm", "calculatedOtherExpenses": 296000000, "calculatedOperatingExpenses": 296000000, "calculatedNetInterest": -134000000, "calculatedOtherIncome": 4500000, "calculatedIncomeNonControlling": 9700000, "calculatedEbitda": 411643000}, {"date": "2015-12-31", "symbol": "BKH", "reportedCurrency": "USD", "cik": "0001130464", "fillingDate": "2016-02-25", "acceptedDate": "2016-02-24 19:28:03", "calendarYear": "2015", "period": "FY", "revenue": 1304600000, "costOfRevenue": 869800000, "grossProfit": 434800000, "grossProfitRatio": 0.3332822321, "researchAndDevelopmentExpenses": 0, "generalAndAdministrativeExpenses": 0, "sellingAndMarketingExpenses": 0, "sellingGeneralAndAdministrativeExpenses": 0, "otherExpenses": 2400000, "operatingExpenses": 155400000, "costAndExpenses": 1025200000, "interestIncome": 1600000, "interestExpense": 83700000, "depreciationAndAmortization": 155370000, "ebitda": 438800000, "ebitdaratio": 0.336348306, "operatingIncome": 29800000, "operatingIncomeRatio": 0.0228422505, "totalOtherIncomeExpensesNet": -251600000, "incomeBeforeTax": -54300000, "incomeBeforeTaxRatio": -0.0416219531, "incomeTaxExpense": -22200000, "netIncome": -32100000, "netIncomeRatio": -0.024605243, "eps": -0.63, "epsdiluted": -0.63, "weightedAverageShsOut": 51192141, "weightedAverageShsOutDil": 51192141, "link": "https://www.sec.gov/Archives/edgar/data/1130464/000113046416000176/0001130464-16-000176-index.htm", "finalLink": "https://www.sec.gov/Archives/edgar/data/1130464/000113046416000176/bkh10k122015.htm", "calculatedOtherExpenses": 405000000, "calculatedOperatingExpenses": 405000000, "calculatedNetInterest": -82100000, "calculatedOtherIncome": -2000000, "calculatedIncomeNonControlling": 0, "calculatedEbitda": 185170000}, {"date": "2014-12-31", "symbol": "BKH", "reportedCurrency": "USD", "cik": "0001130464", "fillingDate": "2015-02-25", "acceptedDate": "2015-02-24 17:54:29", "calendarYear": "2014", "period": "FY", "revenue": 1393600000, "costOfRevenue": 985000000, "grossProfit": 408600000, "grossProfitRatio": 0.2931974742, "researchAndDevelopmentExpenses": 0, "generalAndAdministrativeExpenses": 0, "sellingAndMarketingExpenses": 0, "sellingGeneralAndAdministrativeExpenses": 0, "otherExpenses": 2700000, "operatingExpenses": 148100000, "costAndExpenses": 1133100000, "interestIncome": 1900000, "interestExpense": 71000000, "depreciationAndAmortization": 148083000, "ebitda": 413200000, "ebitdaratio": 0.2964982778, "operatingIncome": 260500000, "operatingIncomeRatio": 0.1869259472, "totalOtherIncomeExpensesNet": 2700000, "incomeBeforeTax": 194100000, "incomeBeforeTaxRatio": 0.1392795637, "incomeTaxExpense": 65400000, "netIncome": 128700000, "netIncomeRatio": 0.0923507463, "eps": 2.88, "epsdiluted": 2.88, "weightedAverageShsOut": 44671846, "weightedAverageShsOutDil": 44671846, "link": "https://www.sec.gov/Archives/edgar/data/1130464/000113046415000083/0001130464-15-000083-index.htm", "finalLink": "https://www.sec.gov/Archives/edgar/data/1130464/000113046415000083/bkh10k122014.htm", "calculatedOtherExpenses": 148100000, "calculatedOperatingExpenses": 148100000, "calculatedNetInterest": -69100000, "calculatedOtherIncome": 2700000, "calculatedIncomeNonControlling": 0, "calculatedEbitda": 408583000}, {"date": "2013-12-31", "symbol": "BKH", "reportedCurrency": "USD", "cik": "0001130464", "fillingDate": "2014-02-26", "acceptedDate": "2014-02-25 18:44:00", "calendarYear": "2013", "period": "FY", "revenue": 1275852000, "costOfRevenue": 837828000, "grossProfit": 438024000, "grossProfitRatio": 0.3433188175, "researchAndDevelopmentExpenses": 0, "generalAndAdministrativeExpenses": 0, "sellingAndMarketingExpenses": 0, "sellingGeneralAndAdministrativeExpenses": 0, "otherExpenses": 1277000, "operatingExpenses": 182472000, "costAndExpenses": 1020300000, "interestIncome": 1723000, "interestExpense": 111788000, "depreciationAndAmortization": 141217000, "ebitda": 399769000, "ebitdaratio": 0.3133349323, "operatingIncome": 255552000, "operatingIncomeRatio": 0.2002990943, "totalOtherIncomeExpensesNet": 32053000, "incomeBeforeTax": 177540000, "incomeBeforeTaxRatio": 0.1391540712, "incomeTaxExpense": 61608000, "netIncome": 114962000, "netIncomeRatio": 0.0901060625, "eps": 2.66, "epsdiluted": 2.64, "weightedAverageShsOut": 44163000, "weightedAverageShsOutDil": 44419000, "link": "https://www.sec.gov/Archives/edgar/data/1130464/000113046414000056/0001130464-14-000056-index.htm", "finalLink": "https://www.sec.gov/Archives/edgar/data/1130464/000113046414000056/bkh10k12312013.htm", "calculatedOtherExpenses": 182472000, "calculatedOperatingExpenses": 182472000, "calculatedNetInterest": -110065000, "calculatedOtherIncome": 32053000, "calculatedIncomeNonControlling": 970000, "calculatedEbitda": 396769000}, {"date": "2012-12-31", "symbol": "BKH", "reportedCurrency": "USD", "cik": "0001130464", "fillingDate": "2013-02-25", "acceptedDate": "2013-02-25 14:46:52", "calendarYear": "2012", "period": "FY", "revenue": 1173884000, "costOfRevenue": 735263000, "grossProfit": 438621000, "grossProfitRatio": 0.3736493555, "researchAndDevelopmentExpenses": 0, "generalAndAdministrativeExpenses": 0, "sellingAndMarketingExpenses": 0, "sellingGeneralAndAdministrativeExpenses": 0, "otherExpenses": 2415000, "operatingExpenses": 197171000, "costAndExpenses": 932434000, "interestIncome": 1957000, "interestExpense": 113610000, "depreciationAndAmortization": 154632000, "ebitda": 400454000, "ebitdaratio": 0.3411359214, "operatingIncome": 243711000, "operatingIncomeRatio": 0.2076108031, "totalOtherIncomeExpensesNet": 7098000, "incomeBeforeTax": 136895000, "incomeBeforeTaxRatio": 0.1166171445, "incomeTaxExpense": 48400000, "netIncome": 81528000, "netIncomeRatio": 0.0694514961, "eps": 2.34, "epsdiluted": 2.32, "weightedAverageShsOut": 43820000, "weightedAverageShsOutDil": 44073000, "link": "https://www.sec.gov/Archives/edgar/data/1130464/000113046413000071/0001130464-13-000071-index.htm", "finalLink": "https://www.sec.gov/Archives/edgar/data/1130464/000113046413000071/bkh10k12312012.htm", "calculatedOtherExpenses": 194910000, "calculatedOperatingExpenses": 194910000, "calculatedNetInterest": -111653000, "calculatedOtherIncome": 4837000, "calculatedIncomeNonControlling": 6967000, "calculatedEbitda": 398343000}, {"date": "2011-12-31", "symbol": "BKH", "reportedCurrency": "USD", "cik": "0001130464", "fillingDate": "2012-02-29", "acceptedDate": "2012-02-29 13:19:46", "calendarYear": "2011", "period": "FY", "revenue": 1272188000, "costOfRevenue": 574989000, "grossProfit": 697199000, "grossProfitRatio": 0.548031423, "researchAndDevelopmentExpenses": 0, "generalAndAdministrativeExpenses": 0, "sellingAndMarketingExpenses": 0, "sellingGeneralAndAdministrativeExpenses": 0, "otherExpenses": 510960000, "operatingExpenses": 510960000, "costAndExpenses": 1085949000, "interestIncome": 2017000, "interestExpense": 91383000, "depreciationAndAmortization": 135591000, "ebitda": 323847000, "ebitdaratio": 0.2545590746, "operatingIncome": 186239000, "operatingIncomeRatio": 0.1463926715, "totalOtherIncomeExpensesNet": -38284000, "incomeBeforeTax": 58589000, "incomeBeforeTaxRatio": 0.0460537279, "incomeTaxExpense": 18224000, "netIncome": 40365000, "netIncomeRatio": 0.0317288011, "eps": 1.25, "epsdiluted": 1.24, "weightedAverageShsOut": 39864000, "weightedAverageShsOutDil": 40081000, "link": "https://www.sec.gov/Archives/edgar/data/1130464/000113046412000024/0001130464-12-000024-index.htm", "finalLink": "https://www.sec.gov/Archives/edgar/data/1130464/000113046412000024/bkh10k12312011.htm", "calculatedOtherExpenses": 510960000, "calculatedOperatingExpenses": 510960000, "calculatedNetInterest": -89366000, "calculatedOtherIncome": -38284000, "calculatedIncomeNonControlling": 0, "calculatedEbitda": 321830000}, {"date": "2010-12-31", "symbol": "BKH", "reportedCurrency": "USD", "cik": "0001130464", "fillingDate": "2011-02-25", "acceptedDate": "2011-02-25 15:22:36", "calendarYear": "2010", "period": "FY", "revenue": 1307251000, "costOfRevenue": 626528000, "grossProfit": 680723000, "grossProfitRatio": 0.5207286129, "researchAndDevelopmentExpenses": 0, "generalAndAdministrativeExpenses": 0, "sellingAndMarketingExpenses": 0, "sellingGeneralAndAdministrativeExpenses": 0, "otherExpenses": 486821000, "operatingExpenses": 486821000, "costAndExpenses": 1113349000, "interestIncome": 694000, "interestExpense": 92720000, "depreciationAndAmortization": 126894000, "ebitda": 321490000, "ebitdaratio": 0.2459282877, "operatingIncome": 193902000, "operatingIncomeRatio": 0.1483280564, "totalOtherIncomeExpensesNet": -9452000, "incomeBeforeTax": 92424000, "incomeBeforeTaxRatio": 0.070701036, "incomeTaxExpense": 25298000, "netIncome": 68685000, "netIncomeRatio": 0.0525415548, "eps": 1.76, "epsdiluted": 1.76, "weightedAverageShsOut": 38916000, "weightedAverageShsOutDil": 39091000, "link": "https://www.sec.gov/Archives/edgar/data/1130464/000113046411000027/0001130464-11-000027-index.htm", "finalLink": "https://www.sec.gov/Archives/edgar/data/1130464/000113046411000027/bkh10k123110.htm", "calculatedOtherExpenses": 486821000, "calculatedOperatingExpenses": 486821000, "calculatedNetInterest": -92026000, "calculatedOtherIncome": -9452000, "calculatedIncomeNonControlling": -1559000, "calculatedEbitda": 320796000}, {"date": "2009-12-31", "symbol": "BKH", "reportedCurrency": "USD", "cik": "0001130464", "fillingDate": "2010-02-26", "acceptedDate": "2010-02-26 15:57:25", "calendarYear": "2009", "period": "FY", "revenue": 1269578000, "costOfRevenue": 652750000, "grossProfit": 616828000, "grossProfitRatio": 0.4858527794, "researchAndDevelopmentExpenses": 0, "generalAndAdministrativeExpenses": 154187000, "sellingAndMarketingExpenses": 0, "sellingGeneralAndAdministrativeExpenses": 154187000, "otherExpenses": 292508000, "operatingExpenses": 446695000, "costAndExpenses": 1099445000, "interestIncome": 1612000, "interestExpense": 84690000, "depreciationAndAmortization": 121297000, "ebitda": 293042000, "ebitdaratio": 0.2308184294, "operatingIncome": 126832000, "operatingIncomeRatio": 0.099900912, "totalOtherIncomeExpensesNet": 23673000, "incomeBeforeTax": 110728000, "incomeBeforeTaxRatio": 0.0872163821, "incomeTaxExpense": 33315000, "netIncome": 81555000, "netIncomeRatio": 0.0642378806, "eps": 2.11, "epsdiluted": 2.11, "weightedAverageShsOut": 38614000, "weightedAverageShsOutDil": 38684000, "link": "https://www.sec.gov/Archives/edgar/data/1130464/000113046410000041/0001130464-10-000041-index.htm", "finalLink": "https://www.sec.gov/Archives/edgar/data/1130464/000113046410000041/form10k-bhcform10k2009.htm", "calculatedOtherExpenses": 335809000, "calculatedOperatingExpenses": 489996000, "calculatedNetInterest": -83078000, "calculatedOtherIncome": 66974000, "calculatedIncomeNonControlling": -4142000, "calculatedEbitda": 248129000}, {"date": "2008-12-31", "symbol": "BKH", "reportedCurrency": "USD", "cik": "0001130464", "fillingDate": "2009-03-02", "acceptedDate": "2009-03-02 16:21:09", "calendarYear": "2008", "period": "FY", "revenue": 1005790000, "costOfRevenue": 449742000, "grossProfit": 556048000, "grossProfitRatio": 0.5528470158, "researchAndDevelopmentExpenses": 0, "generalAndAdministrativeExpenses": 138568000, "sellingAndMarketingExpenses": 0, "sellingGeneralAndAdministrativeExpenses": 138568000, "otherExpenses": 361603000, "operatingExpenses": 500171000, "costAndExpenses": 949913000, "interestIncome": 0, "interestExpense": 0, "depreciationAndAmortization": 107263000, "ebitda": 154062000, "ebitdaratio": 0.1531751161, "operatingIncome": 55877000, "operatingIncomeRatio": 0.0555553346, "totalOtherIncomeExpensesNet": 9078000, "incomeBeforeTax": -81562000, "incomeBeforeTaxRatio": -0.0810924746, "incomeTaxExpense": -29395000, "netIncome": 105080000, "netIncomeRatio": 0.1044750892, "eps": 2.75, "epsdiluted": 2.75, "weightedAverageShsOut": 38193000, "weightedAverageShsOutDil": 38193000, "link": "https://www.sec.gov/Archives/edgar/data/1130464/000113046409000099/0001130464-09-000099-index.htm", "finalLink": "https://www.sec.gov/Archives/edgar/data/1130464/000113046409000099/form10k_ye2008.htm", "calculatedOtherExpenses": 361603000, "calculatedOperatingExpenses": 500171000, "calculatedNetInterest": 0, "calculatedOtherIncome": -137439000, "calculatedIncomeNonControlling": -157247000, "calculatedEbitda": 163140000}, {"date": "2007-12-31", "symbol": "BKH", "reportedCurrency": "USD", "cik": "0001130464", "fillingDate": "2008-02-29", "acceptedDate": "2008-02-29 13:42:33", "calendarYear": "2007", "period": "FY", "revenue": 695914000, "costOfRevenue": 175919000, "grossProfit": 519995000, "grossProfitRatio": 0.7472115807, "researchAndDevelopmentExpenses": 0, "generalAndAdministrativeExpenses": 115568000, "sellingAndMarketingExpenses": 0, "sellingGeneralAndAdministrativeExpenses": 115568000, "otherExpenses": 224876000, "operatingExpenses": 340444000, "costAndExpenses": 516363000, "interestIncome": 0, "interestExpense": 0, "depreciationAndAmortization": 99700000, "ebitda": 280119000, "ebitdaratio": 0.4025195642, "operatingIncome": 179551000, "operatingIncomeRatio": 0.2580074549, "totalOtherIncomeExpensesNet": -868000, "incomeBeforeTax": 145765000, "incomeBeforeTaxRatio": 0.2094583526, "incomeTaxExpense": 45641000, "netIncome": 98772000, "netIncomeRatio": 0.1419313306, "eps": 2.66, "epsdiluted": 2.64, "weightedAverageShsOut": 37024000, "weightedAverageShsOutDil": 37414000, "link": "https://www.sec.gov/Archives/edgar/data/1130464/000113046408000105/0001130464-08-000105-index.htm", "finalLink": "https://www.sec.gov/Archives/edgar/data/1130464/000113046408000105/form10k_2007.htm", "calculatedOtherExpenses": 224876000, "calculatedOperatingExpenses": 340444000, "calculatedNetInterest": 0, "calculatedOtherIncome": -33786000, "calculatedIncomeNonControlling": 1352000, "calculatedEbitda": 279251000}, {"date": "2006-12-31", "symbol": "BKH", "reportedCurrency": "USD", "cik": "0001130464", "fillingDate": "2007-03-01", "acceptedDate": "2007-03-01 13:15:11", "calendarYear": "2006", "period": "FY", "revenue": 656882000, "costOfRevenue": 203473000, "grossProfit": 453409000, "grossProfitRatio": 0.6902442143, "researchAndDevelopmentExpenses": 0, "generalAndAdministrativeExpenses": 91883000, "sellingAndMarketingExpenses": 0, "sellingGeneralAndAdministrativeExpenses": 91883000, "otherExpenses": 208854000, "operatingExpenses": 300737000, "costAndExpenses": 504210000, "interestIncome": 0, "interestExpense": 0, "depreciationAndAmortization": 94083000, "ebitda": 244471000, "ebitdaratio": 0.3721688218, "operatingIncome": 152672000, "operatingIncomeRatio": 0.2324192168, "totalOtherIncomeExpensesNet": 2284000, "incomeBeforeTax": 107848000, "incomeBeforeTaxRatio": 0.1641816947, "incomeTaxExpense": 33802000, "netIncome": 81019000, "netIncomeRatio": 0.1233387427, "eps": 2.44, "epsdiluted": 2.42, "weightedAverageShsOut": 33179000, "weightedAverageShsOutDil": 33549000, "link": "https://www.sec.gov/Archives/edgar/data/1130464/000113046407000082/0001130464-07-000082-index.htm", "finalLink": "https://www.sec.gov/Archives/edgar/data/1130464/000113046407000082/form10k_2006.htm", "calculatedOtherExpenses": 208854000, "calculatedOperatingExpenses": 300737000, "calculatedNetInterest": 0, "calculatedOtherIncome": -44824000, "calculatedIncomeNonControlling": -6973000, "calculatedEbitda": 246755000}, {"date": "2005-12-31", "symbol": "BKH", "reportedCurrency": "USD", "cik": "0001130464", "fillingDate": "2006-03-16", "acceptedDate": "2006-03-16 13:54:16", "calendarYear": "2005", "period": "FY", "revenue": 1391644000, "costOfRevenue": 954968000, "grossProfit": 436676000, "grossProfitRatio": 0.3137842724, "researchAndDevelopmentExpenses": 0, "generalAndAdministrativeExpenses": 95751000, "sellingAndMarketingExpenses": 0, "sellingGeneralAndAdministrativeExpenses": 95751000, "otherExpenses": 254989000, "operatingExpenses": 350740000, "costAndExpenses": 1305708000, "interestIncome": 0, "interestExpense": 0, "depreciationAndAmortization": 89306000, "ebitda": 160064000, "ebitdaratio": 0.1150179212, "operatingIncome": 85936000, "operatingIncomeRatio": 0.0617514249, "totalOtherIncomeExpensesNet": 15178000, "incomeBeforeTax": 54059000, "incomeBeforeTaxRatio": 0.0388454231, "incomeTaxExpense": 18299000, "netIncome": 33420000, "netIncomeRatio": 0.0240147624, "eps": 1.02, "epsdiluted": 1, "weightedAverageShsOut": 32765000, "weightedAverageShsOutDil": 33288000, "link": "https://www.sec.gov/Archives/edgar/data/1130464/000113046406000172/0001130464-06-000172-index.htm", "finalLink": "https://www.sec.gov/Archives/edgar/data/1130464/000113046406000172/form10k_2005.htm", "calculatedOtherExpenses": 254989000, "calculatedOperatingExpenses": 350740000, "calculatedNetInterest": 0, "calculatedOtherIncome": -31877000, "calculatedIncomeNonControlling": 2340000, "calculatedEbitda": 175242000}, {"date": "2004-12-31", "symbol": "BKH", "reportedCurrency": "USD", "cik": "0001130464", "fillingDate": "2005-03-16", "acceptedDate": "2005-03-15 19:00:59", "calendarYear": "2004", "period": "FY", "revenue": 1121701000, "costOfRevenue": 703261000, "grossProfit": 418440000, "grossProfitRatio": 0.3730405875, "researchAndDevelopmentExpenses": 0, "generalAndAdministrativeExpenses": 68859000, "sellingAndMarketingExpenses": 0, "sellingGeneralAndAdministrativeExpenses": 68859000, "otherExpenses": 215662000, "operatingExpenses": 284521000, "costAndExpenses": 987782000, "interestIncome": 0, "interestExpense": 0, "depreciationAndAmortization": 87833000, "ebitda": 221448000, "ebitdaratio": 0.1974215945, "operatingIncome": 133919000, "operatingIncomeRatio": 0.1193892133, "totalOtherIncomeExpensesNet": 304000, "incomeBeforeTax": 83953000, "incomeBeforeTaxRatio": 0.0748443658, "incomeTaxExpense": 26704000, "netIncome": 57973000, "netIncomeRatio": 0.0516831134, "eps": 1.78, "epsdiluted": 1.76, "weightedAverageShsOut": 32387000, "weightedAverageShsOutDil": 32912000, "link": "https://www.sec.gov/Archives/edgar/data/1130464/000113046405000116/0001130464-05-000116-index.htm", "finalLink": "https://www.sec.gov/Archives/edgar/data/1130464/000113046405000116/form10k_2004.htm", "calculatedOtherExpenses": 215662000, "calculatedOperatingExpenses": 284521000, "calculatedNetInterest": 0, "calculatedOtherIncome": -49966000, "calculatedIncomeNonControlling": -724000, "calculatedEbitda": 221752000}, {"date": "2003-12-31", "symbol": "BKH", "reportedCurrency": "USD", "cik": "0001130464", "fillingDate": "2004-03-15", "acceptedDate": "2004-03-15 08:08:39", "calendarYear": "2003", "period": "FY", "revenue": 1250052000, "costOfRevenue": 718450000, "grossProfit": 531602000, "grossProfitRatio": 0.425263909, "researchAndDevelopmentExpenses": 0, "generalAndAdministrativeExpenses": 73690000, "sellingAndMarketingExpenses": 0, "sellingGeneralAndAdministrativeExpenses": 73690000, "otherExpenses": 326902000, "operatingExpenses": 400592000, "costAndExpenses": 1119042000, "interestIncome": 0, "interestExpense": 0, "depreciationAndAmortization": 80791000, "ebitda": 204393000, "ebitdaratio": 0.1635075981, "operatingIncome": 131010000, "operatingIncomeRatio": 0.1048036402, "totalOtherIncomeExpensesNet": 7408000, "incomeBeforeTax": 86915000, "incomeBeforeTaxRatio": 0.0695291076, "incomeTaxExpense": 29920000, "netIncome": 61222000, "netIncomeRatio": 0.0489755626, "eps": 2, "epsdiluted": 1.97, "weightedAverageShsOut": 30496000, "weightedAverageShsOutDil": 31015000, "link": "https://www.sec.gov/Archives/edgar/data/1130464/000113046404000110/0001130464-04-000110-index.htm", "finalLink": "https://www.sec.gov/Archives/edgar/data/1130464/000113046404000110/form10k-2003.htm", "calculatedOtherExpenses": 326902000, "calculatedOperatingExpenses": 400592000, "calculatedNetInterest": 0, "calculatedOtherIncome": -44095000, "calculatedIncomeNonControlling": -4227000, "calculatedEbitda": 211801000}, {"date": "2002-12-31", "symbol": "BKH", "reportedCurrency": "USD", "cik": "0001130464", "fillingDate": "2003-03-31", "acceptedDate": "2003-03-28 17:32:35", "calendarYear": "2002", "period": "FY", "revenue": 423919000, "costOfRevenue": 65432000, "grossProfit": 358487000, "grossProfitRatio": 0.8456497586, "researchAndDevelopmentExpenses": 0, "generalAndAdministrativeExpenses": 67864000, "sellingAndMarketingExpenses": 0, "sellingGeneralAndAdministrativeExpenses": 67864000, "otherExpenses": 162610000, "operatingExpenses": 230474000, "costAndExpenses": 295906000, "interestIncome": 0, "interestExpense": 0, "depreciationAndAmortization": 69738000, "ebitda": 189142000, "ebitdaratio": 0.4461748589, "operatingIncome": 128013000, "operatingIncomeRatio": 0.3019751415, "totalOtherIncomeExpensesNet": 8609000, "incomeBeforeTax": 92855000, "incomeBeforeTaxRatio": 0.2190394863, "incomeTaxExpense": 29662000, "netIncome": 61452000, "netIncomeRatio": 0.1449616554, "eps": 2.28, "epsdiluted": 2.26, "weightedAverageShsOut": 26854825, "weightedAverageShsOutDil": 27092478, "link": "https://www.sec.gov/Archives/edgar/data/1130464/000113046403000054/0001130464-03-000054-index.htm", "finalLink": "https://www.sec.gov/Archives/edgar/data/1130464/000113046403000054/form10k-2002.htm", "calculatedOtherExpenses": 162610000, "calculatedOperatingExpenses": 230474000, "calculatedNetInterest": 0, "calculatedOtherIncome": -35158000, "calculatedIncomeNonControlling": 1741000, "calculatedEbitda": 197751000}, {"date": "2001-12-31", "symbol": "BKH", "reportedCurrency": "USD", "cik": "0001130464", "fillingDate": "2002-03-26", "acceptedDate": "2002-03-26 00:00:00", "calendarYear": "2001", "period": "FY", "revenue": 1558558000, "costOfRevenue": 1165144000, "grossProfit": 393414000, "grossProfitRatio": 0.2524217899, "researchAndDevelopmentExpenses": 0, "generalAndAdministrativeExpenses": 80635000, "sellingAndMarketingExpenses": 0, "sellingGeneralAndAdministrativeExpenses": 80635000, "otherExpenses": 142600000, "operatingExpenses": 223235000, "costAndExpenses": 1388379000, "interestIncome": 0, "interestExpense": 0, "depreciationAndAmortization": 54051000, "ebitda": 214354000, "ebitdaratio": 0.1375335406, "operatingIncome": 170179000, "operatingIncomeRatio": 0.1091900334, "totalOtherIncomeExpensesNet": 9876000, "incomeBeforeTax": 138621000, "incomeBeforeTaxRatio": 0.0889418296, "incomeTaxExpense": 50544000, "netIncome": 88077000, "netIncomeRatio": 0.0565118526, "eps": 3.45, "epsdiluted": 3.42, "weightedAverageShsOut": 25376812, "weightedAverageShsOutDil": 25599415, "link": "https://www.sec.gov/Archives/edgar/data/1130464/000113046402000006/0001130464-02-000006-index.htm", "finalLink": "https://www.sec.gov/Archives/edgar/data/1130464/000113046402000006/form10k_01.txt", "calculatedOtherExpenses": 142600000, "calculatedOperatingExpenses": 223235000, "calculatedNetInterest": 0, "calculatedOtherIncome": -31558000, "calculatedIncomeNonControlling": 0, "calculatedEbitda": 224230000}, {"date": "2000-12-31", "symbol": "BKH", "reportedCurrency": "USD", "cik": "0001130464", "fillingDate": "2001-03-19", "acceptedDate": "2001-03-19 00:00:00", "calendarYear": "2000", "period": "FY", "revenue": 1623836000, "costOfRevenue": 1371841000, "grossProfit": 251995000, "grossProfitRatio": 0.1551850064, "researchAndDevelopmentExpenses": 0, "generalAndAdministrativeExpenses": 44423000, "sellingAndMarketingExpenses": 0, "sellingGeneralAndAdministrativeExpenses": 44423000, "otherExpenses": 92822000, "operatingExpenses": 137245000, "costAndExpenses": 1509086000, "interestIncome": 0, "interestExpense": 0, "depreciationAndAmortization": 32864000, "ebitda": 144618000, "ebitdaratio": 0.0890594863, "operatingIncome": 114750000, "operatingIncomeRatio": 0.0706660032, "totalOtherIncomeExpensesNet": 2996000, "incomeBeforeTax": 83206000, "incomeBeforeTaxRatio": 0.0512403962, "incomeTaxExpense": 30358000, "netIncome": 52848000, "netIncomeRatio": 0.0325451585, "eps": 2.39, "epsdiluted": 2.37, "weightedAverageShsOut": 22118000, "weightedAverageShsOutDil": 22281000, "link": "https://www.sec.gov/Archives/edgar/data/1130464/000001240001000024/0000012400-01-000024-index.htm", "finalLink": "https://www.sec.gov/Archives/edgar/data/1130464/000001240001000024/0000012400-01-000024-0001.txt", "calculatedOtherExpenses": 92822000, "calculatedOperatingExpenses": 137245000, "calculatedNetInterest": 0, "calculatedOtherIncome": -31544000, "calculatedIncomeNonControlling": 0, "calculatedEbitda": 147614000}, {"date": "1999-12-31", "symbol": "BKH", "reportedCurrency": "USD", "cik": "0001130464", "fillingDate": "1999-12-31", "acceptedDate": "1999-12-30 19:00:00", "calendarYear": "1999", "period": "FY", "revenue": 791900000, "costOfRevenue": 637300000, "grossProfit": 154600000, "grossProfitRatio": 0.19522667, "researchAndDevelopmentExpenses": 0, "generalAndAdministrativeExpenses": 18300000, "sellingAndMarketingExpenses": 0, "sellingGeneralAndAdministrativeExpenses": 18300000, "otherExpenses": 74500000, "operatingExpenses": 92800000, "costAndExpenses": 730100000, "interestIncome": 0, "interestExpense": 0, "depreciationAndAmortization": 18700000, "ebitda": 80500000, "ebitdaratio": 0.1016542493, "operatingIncome": 61800000, "operatingIncomeRatio": 0.0780401566, "totalOtherIncomeExpensesNet": 6400000, "incomeBeforeTax": 52900000, "incomeBeforeTaxRatio": 0.0668013638, "incomeTaxExpense": 15800000, "netIncome": 37100000, "netIncomeRatio": 0.0468493497, "eps": 1.73, "epsdiluted": 1.73, "weightedAverageShsOut": 21445087, "weightedAverageShsOutDil": 21445087, "link": "", "finalLink": "", "calculatedOtherExpenses": 74500000, "calculatedOperatingExpenses": 92800000, "calculatedNetInterest": 0, "calculatedOtherIncome": -8900000, "calculatedIncomeNonControlling": 0, "calculatedEbitda": 80500000}, {"date": "1998-12-31", "symbol": "BKH", "reportedCurrency": "USD", "cik": "0001130464", "fillingDate": "1998-12-31", "acceptedDate": "1998-12-30 19:00:00", "calendarYear": "1998", "period": "FY", "revenue": 679200000, "costOfRevenue": 531500000, "grossProfit": 147700000, "grossProfitRatio": 0.2174617197, "researchAndDevelopmentExpenses": 0, "generalAndAdministrativeExpenses": 15700000, "sellingAndMarketingExpenses": 0, "sellingGeneralAndAdministrativeExpenses": 15700000, "otherExpenses": 82700000, "operatingExpenses": 98400000, "costAndExpenses": 629900000, "interestIncome": 0, "interestExpense": 0, "depreciationAndAmortization": 21000000, "ebitda": 70300000, "ebitdaratio": 0.1035041225, "operatingIncome": 49300000, "operatingIncomeRatio": 0.0725853946, "totalOtherIncomeExpensesNet": 3000000, "incomeBeforeTax": 37500000, "incomeBeforeTaxRatio": 0.0552120141, "incomeTaxExpense": 11700000, "netIncome": 25800000, "netIncomeRatio": 0.0379858657, "eps": 1.19, "epsdiluted": 1.19, "weightedAverageShsOut": 21680672, "weightedAverageShsOutDil": 21680672, "link": "", "finalLink": "", "calculatedOtherExpenses": 82700000, "calculatedOperatingExpenses": 98400000, "calculatedNetInterest": 0, "calculatedOtherIncome": -11800000, "calculatedIncomeNonControlling": 0, "calculatedEbitda": 70300000}, {"date": "1997-12-31", "symbol": "BKH", "reportedCurrency": "USD", "cik": "0001130464", "fillingDate": "1997-12-31", "acceptedDate": "1997-12-30 19:00:00", "calendarYear": "1997", "period": "FY", "revenue": 313700000, "costOfRevenue": 177100000, "grossProfit": 136600000, "grossProfitRatio": 0.4354478801, "researchAndDevelopmentExpenses": 0, "generalAndAdministrativeExpenses": 11600000, "sellingAndMarketingExpenses": 0, "sellingGeneralAndAdministrativeExpenses": 11600000, "otherExpenses": 66000000, "operatingExpenses": 77600000, "costAndExpenses": 254700000, "interestIncome": 0, "interestExpense": 0, "depreciationAndAmortization": 20600000, "ebitda": 79600000, "ebitdaratio": 0.2537456168, "operatingIncome": 59000000, "operatingIncomeRatio": 0.1880777813, "totalOtherIncomeExpensesNet": 1700000, "incomeBeforeTax": 46700000, "incomeBeforeTaxRatio": 0.1488683456, "incomeTaxExpense": 14300000, "netIncome": 32400000, "netIncomeRatio": 0.1032833918, "eps": 1.49, "epsdiluted": 1.49, "weightedAverageShsOut": 21744966, "weightedAverageShsOutDil": 21744966, "link": "", "finalLink": "", "calculatedOtherExpenses": 66000000, "calculatedOperatingExpenses": 77600000, "calculatedNetInterest": 0, "calculatedOtherIncome": -12300000, "calculatedIncomeNonControlling": 0, "calculatedEbitda": 79600000}, {"date": "1996-12-31", "symbol": "BKH", "reportedCurrency": "USD", "cik": "0001130464", "fillingDate": "1996-12-31", "acceptedDate": "1996-12-30 19:00:00", "calendarYear": "1996", "period": "FY", "revenue": 162600000, "costOfRevenue": 34200000, "grossProfit": 128400000, "grossProfitRatio": 0.7896678967, "researchAndDevelopmentExpenses": 0, "generalAndAdministrativeExpenses": 8500000, "sellingAndMarketingExpenses": 0, "sellingGeneralAndAdministrativeExpenses": 8500000, "otherExpenses": 65600000, "operatingExpenses": 74100000, "costAndExpenses": 108300000, "interestIncome": 0, "interestExpense": 0, "depreciationAndAmortization": 19700000, "ebitda": 74000000, "ebitdaratio": 0.455104551, "operatingIncome": 54300000, "operatingIncomeRatio": 0.3339483395, "totalOtherIncomeExpensesNet": 3100000, "incomeBeforeTax": 43900000, "incomeBeforeTaxRatio": 0.2699876999, "incomeTaxExpense": 13600000, "netIncome": 30300000, "netIncomeRatio": 0.1863468635, "eps": 1.4, "epsdiluted": 1.4, "weightedAverageShsOut": 21642857, "weightedAverageShsOutDil": 21642857, "link": "", "finalLink": "", "calculatedOtherExpenses": 65600000, "calculatedOperatingExpenses": 74100000, "calculatedNetInterest": 0, "calculatedOtherIncome": -10400000, "calculatedIncomeNonControlling": 0, "calculatedEbitda": 74000000}, {"date": "1995-12-31", "symbol": "BKH", "reportedCurrency": "USD", "cik": "0001130464", "fillingDate": "1995-12-31", "acceptedDate": "1995-12-30 19:00:00", "calendarYear": "1995", "period": "FY", "revenue": 149900000, "costOfRevenue": 39300000, "grossProfit": 110600000, "grossProfitRatio": 0.7378252168, "researchAndDevelopmentExpenses": 0, "generalAndAdministrativeExpenses": 9200000, "sellingAndMarketingExpenses": 0, "sellingGeneralAndAdministrativeExpenses": 9200000, "otherExpenses": 59200000, "operatingExpenses": 68400000, "costAndExpenses": 107700000, "interestIncome": 0, "interestExpense": 0, "depreciationAndAmortization": 17300000, "ebitda": 59500000, "ebitdaratio": 0.3969312875, "operatingIncome": 42200000, "operatingIncomeRatio": 0.281521014, "totalOtherIncomeExpensesNet": 2400000, "incomeBeforeTax": 36300000, "incomeBeforeTaxRatio": 0.242161441, "incomeTaxExpense": 10700000, "netIncome": 25600000, "netIncomeRatio": 0.1707805203, "eps": 1.19, "epsdiluted": 1.19, "weightedAverageShsOut": 21512605, "weightedAverageShsOutDil": 21512605, "link": "", "finalLink": "", "calculatedOtherExpenses": 59200000, "calculatedOperatingExpenses": 68400000, "calculatedNetInterest": 0, "calculatedOtherIncome": -5900000, "calculatedIncomeNonControlling": 0, "calculatedEbitda": 59500000}, {"date": "1994-12-31", "symbol": "BKH", "reportedCurrency": "USD", "cik": "0001130464", "fillingDate": "1994-12-31", "acceptedDate": "1994-12-30 19:00:00", "calendarYear": "1994", "period": "FY", "revenue": 145500000, "costOfRevenue": 42000000, "grossProfit": 103500000, "grossProfitRatio": 0.7113402062, "researchAndDevelopmentExpenses": 0, "generalAndAdministrativeExpenses": 7900000, "sellingAndMarketingExpenses": 0, "sellingGeneralAndAdministrativeExpenses": 7900000, "otherExpenses": 56800000, "operatingExpenses": 64700000, "costAndExpenses": 106700000, "interestIncome": 0, "interestExpense": 0, "depreciationAndAmortization": 15900000, "ebitda": 54700000, "ebitdaratio": 0.3759450172, "operatingIncome": 38800000, "operatingIncomeRatio": 0.2666666667, "totalOtherIncomeExpensesNet": 1800000, "incomeBeforeTax": 34200000, "incomeBeforeTaxRatio": 0.2350515464, "incomeTaxExpense": 10400000, "netIncome": 23800000, "netIncomeRatio": 0.1635738832, "eps": 1.11, "epsdiluted": 1.11, "weightedAverageShsOut": 21441441, "weightedAverageShsOutDil": 21441441, "link": "", "finalLink": "", "calculatedOtherExpenses": 56800000, "calculatedOperatingExpenses": 64700000, "calculatedNetInterest": 0, "calculatedOtherIncome": -4600000, "calculatedIncomeNonControlling": 0, "calculatedEbitda": 54700000}, {"date": "1993-12-31", "symbol": "BKH", "reportedCurrency": "USD", "cik": "0001130464", "fillingDate": "1993-12-31", "acceptedDate": "1993-12-30 19:00:00", "calendarYear": "1993", "period": "FY", "revenue": 139400000, "costOfRevenue": 0, "grossProfit": 139400000, "grossProfitRatio": 1, "researchAndDevelopmentExpenses": 0, "generalAndAdministrativeExpenses": 0, "sellingAndMarketingExpenses": 0, "sellingGeneralAndAdministrativeExpenses": 0, "otherExpenses": 0, "operatingExpenses": 0, "costAndExpenses": 0, "interestIncome": 0, "interestExpense": 0, "depreciationAndAmortization": 0, "ebitda": 139400000, "ebitdaratio": 1, "operatingIncome": 139400000, "operatingIncomeRatio": 1, "totalOtherIncomeExpensesNet": 0, "incomeBeforeTax": 0, "incomeBeforeTaxRatio": 0, "incomeTaxExpense": -22900000, "netIncome": 22900000, "netIncomeRatio": 0.1642754663, "eps": 1.11, "epsdiluted": 1.11, "weightedAverageShsOut": 20630631, "weightedAverageShsOutDil": 20630631, "link": "", "finalLink": "", "calculatedOtherExpenses": 0, "calculatedOperatingExpenses": 0, "calculatedNetInterest": 0, "calculatedOtherIncome": -139400000, "calculatedIncomeNonControlling": 0, "calculatedEbitda": 139400000}, {"date": "1992-12-31", "symbol": "BKH", "reportedCurrency": "USD", "cik": "0001130464", "fillingDate": "1992-12-31", "acceptedDate": "1992-12-30 19:00:00", "calendarYear": "1992", "period": "FY", "revenue": 135300000, "costOfRevenue": 0, "grossProfit": 135300000, "grossProfitRatio": 1, "researchAndDevelopmentExpenses": 0, "generalAndAdministrativeExpenses": 0, "sellingAndMarketingExpenses": 0, "sellingGeneralAndAdministrativeExpenses": 0, "otherExpenses": 0, "operatingExpenses": 0, "costAndExpenses": 0, "interestIncome": 0, "interestExpense": 0, "depreciationAndAmortization": 0, "ebitda": 135300000, "ebitdaratio": 1, "operatingIncome": 135300000, "operatingIncomeRatio": 1, "totalOtherIncomeExpensesNet": 0, "incomeBeforeTax": 0, "incomeBeforeTaxRatio": 0, "incomeTaxExpense": -23600000, "netIncome": 23600000, "netIncomeRatio": 0.1744271988, "eps": 1.15, "epsdiluted": 1.15, "weightedAverageShsOut": 20521739, "weightedAverageShsOutDil": 20521739, "link": "", "finalLink": "", "calculatedOtherExpenses": 0, "calculatedOperatingExpenses": 0, "calculatedNetInterest": 0, "calculatedOtherIncome": -135300000, "calculatedIncomeNonControlling": 0, "calculatedEbitda": 135300000}, {"date": "1991-12-31", "symbol": "BKH", "reportedCurrency": "USD", "cik": "0001130464", "fillingDate": "1991-12-31", "acceptedDate": "1991-12-30 19:00:00", "calendarYear": "1991", "period": "FY", "revenue": 133400000, "costOfRevenue": 0, "grossProfit": 133400000, "grossProfitRatio": 1, "researchAndDevelopmentExpenses": 0, "generalAndAdministrativeExpenses": 0, "sellingAndMarketingExpenses": 0, "sellingGeneralAndAdministrativeExpenses": 0, "otherExpenses": 0, "operatingExpenses": 0, "costAndExpenses": 0, "interestIncome": 0, "interestExpense": 0, "depreciationAndAmortization": 0, "ebitda": 133400000, "ebitdaratio": 1, "operatingIncome": 133400000, "operatingIncomeRatio": 1, "totalOtherIncomeExpensesNet": 0, "incomeBeforeTax": 0, "incomeBeforeTaxRatio": 0, "incomeTaxExpense": -22700000, "netIncome": 22700000, "netIncomeRatio": 0.1701649175, "eps": 1.11, "epsdiluted": 1.11, "weightedAverageShsOut": 20450450, "weightedAverageShsOutDil": 20450450, "link": "", "finalLink": "", "calculatedOtherExpenses": 0, "calculatedOperatingExpenses": 0, "calculatedNetInterest": 0, "calculatedOtherIncome": -133400000, "calculatedIncomeNonControlling": 0, "calculatedEbitda": 133400000}, {"date": "1990-12-31", "symbol": "BKH", "reportedCurrency": "USD", "cik": "0001130464", "fillingDate": "1990-12-31", "acceptedDate": "1990-12-30 19:00:00", "calendarYear": "1990", "period": "FY", "revenue": 127500000, "costOfRevenue": 0, "grossProfit": 127500000, "grossProfitRatio": 1, "researchAndDevelopmentExpenses": 0, "generalAndAdministrativeExpenses": 0, "sellingAndMarketingExpenses": 0, "sellingGeneralAndAdministrativeExpenses": 0, "otherExpenses": 0, "operatingExpenses": 0, "costAndExpenses": 0, "interestIncome": 0, "interestExpense": 0, "depreciationAndAmortization": 0, "ebitda": 127500000, "ebitdaratio": 1, "operatingIncome": 127500000, "operatingIncomeRatio": 1, "totalOtherIncomeExpensesNet": 0, "incomeBeforeTax": 0, "incomeBeforeTaxRatio": 0, "incomeTaxExpense": -22900000, "netIncome": 22900000, "netIncomeRatio": 0.1796078431, "eps": 1.11, "epsdiluted": 1.11, "weightedAverageShsOut": 20630631, "weightedAverageShsOutDil": 20630631, "link": "", "finalLink": "", "calculatedOtherExpenses": 0, "calculatedOperatingExpenses": 0, "calculatedNetInterest": 0, "calculatedOtherIncome": -127500000, "calculatedIncomeNonControlling": 0, "calculatedEbitda": 127500000}, {"date": "1989-12-31", "symbol": "BKH", "reportedCurrency": "USD", "cik": "0001130464", "fillingDate": "1989-12-31", "acceptedDate": "1989-12-30 19:00:00", "calendarYear": "1989", "period": "FY", "revenue": 120000000, "costOfRevenue": 0, "grossProfit": 120000000, "grossProfitRatio": 1, "researchAndDevelopmentExpenses": 0, "generalAndAdministrativeExpenses": 0, "sellingAndMarketingExpenses": 0, "sellingGeneralAndAdministrativeExpenses": 0, "otherExpenses": 0, "operatingExpenses": 0, "costAndExpenses": 0, "interestIncome": 0, "interestExpense": 0, "depreciationAndAmortization": 0, "ebitda": 120000000, "ebitdaratio": 1, "operatingIncome": 120000000, "operatingIncomeRatio": 1, "totalOtherIncomeExpensesNet": 0, "incomeBeforeTax": 0, "incomeBeforeTaxRatio": 0, "incomeTaxExpense": -21100000, "netIncome": 21100000, "netIncomeRatio": 0.1758333333, "eps": 1.03, "epsdiluted": 1.03, "weightedAverageShsOut": 20485437, "weightedAverageShsOutDil": 20485437, "link": "", "finalLink": "", "calculatedOtherExpenses": 0, "calculatedOperatingExpenses": 0, "calculatedNetInterest": 0, "calculatedOtherIncome": -120000000, "calculatedIncomeNonControlling": 0, "calculatedEbitda": 120000000}, {"date": "1988-12-31", "symbol": "BKH", "reportedCurrency": "USD", "cik": "0001130464", "fillingDate": "1988-12-31", "acceptedDate": "1988-12-30 19:00:00", "calendarYear": "1988", "period": "FY", "revenue": 283900000, "costOfRevenue": 0, "grossProfit": 283900000, "grossProfitRatio": 1, "researchAndDevelopmentExpenses": 0, "generalAndAdministrativeExpenses": 0, "sellingAndMarketingExpenses": 0, "sellingGeneralAndAdministrativeExpenses": 0, "otherExpenses": 0, "operatingExpenses": 0, "costAndExpenses": 0, "interestIncome": 0, "interestExpense": 0, "depreciationAndAmortization": 0, "ebitda": 283900000, "ebitdaratio": 1, "operatingIncome": 283900000, "operatingIncomeRatio": 1, "totalOtherIncomeExpensesNet": 0, "incomeBeforeTax": 0, "incomeBeforeTaxRatio": 0, "incomeTaxExpense": -21900000, "netIncome": 21900000, "netIncomeRatio": 0.077139838, "eps": 1.05, "epsdiluted": 1.05, "weightedAverageShsOut": 20666667, "weightedAverageShsOutDil": 20666667, "link": "", "finalLink": "", "calculatedOtherExpenses": 0, "calculatedOperatingExpenses": 0, "calculatedNetInterest": 0, "calculatedOtherIncome": -283900000, "calculatedIncomeNonControlling": 0, "calculatedEbitda": 283900000}, {"date": "1987-12-31", "symbol": "BKH", "reportedCurrency": "USD", "cik": "0001130464", "fillingDate": "1987-12-31", "acceptedDate": "1987-12-30 19:00:00", "calendarYear": "1987", "period": "FY", "revenue": 122400000, "costOfRevenue": 0, "grossProfit": 122400000, "grossProfitRatio": 1, "researchAndDevelopmentExpenses": 0, "generalAndAdministrativeExpenses": 0, "sellingAndMarketingExpenses": 0, "sellingGeneralAndAdministrativeExpenses": 0, "otherExpenses": 0, "operatingExpenses": 0, "costAndExpenses": 0, "interestIncome": 0, "interestExpense": 0, "depreciationAndAmortization": 0, "ebitda": 122400000, "ebitdaratio": 1, "operatingIncome": 122400000, "operatingIncomeRatio": 1, "totalOtherIncomeExpensesNet": 0, "incomeBeforeTax": 0, "incomeBeforeTaxRatio": 0, "incomeTaxExpense": -20400000, "netIncome": 20400000, "netIncomeRatio": 0.1666666667, "eps": 0.97, "epsdiluted": 0.97, "weightedAverageShsOut": 20412371, "weightedAverageShsOutDil": 20412371, "link": "", "finalLink": "", "calculatedOtherExpenses": 0, "calculatedOperatingExpenses": 0, "calculatedNetInterest": 0, "calculatedOtherIncome": -122400000, "calculatedIncomeNonControlling": 0, "calculatedEbitda": 122400000}, {"date": "1986-12-31", "symbol": "BKH", "reportedCurrency": "USD", "cik": "0001130464", "fillingDate": "1986-12-31", "acceptedDate": "1986-12-30 19:00:00", "calendarYear": "1986", "period": "FY", "revenue": 111900000, "costOfRevenue": 0, "grossProfit": 111900000, "grossProfitRatio": 1, "researchAndDevelopmentExpenses": 0, "generalAndAdministrativeExpenses": 0, "sellingAndMarketingExpenses": 0, "sellingGeneralAndAdministrativeExpenses": 0, "otherExpenses": 0, "operatingExpenses": 0, "costAndExpenses": 0, "interestIncome": 0, "interestExpense": 0, "depreciationAndAmortization": 0, "ebitda": 111900000, "ebitdaratio": 1, "operatingIncome": 111900000, "operatingIncomeRatio": 1, "totalOtherIncomeExpensesNet": 0, "incomeBeforeTax": 0, "incomeBeforeTaxRatio": 0, "incomeTaxExpense": -15800000, "netIncome": 15800000, "netIncomeRatio": 0.1411974978, "eps": 0.74, "epsdiluted": 0.74, "weightedAverageShsOut": 20405405, "weightedAverageShsOutDil": 20405405, "link": "", "finalLink": "", "calculatedOtherExpenses": 0, "calculatedOperatingExpenses": 0, "calculatedNetInterest": 0, "calculatedOtherIncome": -111900000, "calculatedIncomeNonControlling": 0, "calculatedEbitda": 111900000}, {"date": "1985-12-31", "symbol": "BKH", "reportedCurrency": "USD", "cik": "0001130464", "fillingDate": "1985-12-31", "acceptedDate": "1985-12-30 19:00:00", "calendarYear": "1985", "period": "FY", "revenue": 113900000, "costOfRevenue": 0, "grossProfit": 113900000, "grossProfitRatio": 1, "researchAndDevelopmentExpenses": 0, "generalAndAdministrativeExpenses": 0, "sellingAndMarketingExpenses": 0, "sellingGeneralAndAdministrativeExpenses": 0, "otherExpenses": 0, "operatingExpenses": 0, "costAndExpenses": 0, "interestIncome": 0, "interestExpense": 0, "depreciationAndAmortization": 0, "ebitda": 113900000, "ebitdaratio": 1, "operatingIncome": 113900000, "operatingIncomeRatio": 1, "totalOtherIncomeExpensesNet": 0, "incomeBeforeTax": 0, "incomeBeforeTaxRatio": 0, "incomeTaxExpense": -18000000, "netIncome": 18000000, "netIncomeRatio": 0.1580333626, "eps": 0.85, "epsdiluted": 0.85, "weightedAverageShsOut": 20117647, "weightedAverageShsOutDil": 20117647, "link": "", "finalLink": "", "calculatedOtherExpenses": 0, "calculatedOperatingExpenses": 0, "calculatedNetInterest": 0, "calculatedOtherIncome": -113900000, "calculatedIncomeNonControlling": 0, "calculatedEbitda": 113900000}]}