{"originalCurrency": "USD", "convertedCurrency": "USD", "report": [{"date": "2023-12-31", "symbol": "BKR", "reportedCurrency": "USD", "cik": "0001701605", "fillingDate": "2024-02-05", "acceptedDate": "2024-02-05 07:52:57", "calendarYear": "2023", "period": "FY", "revenue": 25506000000, "costOfRevenue": 20255000000, "grossProfit": 5251000000, "grossProfitRatio": 0.2058731279, "researchAndDevelopmentExpenses": 658000000, "generalAndAdministrativeExpenses": 0, "sellingAndMarketingExpenses": 0, "sellingGeneralAndAdministrativeExpenses": 2611000000, "otherExpenses": 554000000, "operatingExpenses": 2611000000, "costAndExpenses": 22866000000, "interestIncome": 0, "interestExpense": 216000000, "depreciationAndAmortization": 1087000000, "ebitda": 4281000000, "ebitdaratio": 0.1678428605, "operatingIncome": 2317000000, "operatingIncomeRatio": 0.0908413707, "totalOtherIncomeExpensesNet": 231000000, "incomeBeforeTax": 2655000000, "incomeBeforeTaxRatio": 0.1040931546, "incomeTaxExpense": 685000000, "netIncome": 1943000000, "netIncomeRatio": 0.0761781542, "eps": 1.93, "epsdiluted": 1.91, "weightedAverageShsOut": 1008000000, "weightedAverageShsOutDil": 1015000000, "link": "https://www.sec.gov/Archives/edgar/data/1701605/000170160524000033/0001701605-24-000033-index.htm", "finalLink": "https://www.sec.gov/Archives/edgar/data/1701605/000170160524000033/bkr-20231231.htm", "calculatedOtherExpenses": -335000000, "calculatedOperatingExpenses": 2934000000, "calculatedNetInterest": -216000000, "calculatedOtherIncome": 554000000, "calculatedIncomeNonControlling": 27000000, "calculatedEbitda": 3404000000}, {"date": "2022-12-31", "symbol": "BKR", "reportedCurrency": "USD", "cik": "0001701605", "fillingDate": "2023-02-14", "acceptedDate": "2023-02-14 16:16:46", "calendarYear": "2022", "period": "FY", "revenue": 21156000000, "costOfRevenue": 16756000000, "grossProfit": 4400000000, "grossProfitRatio": 0.207978824, "researchAndDevelopmentExpenses": 556000000, "generalAndAdministrativeExpenses": 0, "sellingAndMarketingExpenses": 0, "sellingGeneralAndAdministrativeExpenses": 2510000000, "otherExpenses": -911000000, "operatingExpenses": 2510000000, "costAndExpenses": 19266000000, "interestIncome": 252000000, "interestExpense": 252000000, "depreciationAndAmortization": 855000000, "ebitda": 2040000000, "ebitdaratio": 0.0964265457, "operatingIncome": 1185000000, "operatingIncomeRatio": 0.0560124787, "totalOtherIncomeExpensesNet": -1163000000, "incomeBeforeTax": 22000000, "incomeBeforeTaxRatio": 0.0010398941, "incomeTaxExpense": 600000000, "netIncome": -578000000, "netIncomeRatio": -0.0273208546, "eps": -0.59, "epsdiluted": -0.59, "weightedAverageShsOut": 987000000, "weightedAverageShsOutDil": 987000000, "link": "https://www.sec.gov/Archives/edgar/data/1701605/000170160523000044/0001701605-23-000044-index.htm", "finalLink": "https://www.sec.gov/Archives/edgar/data/1701605/000170160523000044/bkr-20221231.htm", "calculatedOtherExpenses": 149000000, "calculatedOperatingExpenses": 3215000000, "calculatedNetInterest": 0, "calculatedOtherIncome": -1163000000, "calculatedIncomeNonControlling": 0, "calculatedEbitda": 2040000000}, {"date": "2021-12-31", "symbol": "BKR", "reportedCurrency": "USD", "cik": "0001701605", "fillingDate": "2022-02-11", "acceptedDate": "2022-02-11 16:42:53", "calendarYear": "2021", "period": "FY", "revenue": 20536000000, "costOfRevenue": 16487000000, "grossProfit": 4049000000, "grossProfitRatio": 0.1971659525, "researchAndDevelopmentExpenses": 492000000, "generalAndAdministrativeExpenses": 0, "sellingAndMarketingExpenses": 0, "sellingGeneralAndAdministrativeExpenses": 2470000000, "otherExpenses": -583000000, "operatingExpenses": 2470000000, "costAndExpenses": 18957000000, "interestIncome": 271000000, "interestExpense": 299000000, "depreciationAndAmortization": 1105000000, "ebitda": 2101000000, "ebitdaratio": 0.1023081418, "operatingIncome": 996000000, "operatingIncomeRatio": 0.0485001948, "totalOtherIncomeExpensesNet": -568000000, "incomeBeforeTax": 428000000, "incomeBeforeTaxRatio": 0.0208414492, "incomeTaxExpense": 758000000, "netIncome": -330000000, "netIncomeRatio": -0.0160693416, "eps": -0.4, "epsdiluted": -0.4, "weightedAverageShsOut": 824000000, "weightedAverageShsOutDil": 824000000, "link": "https://www.sec.gov/Archives/edgar/data/1701605/000170160522000050/0001701605-22-000050-index.htm", "finalLink": "https://www.sec.gov/Archives/edgar/data/1701605/000170160522000050/bkr-20211231.htm", "calculatedOtherExpenses": 91000000, "calculatedOperatingExpenses": 3053000000, "calculatedNetInterest": -28000000, "calculatedOtherIncome": -540000000, "calculatedIncomeNonControlling": 0, "calculatedEbitda": 2101000000}, {"date": "2020-12-31", "symbol": "BKR", "reportedCurrency": "USD", "cik": "0001701605", "fillingDate": "2021-02-25", "acceptedDate": "2021-02-25 16:07:29", "calendarYear": "2020", "period": "FY", "revenue": 20705000000, "costOfRevenue": 17506000000, "grossProfit": 3199000000, "grossProfitRatio": 0.1545037431, "researchAndDevelopmentExpenses": 595000000, "generalAndAdministrativeExpenses": 0, "sellingAndMarketingExpenses": 0, "sellingGeneralAndAdministrativeExpenses": 2404000000, "otherExpenses": 1040000000, "operatingExpenses": 2404000000, "costAndExpenses": 19910000000, "interestIncome": 264000000, "interestExpense": 264000000, "depreciationAndAmortization": 1317000000, "ebitda": 3152000000, "ebitdaratio": 0.15223376, "operatingIncome": 1835000000, "operatingIncomeRatio": 0.0886259358, "totalOtherIncomeExpensesNet": -17037000000, "incomeBeforeTax": -15202000000, "incomeBeforeTaxRatio": -0.7342187877, "incomeTaxExpense": 559000000, "netIncome": -15761000000, "netIncomeRatio": -0.7612170973, "eps": -23.35, "epsdiluted": -23.35, "weightedAverageShsOut": 675000000, "weightedAverageShsOutDil": 675000000, "link": "https://www.sec.gov/Archives/edgar/data/1701605/000170160521000026/0001701605-21-000026-index.htm", "finalLink": "https://www.sec.gov/Archives/edgar/data/1701605/000170160521000026/bkr-20201231.htm", "calculatedOtherExpenses": -1635000000, "calculatedOperatingExpenses": 1364000000, "calculatedNetInterest": 0, "calculatedOtherIncome": -17037000000, "calculatedIncomeNonControlling": 0, "calculatedEbitda": 3152000000}, {"date": "2019-12-31", "symbol": "BKR", "reportedCurrency": "USD", "cik": "0001701605", "fillingDate": "2020-02-13", "acceptedDate": "2020-02-13 16:18:34", "calendarYear": "2019", "period": "FY", "revenue": 23838000000, "costOfRevenue": 19406000000, "grossProfit": 4432000000, "grossProfitRatio": 0.1859216377, "researchAndDevelopmentExpenses": 687000000, "generalAndAdministrativeExpenses": 0, "sellingAndMarketingExpenses": 0, "sellingGeneralAndAdministrativeExpenses": 2832000000, "otherExpenses": -84000000, "operatingExpenses": 2832000000, "costAndExpenses": 22238000000, "interestIncome": 237000000, "interestExpense": 237000000, "depreciationAndAmortization": 1418000000, "ebitda": 2934000000, "ebitdaratio": 0.1230807954, "operatingIncome": 1516000000, "operatingIncomeRatio": 0.0635959393, "totalOtherIncomeExpensesNet": -763000000, "incomeBeforeTax": 753000000, "incomeBeforeTaxRatio": 0.0315882205, "incomeTaxExpense": 482000000, "netIncome": 271000000, "netIncomeRatio": 0.0113684034, "eps": 0.49, "epsdiluted": 0.49, "weightedAverageShsOut": 555000000, "weightedAverageShsOutDil": 557000000, "link": "https://www.sec.gov/Archives/edgar/data/1701605/000170160520000019/0001701605-20-000019-index.htm", "finalLink": "https://www.sec.gov/Archives/edgar/data/1701605/000170160520000019/fiscalyear2019form10-k.htm", "calculatedOtherExpenses": -603000000, "calculatedOperatingExpenses": 2916000000, "calculatedNetInterest": 0, "calculatedOtherIncome": -763000000, "calculatedIncomeNonControlling": 0, "calculatedEbitda": 2934000000}, {"date": "2018-12-31", "symbol": "BKR", "reportedCurrency": "USD", "cik": "0001701605", "fillingDate": "2019-02-19", "acceptedDate": "2019-02-19 16:55:51", "calendarYear": "2018", "period": "FY", "revenue": 22877000000, "costOfRevenue": 18891000000, "grossProfit": 3986000000, "grossProfitRatio": 0.1742361324, "researchAndDevelopmentExpenses": 700000000, "generalAndAdministrativeExpenses": 0, "sellingAndMarketingExpenses": 0, "sellingGeneralAndAdministrativeExpenses": 2699000000, "otherExpenses": 202000000, "operatingExpenses": 2699000000, "costAndExpenses": 21590000000, "interestIncome": 0, "interestExpense": 223000000, "depreciationAndAmortization": 1486000000, "ebitda": 2836000000, "ebitdaratio": 0.1239673034, "operatingIncome": 701000000, "operatingIncomeRatio": 0.0306421296, "totalOtherIncomeExpensesNet": -523000000, "incomeBeforeTax": 541000000, "incomeBeforeTaxRatio": 0.0236482056, "incomeTaxExpense": 258000000, "netIncome": 195000000, "netIncomeRatio": 0.0085238449, "eps": 0.46, "epsdiluted": 0.45, "weightedAverageShsOut": 423913043, "weightedAverageShsOutDil": 433333333, "link": "https://www.sec.gov/Archives/edgar/data/1701605/000170160519000021/0001701605-19-000021-index.htm", "finalLink": "https://www.sec.gov/Archives/edgar/data/1701605/000170160519000021/fiscalyear2018form10-k.htm", "calculatedOtherExpenses": -114000000, "calculatedOperatingExpenses": 3285000000, "calculatedNetInterest": -223000000, "calculatedOtherIncome": 63000000, "calculatedIncomeNonControlling": 88000000, "calculatedEbitda": 2187000000}, {"date": "2017-12-31", "symbol": "BKR", "reportedCurrency": "USD", "cik": "0001701605", "fillingDate": "2018-02-23", "acceptedDate": "2018-02-23 17:17:47", "calendarYear": "2017", "period": "FY", "revenue": 17179000000, "costOfRevenue": 14143000000, "grossProfit": 3036000000, "grossProfitRatio": 0.1767273997, "researchAndDevelopmentExpenses": 501000000, "generalAndAdministrativeExpenses": 0, "sellingAndMarketingExpenses": 0, "sellingGeneralAndAdministrativeExpenses": 2535000000, "otherExpenses": 80000000, "operatingExpenses": 2535000000, "costAndExpenses": 16678000000, "interestIncome": 0, "interestExpense": 131000000, "depreciationAndAmortization": 1103000000, "ebitda": 1673000000, "ebitdaratio": 0.0973863438, "operatingIncome": -284000000, "operatingIncomeRatio": -0.0165318121, "totalOtherIncomeExpensesNet": -716000000, "incomeBeforeTax": -346000000, "incomeBeforeTaxRatio": -0.0201408697, "incomeTaxExpense": 45000000, "netIncome": -61000000, "netIncomeRatio": -0.003550847, "eps": -0.14, "epsdiluted": -0.14, "weightedAverageShsOut": 427000000, "weightedAverageShsOutDil": 427000000, "link": "https://www.sec.gov/Archives/edgar/data/1701605/000170160518000029/0001701605-18-000029-index.htm", "finalLink": "https://www.sec.gov/Archives/edgar/data/1701605/000170160518000029/fiscalyear2017form10-k.htm", "calculatedOtherExpenses": 284000000, "calculatedOperatingExpenses": 3320000000, "calculatedNetInterest": -131000000, "calculatedOtherIncome": 69000000, "calculatedIncomeNonControlling": -330000000, "calculatedEbitda": 819000000}, {"date": "2016-12-31", "symbol": "BKR", "reportedCurrency": "USD", "cik": "0001701605", "fillingDate": "2016-12-31", "acceptedDate": "2016-12-30 19:00:00", "calendarYear": "2016", "period": "FY", "revenue": 13269000000, "costOfRevenue": 10123000000, "grossProfit": 3146000000, "grossProfitRatio": 0.2370939784, "researchAndDevelopmentExpenses": 352000000, "generalAndAdministrativeExpenses": 0, "sellingAndMarketingExpenses": 0, "sellingGeneralAndAdministrativeExpenses": 1938000000, "otherExpenses": 27000000, "operatingExpenses": 1938000000, "costAndExpenses": 12061000000, "interestIncome": 0, "interestExpense": 102000000, "depreciationAndAmortization": 550000000, "ebitda": 1785000000, "ebitdaratio": 0.1345240787, "operatingIncome": 659000000, "operatingIncomeRatio": 0.0496646318, "totalOtherIncomeExpensesNet": -522000000, "incomeBeforeTax": 584000000, "incomeBeforeTaxRatio": 0.0440123596, "incomeTaxExpense": 250000000, "netIncome": 403000000, "netIncomeRatio": 0.0303715427, "eps": 0.94, "epsdiluted": 0.94, "weightedAverageShsOut": 429000000, "weightedAverageShsOutDil": 430000000, "link": null, "finalLink": null, "calculatedOtherExpenses": 197000000, "calculatedOperatingExpenses": 2487000000, "calculatedNetInterest": -102000000, "calculatedOtherIncome": 27000000, "calculatedIncomeNonControlling": -69000000, "calculatedEbitda": 1209000000}, {"date": "2015-12-31", "symbol": "BKR", "reportedCurrency": "USD", "cik": "0001701605", "fillingDate": "2015-12-31", "acceptedDate": "2015-12-30 19:00:00", "calendarYear": "2015", "period": "FY", "revenue": 16688000000, "costOfRevenue": 12193000000, "grossProfit": 4495000000, "grossProfitRatio": 0.2693552253, "researchAndDevelopmentExpenses": 408000000, "generalAndAdministrativeExpenses": 0, "sellingAndMarketingExpenses": 0, "sellingGeneralAndAdministrativeExpenses": 2115000000, "otherExpenses": 100000000, "operatingExpenses": 2115000000, "costAndExpenses": 14308000000, "interestIncome": 0, "interestExpense": 120000000, "depreciationAndAmortization": 530000000, "ebitda": 3010000000, "ebitdaratio": 0.1803691275, "operatingIncome": -138000000, "operatingIncomeRatio": -0.0082694151, "totalOtherIncomeExpensesNet": -2418000000, "incomeBeforeTax": -158000000, "incomeBeforeTaxRatio": -0.0094678811, "incomeTaxExpense": 473000000, "netIncome": -606000000, "netIncomeRatio": -0.0363135187, "eps": -1.41, "epsdiluted": -1.41, "weightedAverageShsOut": 429000000, "weightedAverageShsOutDil": 430000000, "link": null, "finalLink": null, "calculatedOtherExpenses": 2110000000, "calculatedOperatingExpenses": 4633000000, "calculatedNetInterest": -120000000, "calculatedOtherIncome": 100000000, "calculatedIncomeNonControlling": -25000000, "calculatedEbitda": 392000000}, {"date": "2014-12-31", "symbol": "BKR", "reportedCurrency": "USD", "cik": "0001701605", "fillingDate": "2014-12-31", "acceptedDate": "2014-12-30 19:00:00", "calendarYear": "2014", "period": "FY", "revenue": 19191000000, "costOfRevenue": 14280000000, "grossProfit": 4911000000, "grossProfitRatio": 0.2559012037, "researchAndDevelopmentExpenses": 420000000, "generalAndAdministrativeExpenses": 0, "sellingAndMarketingExpenses": 0, "sellingGeneralAndAdministrativeExpenses": 2402000000, "otherExpenses": 0, "operatingExpenses": 2389000000, "costAndExpenses": 16669000000, "interestIncome": 186000000, "interestExpense": 0, "depreciationAndAmortization": 586000000, "ebitda": 3095000000, "ebitdaratio": 0.1612735136, "operatingIncome": 2509000000, "operatingIncomeRatio": 0.1307383669, "totalOtherIncomeExpensesNet": -173000000, "incomeBeforeTax": 2336000000, "incomeBeforeTaxRatio": 0.1217237247, "incomeTaxExpense": 484000000, "netIncome": 1840000000, "netIncomeRatio": 0.0958782763, "eps": 0, "epsdiluted": 0, "weightedAverageShsOut": 0, "weightedAverageShsOutDil": 0, "link": null, "finalLink": null, "calculatedOtherExpenses": -420000000, "calculatedOperatingExpenses": 2402000000, "calculatedNetInterest": 186000000, "calculatedOtherIncome": -359000000, "calculatedIncomeNonControlling": 12000000, "calculatedEbitda": 3095000000}]}