{"originalCurrency": "USD", "convertedCurrency": "USD", "report": [{"date": "2023-12-31", "symbol": "BKU", "reportedCurrency": "USD", "cik": "0001504008", "fillingDate": "2024-02-20", "acceptedDate": "2024-02-20 17:09:58", "calendarYear": "2023", "period": "FY", "revenue": 1944419000, "costOfRevenue": 0, "grossProfit": 1944419000, "grossProfitRatio": 1, "researchAndDevelopmentExpenses": 0, "generalAndAdministrativeExpenses": 347491000, "sellingAndMarketingExpenses": 0, "sellingGeneralAndAdministrativeExpenses": 347491000, "otherExpenses": -267416000, "operatingExpenses": 267416000, "costAndExpenses": 1707335000, "interestIncome": 1857581000, "interestExpense": 323472000, "depreciationAndAmortization": 44446000, "ebitda": 40881000, "ebitdaratio": 0.0210247894, "operatingIncome": -3565000, "operatingIncomeRatio": -0.0018334526, "totalOtherIncomeExpensesNet": 237084000, "incomeBeforeTax": 237084000, "incomeBeforeTaxRatio": 0.1219305098, "incomeTaxExpense": 58413000, "netIncome": 178671000, "netIncomeRatio": 0.0918891453, "eps": 2.39, "epsdiluted": 2.38, "weightedAverageShsOut": 73325894, "weightedAverageShsOutDil": 73523335, "link": "https://www.sec.gov/Archives/edgar/data/1504008/000150400824000006/0001504008-24-000006-index.htm", "finalLink": "https://www.sec.gov/Archives/edgar/data/1504008/000150400824000006/bku-20231231.htm", "calculatedOtherExpenses": 1600493000, "calculatedOperatingExpenses": 1947984000, "calculatedNetInterest": 1534109000, "calculatedOtherIncome": -1293460000, "calculatedIncomeNonControlling": 0, "calculatedEbitda": 40881000}, {"date": "2022-12-31", "symbol": "BKU", "reportedCurrency": "USD", "cik": "0001504008", "fillingDate": "2023-02-22", "acceptedDate": "2023-02-22 16:39:37", "calendarYear": "2022", "period": "FY", "revenue": 990596000, "costOfRevenue": 0, "grossProfit": 990596000, "grossProfitRatio": 1, "researchAndDevelopmentExpenses": 0, "generalAndAdministrativeExpenses": 283547000, "sellingAndMarketingExpenses": 0, "sellingGeneralAndAdministrativeExpenses": 283547000, "otherExpenses": -178974000, "operatingExpenses": 11730000, "costAndExpenses": 11730000, "interestIncome": 1230451000, "interestExpense": 317491000, "depreciationAndAmortization": 50388000, "ebitda": 762268000, "ebitdaratio": 0.7695044196, "operatingIncome": 711880000, "operatingIncomeRatio": 0.7186380724, "totalOtherIncomeExpensesNet": -336748000, "incomeBeforeTax": 375132000, "incomeBeforeTaxRatio": 0.3786932311, "incomeTaxExpense": 90161000, "netIncome": 284971000, "netIncomeRatio": 0.287676308, "eps": 3.55, "epsdiluted": 3.54, "weightedAverageShsOut": 78807788, "weightedAverageShsOutDil": 78807882, "link": "https://www.sec.gov/Archives/edgar/data/1504008/000150400823000007/0001504008-23-000007-index.htm", "finalLink": "https://www.sec.gov/Archives/edgar/data/1504008/000150400823000007/bku-20221231.htm", "calculatedOtherExpenses": -4831000, "calculatedOperatingExpenses": 278716000, "calculatedNetInterest": 912960000, "calculatedOtherIncome": -1249708000, "calculatedIncomeNonControlling": 0, "calculatedEbitda": 762268000}, {"date": "2021-12-31", "symbol": "BKU", "reportedCurrency": "USD", "cik": "0001504008", "fillingDate": "2022-02-24", "acceptedDate": "2022-02-24 16:33:49", "calendarYear": "2021", "period": "FY", "revenue": 929841000, "costOfRevenue": 0, "grossProfit": 929841000, "grossProfitRatio": 1, "researchAndDevelopmentExpenses": 0, "generalAndAdministrativeExpenses": 262227000, "sellingAndMarketingExpenses": 0, "sellingGeneralAndAdministrativeExpenses": 262227000, "otherExpenses": -742683000, "operatingExpenses": -480456000, "costAndExpenses": -480456000, "interestIncome": 959448000, "interestExpense": 163760000, "depreciationAndAmortization": 53764000, "ebitda": 503149000, "ebitdaratio": 0.541112943, "operatingIncome": 449385000, "operatingIncomeRatio": 0.4832923048, "totalOtherIncomeExpensesNet": 449385000, "incomeBeforeTax": 449385000, "incomeBeforeTaxRatio": 0.4832923048, "incomeTaxExpense": 34401000, "netIncome": 414984000, "netIncomeRatio": 0.446295657, "eps": 4.52, "epsdiluted": 4.52, "weightedAverageShsOut": 90400188, "weightedAverageShsOutDil": 90400322, "link": "https://www.sec.gov/Archives/edgar/data/1504008/000150400822000009/0001504008-22-000009-index.htm", "finalLink": "https://www.sec.gov/Archives/edgar/data/1504008/000150400822000009/bku-20211231.htm", "calculatedOtherExpenses": 218229000, "calculatedOperatingExpenses": 480456000, "calculatedNetInterest": 795688000, "calculatedOtherIncome": -795688000, "calculatedIncomeNonControlling": 0, "calculatedEbitda": 503149000}, {"date": "2020-12-31", "symbol": "BKU", "reportedCurrency": "USD", "cik": "0001504008", "fillingDate": "2021-02-26", "acceptedDate": "2021-02-26 17:16:21", "calendarYear": "2020", "period": "FY", "revenue": 884979000, "costOfRevenue": 0, "grossProfit": 884979000, "grossProfitRatio": 1, "researchAndDevelopmentExpenses": 0, "generalAndAdministrativeExpenses": 239010000, "sellingAndMarketingExpenses": 0, "sellingGeneralAndAdministrativeExpenses": 239010000, "otherExpenses": -874630000, "operatingExpenses": -635620000, "costAndExpenses": -635620000, "interestIncome": 1067609000, "interestExpense": 315851000, "depreciationAndAmortization": 49407000, "ebitda": 298766000, "ebitdaratio": 0.3375967113, "operatingIncome": 249359000, "operatingIncomeRatio": 0.2817682679, "totalOtherIncomeExpensesNet": 249359000, "incomeBeforeTax": 249359000, "incomeBeforeTaxRatio": 0.2817682679, "incomeTaxExpense": 51506000, "netIncome": 197853000, "netIncomeRatio": 0.2235680169, "eps": 2.06, "epsdiluted": 2.06, "weightedAverageShsOut": 91706256, "weightedAverageShsOutDil": 91730864, "link": "https://www.sec.gov/Archives/edgar/data/1504008/000150400821000007/0001504008-21-000007-index.htm", "finalLink": "https://www.sec.gov/Archives/edgar/data/1504008/000150400821000007/bku-20201231.htm", "calculatedOtherExpenses": 396610000, "calculatedOperatingExpenses": 635620000, "calculatedNetInterest": 751758000, "calculatedOtherIncome": -751758000, "calculatedIncomeNonControlling": 0, "calculatedEbitda": 298766000}, {"date": "2019-12-31", "symbol": "BKU", "reportedCurrency": "USD", "cik": "0001504008", "fillingDate": "2020-02-28", "acceptedDate": "2020-02-28 16:33:39", "calendarYear": "2019", "period": "FY", "revenue": 899989000, "costOfRevenue": 0, "grossProfit": 899989000, "grossProfitRatio": 1, "researchAndDevelopmentExpenses": 0, "generalAndAdministrativeExpenses": 252321000, "sellingAndMarketingExpenses": 0, "sellingGeneralAndAdministrativeExpenses": 252321000, "otherExpenses": -748314000, "operatingExpenses": -495993000, "costAndExpenses": -495993000, "interestIncome": 1281870000, "interestExpense": 529085000, "depreciationAndAmortization": 48493000, "ebitda": 452489000, "ebitdaratio": 0.5027717005, "operatingIncome": 403996000, "operatingIncomeRatio": 0.4488899309, "totalOtherIncomeExpensesNet": 403996000, "incomeBeforeTax": 403996000, "incomeBeforeTaxRatio": 0.4488899309, "incomeTaxExpense": 90898000, "netIncome": 313098000, "netIncomeRatio": 0.3478909187, "eps": 3.14, "epsdiluted": 3.13, "weightedAverageShsOut": 95454015, "weightedAverageShsOutDil": 95656905, "link": "https://www.sec.gov/Archives/edgar/data/1504008/000150400820000008/0001504008-20-000008-index.htm", "finalLink": "https://www.sec.gov/Archives/edgar/data/1504008/000150400820000008/document-20191231.htm", "calculatedOtherExpenses": 243672000, "calculatedOperatingExpenses": 495993000, "calculatedNetInterest": 752785000, "calculatedOtherIncome": -752785000, "calculatedIncomeNonControlling": 0, "calculatedEbitda": 452489000}, {"date": "2018-12-31", "symbol": "BKU", "reportedCurrency": "USD", "cik": "0001504008", "fillingDate": "2019-02-27", "acceptedDate": "2019-02-27 17:15:33", "calendarYear": "2018", "period": "FY", "revenue": 1182115000, "costOfRevenue": 0, "grossProfit": 1182115000, "grossProfitRatio": 1, "researchAndDevelopmentExpenses": 0, "generalAndAdministrativeExpenses": 535744000, "sellingAndMarketingExpenses": 0, "sellingGeneralAndAdministrativeExpenses": 535744000, "otherExpenses": -938294000, "operatingExpenses": -367414000, "costAndExpenses": -367414000, "interestIncome": 1449144000, "interestExpense": 399051000, "depreciationAndAmortization": 40025000, "ebitda": 792420000, "ebitdaratio": 0.6703408721, "operatingIncome": 814701000, "operatingIncomeRatio": 0.6891892921, "totalOtherIncomeExpensesNet": -399051000, "incomeBeforeTax": 415650000, "incomeBeforeTaxRatio": 0.3516155366, "incomeTaxExpense": 90784000, "netIncome": 324866000, "netIncomeRatio": 0.2748175939, "eps": 3.13, "epsdiluted": 3.12, "weightedAverageShsOut": 103744871, "weightedAverageShsOutDil": 104077376, "link": "https://www.sec.gov/Archives/edgar/data/1504008/000150400819000009/0001504008-19-000009-index.htm", "finalLink": "https://www.sec.gov/Archives/edgar/data/1504008/000150400819000009/document-20181231.htm", "calculatedOtherExpenses": -168330000, "calculatedOperatingExpenses": 367414000, "calculatedNetInterest": 1050093000, "calculatedOtherIncome": -1449144000, "calculatedIncomeNonControlling": 0, "calculatedEbitda": 854726000}, {"date": "2017-12-31", "symbol": "BKU", "reportedCurrency": "USD", "cik": "0001504008", "fillingDate": "2018-03-01", "acceptedDate": "2018-02-28 17:49:57", "calendarYear": "2017", "period": "FY", "revenue": 1108176000, "costOfRevenue": 0, "grossProfit": 1108176000, "grossProfitRatio": 1, "researchAndDevelopmentExpenses": 0, "generalAndAdministrativeExpenses": 436301000, "sellingAndMarketingExpenses": 0, "sellingGeneralAndAdministrativeExpenses": 436301000, "otherExpenses": 0, "operatingExpenses": 23676000, "costAndExpenses": 23676000, "interestIncome": 1204461000, "interestExpense": 254189000, "depreciationAndAmortization": 35015000, "ebitda": 625057000, "ebitdaratio": 0.5640412714, "operatingIncome": 590042000, "operatingIncomeRatio": 0.5324443049, "totalOtherIncomeExpensesNet": -185581000, "incomeBeforeTax": 404461000, "incomeBeforeTaxRatio": 0.3649790286, "incomeTaxExpense": -209812000, "netIncome": 614273000, "netIncomeRatio": 0.5543099652, "eps": 5.6, "epsdiluted": 5.58, "weightedAverageShsOut": 105470413, "weightedAverageShsOutDil": 105857487, "link": "https://www.sec.gov/Archives/edgar/data/1504008/000150400818000004/0001504008-18-000004-index.htm", "finalLink": "https://www.sec.gov/Archives/edgar/data/1504008/000150400818000004/document-20171231.htm", "calculatedOtherExpenses": 81833000, "calculatedOperatingExpenses": 518134000, "calculatedNetInterest": 950272000, "calculatedOtherIncome": -1135853000, "calculatedIncomeNonControlling": 0, "calculatedEbitda": 625057000}, {"date": "2016-12-31", "symbol": "BKU", "reportedCurrency": "USD", "cik": "0001504008", "fillingDate": "2017-02-28", "acceptedDate": "2017-02-27 18:02:52", "calendarYear": "2016", "period": "FY", "revenue": 976802000, "costOfRevenue": 0, "grossProfit": 976802000, "grossProfitRatio": 1, "researchAndDevelopmentExpenses": 0, "generalAndAdministrativeExpenses": 400908000, "sellingAndMarketingExpenses": 0, "sellingGeneralAndAdministrativeExpenses": 400908000, "otherExpenses": 0, "operatingExpenses": 14249000, "costAndExpenses": 14249000, "interestIncome": 1059217000, "interestExpense": 188832000, "depreciationAndAmortization": 31580000, "ebitda": 466741000, "ebitdaratio": 0.4778255982, "operatingIncome": 435161000, "operatingIncomeRatio": 0.4454956071, "totalOtherIncomeExpensesNet": -99717000, "incomeBeforeTax": 335444000, "incomeBeforeTaxRatio": 0.3434104353, "incomeTaxExpense": 109703000, "netIncome": 225741000, "netIncomeRatio": 0.2311021067, "eps": 2.11, "epsdiluted": 2.09, "weightedAverageShsOut": 102939804, "weightedAverageShsOutDil": 103656170, "link": "https://www.sec.gov/Archives/edgar/data/1504008/000150400817000004/0001504008-17-000004-index.htm", "finalLink": "https://www.sec.gov/Archives/edgar/data/1504008/000150400817000004/document-20161231.htm", "calculatedOtherExpenses": 140733000, "calculatedOperatingExpenses": 541641000, "calculatedNetInterest": 870385000, "calculatedOtherIncome": -970102000, "calculatedIncomeNonControlling": 0, "calculatedEbitda": 466741000}, {"date": "2015-12-31", "symbol": "BKU", "reportedCurrency": "USD", "cik": "0001504008", "fillingDate": "2016-02-26", "acceptedDate": "2016-02-26 17:24:10", "calendarYear": "2015", "period": "FY", "revenue": 847017000, "costOfRevenue": 0, "grossProfit": 847017000, "grossProfitRatio": 1, "researchAndDevelopmentExpenses": 0, "generalAndAdministrativeExpenses": 332913000, "sellingAndMarketingExpenses": 0, "sellingGeneralAndAdministrativeExpenses": 332913000, "otherExpenses": 0, "operatingExpenses": 14185000, "costAndExpenses": 14185000, "interestIncome": 880816000, "interestExpense": 135164000, "depreciationAndAmortization": 18369000, "ebitda": 311071000, "ebitdaratio": 0.3672547304, "operatingIncome": 292702000, "operatingIncomeRatio": 0.3455680346, "totalOtherIncomeExpensesNet": 4191000, "incomeBeforeTax": 296893000, "incomeBeforeTaxRatio": 0.3505159873, "incomeTaxExpense": 45233000, "netIncome": 251660000, "netIncomeRatio": 0.2971132811, "eps": 2.37, "epsdiluted": 2.35, "weightedAverageShsOut": 102059114, "weightedAverageShsOutDil": 102972150, "link": "https://www.sec.gov/Archives/edgar/data/1504008/000150400816000053/0001504008-16-000053-index.htm", "finalLink": "https://www.sec.gov/Archives/edgar/data/1504008/000150400816000053/document-20151231.htm", "calculatedOtherExpenses": 221402000, "calculatedOperatingExpenses": 554315000, "calculatedNetInterest": 745652000, "calculatedOtherIncome": -741461000, "calculatedIncomeNonControlling": 0, "calculatedEbitda": 311071000}, {"date": "2014-12-31", "symbol": "BKU", "reportedCurrency": "USD", "cik": "0001504008", "fillingDate": "2015-02-26", "acceptedDate": "2015-02-26 17:21:47", "calendarYear": "2014", "period": "FY", "revenue": 756818000, "costOfRevenue": 0, "grossProfit": 756818000, "grossProfitRatio": 1, "researchAndDevelopmentExpenses": 0, "generalAndAdministrativeExpenses": 269596000, "sellingAndMarketingExpenses": 0, "sellingGeneralAndAdministrativeExpenses": 269596000, "otherExpenses": 0, "operatingExpenses": 13178000, "costAndExpenses": 13178000, "interestIncome": 783744000, "interestExpense": 106651000, "depreciationAndAmortization": -226881000, "ebitda": 173020000, "ebitdaratio": 0.2286150699, "operatingIncome": 399901000, "operatingIncomeRatio": 0.5283978447, "totalOtherIncomeExpensesNet": -106651000, "incomeBeforeTax": 293250000, "incomeBeforeTaxRatio": 0.3874775706, "incomeTaxExpense": 89035000, "netIncome": 204215000, "netIncomeRatio": 0.2698336985, "eps": 1.95, "epsdiluted": 1.95, "weightedAverageShsOut": 100456207, "weightedAverageShsOutDil": 100595813, "link": "https://www.sec.gov/Archives/edgar/data/1504008/000150400815000008/0001504008-15-000008-index.htm", "finalLink": "https://www.sec.gov/Archives/edgar/data/1504008/000150400815000008/document-20141231.htm", "calculatedOtherExpenses": 87321000, "calculatedOperatingExpenses": 356917000, "calculatedNetInterest": 677093000, "calculatedOtherIncome": -783744000, "calculatedIncomeNonControlling": 0, "calculatedEbitda": 173020000}, {"date": "2013-12-31", "symbol": "BKU", "reportedCurrency": "USD", "cik": "0001504008", "fillingDate": "2014-02-27", "acceptedDate": "2014-02-27 16:38:59", "calendarYear": "2013", "period": "FY", "revenue": 716618000, "costOfRevenue": 0, "grossProfit": 716618000, "grossProfitRatio": 1, "researchAndDevelopmentExpenses": 0, "generalAndAdministrativeExpenses": 222652000, "sellingAndMarketingExpenses": 0, "sellingGeneralAndAdministrativeExpenses": 222652000, "otherExpenses": 0, "operatingExpenses": 21934000, "costAndExpenses": 21934000, "interestIncome": 738821000, "interestExpense": 92611000, "depreciationAndAmortization": -350804000, "ebitda": 59809000, "ebitdaratio": 0.0834600861, "operatingIncome": 410613000, "operatingIncomeRatio": 0.5729872819, "totalOtherIncomeExpensesNet": -92611000, "incomeBeforeTax": 318002000, "incomeBeforeTaxRatio": 0.4437538549, "incomeTaxExpense": 109066000, "netIncome": 208936000, "netIncomeRatio": 0.2915584035, "eps": 2.03, "epsdiluted": 2.01, "weightedAverageShsOut": 98494040, "weightedAverageShsOutDil": 99751605, "link": "https://www.sec.gov/Archives/edgar/data/1504008/000104746914001491/0001047469-14-001491-index.htm", "finalLink": "https://www.sec.gov/Archives/edgar/data/1504008/000104746914001491/a2218510z10-k.htm", "calculatedOtherExpenses": 83353000, "calculatedOperatingExpenses": 306005000, "calculatedNetInterest": 646210000, "calculatedOtherIncome": -738821000, "calculatedIncomeNonControlling": 0, "calculatedEbitda": 59809000}, {"date": "2012-12-31", "symbol": "BKU", "reportedCurrency": "USD", "cik": "0001504008", "fillingDate": "2013-02-25", "acceptedDate": "2013-02-25 06:22:50", "calendarYear": "2012", "period": "FY", "revenue": 677544000, "costOfRevenue": 0, "grossProfit": 677544000, "grossProfitRatio": 1, "researchAndDevelopmentExpenses": 0, "generalAndAdministrativeExpenses": 166970000, "sellingAndMarketingExpenses": 0, "sellingGeneralAndAdministrativeExpenses": 166970000, "otherExpenses": 0, "operatingExpenses": 15468000, "costAndExpenses": 15468000, "interestIncome": 720856000, "interestExpense": 123269000, "depreciationAndAmortization": -459518000, "ebitda": 8616000, "ebitdaratio": 0.0127165173, "operatingIncome": 468134000, "operatingIncomeRatio": 0.6909278217, "totalOtherIncomeExpensesNet": -123269000, "incomeBeforeTax": 344865000, "incomeBeforeTaxRatio": 0.5089927739, "incomeTaxExpense": 133605000, "netIncome": 211260000, "netIncomeRatio": 0.3118026283, "eps": 2.05, "epsdiluted": 2.05, "weightedAverageShsOut": 93654274, "weightedAverageShsOutDil": 93828783, "link": "https://www.sec.gov/Archives/edgar/data/1504008/000104746913001550/0001047469-13-001550-index.htm", "finalLink": "https://www.sec.gov/Archives/edgar/data/1504008/000104746913001550/a2213023z10-k.htm", "calculatedOtherExpenses": 42440000, "calculatedOperatingExpenses": 209410000, "calculatedNetInterest": 597587000, "calculatedOtherIncome": -720856000, "calculatedIncomeNonControlling": 0, "calculatedEbitda": 8616000}, {"date": "2011-12-31", "symbol": "BKU", "reportedCurrency": "USD", "cik": "0001504008", "fillingDate": "2012-02-28", "acceptedDate": "2012-02-28 17:29:45", "calendarYear": "2011", "period": "FY", "revenue": 662377000, "costOfRevenue": 0, "grossProfit": 662377000, "grossProfitRatio": 1, "researchAndDevelopmentExpenses": 0, "generalAndAdministrativeExpenses": 293512000, "sellingAndMarketingExpenses": 0, "sellingGeneralAndAdministrativeExpenses": 293512000, "otherExpenses": 0, "operatingExpenses": 17330000, "costAndExpenses": 17330000, "interestIncome": 515471000, "interestExpense": 138937000, "depreciationAndAmortization": 7987000, "ebitda": 339668000, "ebitdaratio": 0.512801622, "operatingIncome": 331681000, "operatingIncomeRatio": 0.5007435343, "totalOtherIncomeExpensesNet": -138937000, "incomeBeforeTax": 192744000, "incomeBeforeTaxRatio": 0.2909883646, "incomeTaxExpense": 129576000, "netIncome": 63168000, "netIncomeRatio": 0.0953656301, "eps": 0.63, "epsdiluted": 0.62, "weightedAverageShsOut": 95453692, "weightedAverageShsOutDil": 95605277, "link": "https://www.sec.gov/Archives/edgar/data/1504008/000104746912001792/0001047469-12-001792-index.htm", "finalLink": "https://www.sec.gov/Archives/edgar/data/1504008/000104746912001792/a2207645z10-k.htm", "calculatedOtherExpenses": 37184000, "calculatedOperatingExpenses": 330696000, "calculatedNetInterest": 376534000, "calculatedOtherIncome": -515471000, "calculatedIncomeNonControlling": 0, "calculatedEbitda": 339668000}, {"date": "2010-12-31", "symbol": "BKU", "reportedCurrency": "USD", "cik": "0001504008", "fillingDate": "2011-03-31", "acceptedDate": "2011-03-31 17:13:03", "calendarYear": "2010", "period": "FY", "revenue": 687267000, "costOfRevenue": 0, "grossProfit": 687267000, "grossProfitRatio": 1, "researchAndDevelopmentExpenses": 0, "generalAndAdministrativeExpenses": 241988000, "sellingAndMarketingExpenses": 0, "sellingGeneralAndAdministrativeExpenses": 241988000, "otherExpenses": 0, "operatingExpenses": 14677000, "costAndExpenses": 14677000, "interestIncome": 433426000, "interestExpense": 168200000, "depreciationAndAmortization": -28212000, "ebitda": 452528000, "ebitdaratio": 0.6584456987, "operatingIncome": 480740000, "operatingIncomeRatio": 0.6994952471, "totalOtherIncomeExpensesNet": -168200000, "incomeBeforeTax": 312540000, "incomeBeforeTaxRatio": 0.4547577579, "incomeTaxExpense": 127805000, "netIncome": 184735000, "netIncomeRatio": 0.2687965521, "eps": 1.91, "epsdiluted": 1.91, "weightedAverageShsOut": 96971850, "weightedAverageShsOutDil": 96971850, "link": "https://www.sec.gov/Archives/edgar/data/1504008/000104746911003008/0001047469-11-003008-index.htm", "finalLink": "https://www.sec.gov/Archives/edgar/data/1504008/000104746911003008/a2202992z10-k.htm", "calculatedOtherExpenses": -35461000, "calculatedOperatingExpenses": 206527000, "calculatedNetInterest": 265226000, "calculatedOtherIncome": -433426000, "calculatedIncomeNonControlling": 0, "calculatedEbitda": 452528000}, {"date": "2009-12-31", "symbol": "BKU", "reportedCurrency": "USD", "cik": "0001504008", "fillingDate": "2009-12-31", "acceptedDate": "2009-12-30 19:00:00", "calendarYear": "2009", "period": "FY", "revenue": 473193000, "costOfRevenue": 0, "grossProfit": 473193000, "grossProfitRatio": 1, "researchAndDevelopmentExpenses": 0, "generalAndAdministrativeExpenses": 117376000, "sellingAndMarketingExpenses": 0, "sellingGeneralAndAdministrativeExpenses": 117376000, "otherExpenses": -31303000, "operatingExpenses": 86073000, "costAndExpenses": 86073000, "interestIncome": 287460000, "interestExpense": 83856000, "depreciationAndAmortization": 1201000, "ebitda": 284478000, "ebitdaratio": 0.6011880987, "operatingIncome": 283277000, "operatingIncomeRatio": 0.5986500223, "totalOtherIncomeExpensesNet": -83856000, "incomeBeforeTax": 199421000, "incomeBeforeTaxRatio": 0.421436919, "incomeTaxExpense": 80375000, "netIncome": 119046000, "netIncomeRatio": 0.251580222, "eps": 1.29, "epsdiluted": 1.29, "weightedAverageShsOut": 92664910, "weightedAverageShsOutDil": 92664910, "link": "", "finalLink": "", "calculatedOtherExpenses": 72540000, "calculatedOperatingExpenses": 189916000, "calculatedNetInterest": 203604000, "calculatedOtherIncome": -287460000, "calculatedIncomeNonControlling": 0, "calculatedEbitda": 284478000}]}