{"originalCurrency": "USD", "convertedCurrency": "USD", "report": [{"date": "2023-12-31", "symbol": "BL", "reportedCurrency": "USD", "cik": "0001666134", "fillingDate": "2024-02-23", "acceptedDate": "2024-02-23 16:07:08", "calendarYear": "2023", "period": "FY", "revenue": 589996000, "costOfRevenue": 147694000, "grossProfit": 442302000, "grossProfitRatio": 0.7496694893, "researchAndDevelopmentExpenses": 100350000, "generalAndAdministrativeExpenses": 71530000, "sellingAndMarketingExpenses": 243154000, "sellingGeneralAndAdministrativeExpenses": 345111000, "otherExpenses": 0, "operatingExpenses": 445461000, "costAndExpenses": 593155000, "interestIncome": 52059000, "interestExpense": 5898000, "depreciationAndAmortization": 50099000, "ebitda": 46940000, "ebitdaratio": 0.0795598614, "operatingIncome": -3159000, "operatingIncomeRatio": -0.0053542736, "totalOtherIncomeExpensesNet": 63668000, "incomeBeforeTax": 60509000, "incomeBeforeTaxRatio": 0.1025583224, "incomeTaxExpense": 1450000, "netIncome": 52833000, "netIncomeRatio": 0.0895480647, "eps": 0.87, "epsdiluted": 0.73, "weightedAverageShsOut": 60849000, "weightedAverageShsOutDil": 72045000, "link": "https://www.sec.gov/Archives/edgar/data/1666134/000166613424000003/0001666134-24-000003-index.htm", "finalLink": "https://www.sec.gov/Archives/edgar/data/1666134/000166613424000003/bl-20231231.htm", "calculatedOtherExpenses": 0, "calculatedOperatingExpenses": 445461000, "calculatedNetInterest": 46161000, "calculatedOtherIncome": 17507000, "calculatedIncomeNonControlling": 6226000, "calculatedEbitda": 46940000}, {"date": "2022-12-31", "symbol": "BL", "reportedCurrency": "USD", "cik": "0001666134", "fillingDate": "2023-02-23", "acceptedDate": "2023-02-23 16:05:05", "calendarYear": "2022", "period": "FY", "revenue": 522938000, "costOfRevenue": 129385000, "grossProfit": 393553000, "grossProfitRatio": 0.7525806119, "researchAndDevelopmentExpenses": 108893000, "generalAndAdministrativeExpenses": 80155000, "sellingAndMarketingExpenses": 256862000, "sellingGeneralAndAdministrativeExpenses": 337017000, "otherExpenses": 0, "operatingExpenses": 445910000, "costAndExpenses": 575295000, "interestIncome": 14637000, "interestExpense": 5850000, "depreciationAndAmortization": 42816000, "ebitda": 5096000, "ebitdaratio": 0.0097449411, "operatingIncome": -37720000, "operatingIncomeRatio": -0.0721309218, "totalOtherIncomeExpensesNet": -9691000, "incomeBeforeTax": -47411000, "incomeBeforeTaxRatio": -0.0906627554, "incomeTaxExpense": -13520000, "netIncome": -33891000, "netIncomeRatio": -0.0648088301, "eps": -0.57, "epsdiluted": -0.57, "weightedAverageShsOut": 59539000, "weightedAverageShsOutDil": 59539000, "link": "https://www.sec.gov/Archives/edgar/data/1666134/000166613423000003/0001666134-23-000003-index.htm", "finalLink": "https://www.sec.gov/Archives/edgar/data/1666134/000166613423000003/bl-20221231.htm", "calculatedOtherExpenses": -14637000, "calculatedOperatingExpenses": 431273000, "calculatedNetInterest": 8787000, "calculatedOtherIncome": -18478000, "calculatedIncomeNonControlling": 0, "calculatedEbitda": 5096000}, {"date": "2021-12-31", "symbol": "BL", "reportedCurrency": "USD", "cik": "0001666134", "fillingDate": "2022-02-25", "acceptedDate": "2022-02-25 16:08:08", "calendarYear": "2021", "period": "FY", "revenue": 425706000, "costOfRevenue": 97871000, "grossProfit": 327835000, "grossProfitRatio": 0.7700972032, "researchAndDevelopmentExpenses": 77322000, "generalAndAdministrativeExpenses": 86507000, "sellingAndMarketingExpenses": 202620000, "sellingGeneralAndAdministrativeExpenses": 289127000, "otherExpenses": 0, "operatingExpenses": 366449000, "costAndExpenses": 464320000, "interestIncome": 700000, "interestExpense": 62945000, "depreciationAndAmortization": 27828000, "ebitda": -10786000, "ebitdaratio": -0.0253367347, "operatingIncome": -38614000, "operatingIncomeRatio": -0.0907057923, "totalOtherIncomeExpensesNet": -62245000, "incomeBeforeTax": -100859000, "incomeBeforeTaxRatio": -0.2369217253, "incomeTaxExpense": 135000, "netIncome": -100994000, "netIncomeRatio": -0.2372388456, "eps": -1.73, "epsdiluted": -1.73, "weightedAverageShsOut": 58351000, "weightedAverageShsOutDil": 58351000, "link": "https://www.sec.gov/Archives/edgar/data/1666134/000166613422000003/0001666134-22-000003-index.htm", "finalLink": "https://www.sec.gov/Archives/edgar/data/1666134/000166613422000003/bl-20211231.htm", "calculatedOtherExpenses": 0, "calculatedOperatingExpenses": 366449000, "calculatedNetInterest": -62245000, "calculatedOtherIncome": 0, "calculatedIncomeNonControlling": 0, "calculatedEbitda": -10786000}, {"date": "2020-12-31", "symbol": "BL", "reportedCurrency": "USD", "cik": "0001666134", "fillingDate": "2021-02-25", "acceptedDate": "2021-02-25 16:06:17", "calendarYear": "2020", "period": "FY", "revenue": 351737000, "costOfRevenue": 68972000, "grossProfit": 282765000, "grossProfitRatio": 0.803910308, "researchAndDevelopmentExpenses": 56464000, "generalAndAdministrativeExpenses": 71611000, "sellingAndMarketingExpenses": 174581000, "sellingGeneralAndAdministrativeExpenses": 246192000, "otherExpenses": 0, "operatingExpenses": 302656000, "costAndExpenses": 371628000, "interestIncome": 4502000, "interestExpense": 23311000, "depreciationAndAmortization": 20892000, "ebitda": 5503000, "ebitdaratio": 0.0156452122, "operatingIncome": -15389000, "operatingIncomeRatio": -0.0437514393, "totalOtherIncomeExpensesNet": -23311000, "incomeBeforeTax": -38700000, "incomeBeforeTaxRatio": -0.1100253883, "incomeTaxExpense": 702000, "netIncome": -39402000, "netIncomeRatio": -0.1120211977, "eps": -0.69, "epsdiluted": -0.69, "weightedAverageShsOut": 56832000, "weightedAverageShsOutDil": 56832000, "link": "https://www.sec.gov/Archives/edgar/data/1666134/000166613421000004/0001666134-21-000004-index.htm", "finalLink": "https://www.sec.gov/Archives/edgar/data/1666134/000166613421000004/bl-20201231.htm", "calculatedOtherExpenses": -4502000, "calculatedOperatingExpenses": 298154000, "calculatedNetInterest": -18809000, "calculatedOtherIncome": -4502000, "calculatedIncomeNonControlling": 0, "calculatedEbitda": 5503000}, {"date": "2019-12-31", "symbol": "BL", "reportedCurrency": "USD", "cik": "0001666134", "fillingDate": "2020-02-27", "acceptedDate": "2020-02-27 16:12:02", "calendarYear": "2019", "period": "FY", "revenue": 288976000, "costOfRevenue": 58975000, "grossProfit": 230001000, "grossProfitRatio": 0.795917308, "researchAndDevelopmentExpenses": 43006000, "generalAndAdministrativeExpenses": 56057000, "sellingAndMarketingExpenses": 158837000, "sellingGeneralAndAdministrativeExpenses": 214894000, "otherExpenses": 0, "operatingExpenses": 257900000, "costAndExpenses": 316875000, "interestIncome": 6128000, "interestExpense": 8650000, "depreciationAndAmortization": 27402000, "ebitda": -497000, "ebitdaratio": -0.001719866, "operatingIncome": -27899000, "operatingIncomeRatio": -0.0965443497, "totalOtherIncomeExpensesNet": -2522000, "incomeBeforeTax": -30421000, "incomeBeforeTaxRatio": -0.1052717181, "incomeTaxExpense": 1725000, "netIncome": -32146000, "netIncomeRatio": -0.1112410719, "eps": -0.58, "epsdiluted": -0.58, "weightedAverageShsOut": 55320000, "weightedAverageShsOutDil": 55320000, "link": "https://www.sec.gov/Archives/edgar/data/1666134/000156459020007371/0001564590-20-007371-index.htm", "finalLink": "https://www.sec.gov/Archives/edgar/data/1666134/000156459020007371/bl-10k_20191231.htm", "calculatedOtherExpenses": 0, "calculatedOperatingExpenses": 257900000, "calculatedNetInterest": -2522000, "calculatedOtherIncome": 0, "calculatedIncomeNonControlling": 0, "calculatedEbitda": -497000}, {"date": "2018-12-31", "symbol": "BL", "reportedCurrency": "USD", "cik": "0001666134", "fillingDate": "2019-02-28", "acceptedDate": "2019-02-28 16:14:46", "calendarYear": "2018", "period": "FY", "revenue": 227788000, "costOfRevenue": 50874000, "grossProfit": 176914000, "grossProfitRatio": 0.7766607547, "researchAndDevelopmentExpenses": 30754000, "generalAndAdministrativeExpenses": 47188000, "sellingAndMarketingExpenses": 128808000, "sellingGeneralAndAdministrativeExpenses": 175996000, "otherExpenses": 0, "operatingExpenses": 206750000, "costAndExpenses": 257624000, "interestIncome": 2136000, "interestExpense": 4000, "depreciationAndAmortization": 22336000, "ebitda": -5364000, "ebitdaratio": -0.0235482115, "operatingIncome": -29836000, "operatingIncomeRatio": -0.1309814389, "totalOtherIncomeExpensesNet": 2132000, "incomeBeforeTax": -27704000, "incomeBeforeTaxRatio": -0.1216218589, "incomeTaxExpense": 162000, "netIncome": -27804000, "netIncomeRatio": -0.1220608636, "eps": -0.52, "epsdiluted": -0.52, "weightedAverageShsOut": 53912000, "weightedAverageShsOutDil": 53912000, "link": "https://www.sec.gov/Archives/edgar/data/1666134/000156459019005462/0001564590-19-005462-index.htm", "finalLink": "https://www.sec.gov/Archives/edgar/data/1666134/000156459019005462/bl-10k_20181231.htm", "calculatedOtherExpenses": 0, "calculatedOperatingExpenses": 206750000, "calculatedNetInterest": 2132000, "calculatedOtherIncome": 0, "calculatedIncomeNonControlling": -62000, "calculatedEbitda": -7500000}, {"date": "2017-12-31", "symbol": "BL", "reportedCurrency": "USD", "cik": "0001666134", "fillingDate": "2018-03-08", "acceptedDate": "2018-03-08 16:09:55", "calendarYear": "2017", "period": "FY", "revenue": 177031000, "costOfRevenue": 41486000, "grossProfit": 135545000, "grossProfitRatio": 0.7656568624, "researchAndDevelopmentExpenses": 23874000, "generalAndAdministrativeExpenses": 36956000, "sellingAndMarketingExpenses": 109775000, "sellingGeneralAndAdministrativeExpenses": 146731000, "otherExpenses": 0, "operatingExpenses": 170605000, "costAndExpenses": 212091000, "interestIncome": 1069000, "interestExpense": 13000, "depreciationAndAmortization": 19971000, "ebitda": -14020000, "ebitdaratio": -0.0791951692, "operatingIncome": -35060000, "operatingIncomeRatio": -0.1980444103, "totalOtherIncomeExpensesNet": -3490000, "incomeBeforeTax": -37494000, "incomeBeforeTaxRatio": -0.2117934147, "incomeTaxExpense": 567000, "netIncome": -38061000, "netIncomeRatio": -0.2149962436, "eps": -0.73, "epsdiluted": -0.73, "weightedAverageShsOut": 52161000, "weightedAverageShsOutDil": 52161000, "link": "https://www.sec.gov/Archives/edgar/data/1666134/000156459018004923/0001564590-18-004923-index.htm", "finalLink": "https://www.sec.gov/Archives/edgar/data/1666134/000156459018004923/bl-10k_20171231.htm", "calculatedOtherExpenses": 0, "calculatedOperatingExpenses": 170605000, "calculatedNetInterest": 1056000, "calculatedOtherIncome": -3490000, "calculatedIncomeNonControlling": 0, "calculatedEbitda": -15089000}, {"date": "2016-12-31", "symbol": "BL", "reportedCurrency": "USD", "cik": "0001666134", "fillingDate": "2017-03-10", "acceptedDate": "2017-03-10 17:07:48", "calendarYear": "2016", "period": "FY", "revenue": 123123000, "costOfRevenue": 30211000, "grossProfit": 92912000, "grossProfitRatio": 0.7546274863, "researchAndDevelopmentExpenses": 21125000, "generalAndAdministrativeExpenses": 27911000, "sellingAndMarketingExpenses": 77810000, "sellingGeneralAndAdministrativeExpenses": 105721000, "otherExpenses": 0, "operatingExpenses": 126846000, "costAndExpenses": 157057000, "interestIncome": 0, "interestExpense": -5932000, "depreciationAndAmortization": 17424000, "ebitda": -10630000, "ebitdaratio": -0.0863364278, "operatingIncome": -33934000, "operatingIncomeRatio": -0.2756105683, "totalOtherIncomeExpensesNet": -5880000, "incomeBeforeTax": -45746000, "incomeBeforeTaxRatio": -0.371547152, "incomeTaxExpense": -6587000, "netIncome": -39159000, "netIncomeRatio": -0.3180478059, "eps": -0.92, "epsdiluted": -0.92, "weightedAverageShsOut": 42497000, "weightedAverageShsOutDil": 42497450, "link": "https://www.sec.gov/Archives/edgar/data/1666134/000156459017004011/0001564590-17-004011-index.htm", "finalLink": "https://www.sec.gov/Archives/edgar/data/1666134/000156459017004011/bl-10k_20161231.htm", "calculatedOtherExpenses": 0, "calculatedOperatingExpenses": 126846000, "calculatedNetInterest": 5932000, "calculatedOtherIncome": -17744000, "calculatedIncomeNonControlling": 0, "calculatedEbitda": -16510000}, {"date": "2015-12-31", "symbol": "BL", "reportedCurrency": "USD", "cik": "0001666134", "fillingDate": "2015-12-31", "acceptedDate": "2015-12-30 19:00:00", "calendarYear": "2015", "period": "FY", "revenue": 83607000, "costOfRevenue": 22729000, "grossProfit": 60878000, "grossProfitRatio": 0.7281447726, "researchAndDevelopmentExpenses": 18216000, "generalAndAdministrativeExpenses": 20928000, "sellingAndMarketingExpenses": 56546000, "sellingGeneralAndAdministrativeExpenses": 77474000, "otherExpenses": 0, "operatingExpenses": 95690000, "costAndExpenses": 118419000, "interestIncome": 0, "interestExpense": 0, "depreciationAndAmortization": 14739000, "ebitda": -19653000, "ebitdaratio": -0.2350640497, "operatingIncome": -34812000, "operatingIncomeRatio": -0.4163766192, "totalOtherIncomeExpensesNet": -420000, "incomeBeforeTax": -38447000, "incomeBeforeTaxRatio": -0.45985384, "incomeTaxExpense": -13713000, "netIncome": -24734000, "netIncomeRatio": -0.295836473, "eps": -0.5, "epsdiluted": -0.5, "weightedAverageShsOut": 49331079, "weightedAverageShsOutDil": 49331079, "link": "", "finalLink": "", "calculatedOtherExpenses": 0, "calculatedOperatingExpenses": 95690000, "calculatedNetInterest": 0, "calculatedOtherIncome": -3635000, "calculatedIncomeNonControlling": 0, "calculatedEbitda": -20073000}, {"date": "2014-12-31", "symbol": "BL", "reportedCurrency": "USD", "cik": "0001666134", "fillingDate": "2014-12-31", "acceptedDate": "2014-12-30 19:00:00", "calendarYear": "2014", "period": "FY", "revenue": 51677000, "costOfRevenue": 16598000, "grossProfit": 35079000, "grossProfitRatio": 0.6788126246, "researchAndDevelopmentExpenses": 9705000, "generalAndAdministrativeExpenses": 11716000, "sellingAndMarketingExpenses": 31837000, "sellingGeneralAndAdministrativeExpenses": 43553000, "otherExpenses": 0, "operatingExpenses": 53258000, "costAndExpenses": 69856000, "interestIncome": 0, "interestExpense": 0, "depreciationAndAmortization": 13455000, "ebitda": -1024000, "ebitdaratio": -0.0198153918, "operatingIncome": -18179000, "operatingIncomeRatio": -0.3517812567, "totalOtherIncomeExpensesNet": -3700000, "incomeBeforeTax": -24926000, "incomeBeforeTaxRatio": -0.4823422412, "incomeTaxExpense": -8174000, "netIncome": -16752000, "netIncomeRatio": -0.3241674246, "eps": -0.34, "epsdiluted": -0.34, "weightedAverageShsOut": 49331079, "weightedAverageShsOutDil": 49331079, "link": "", "finalLink": "", "calculatedOtherExpenses": 0, "calculatedOperatingExpenses": 53258000, "calculatedNetInterest": 0, "calculatedOtherIncome": -6747000, "calculatedIncomeNonControlling": 0, "calculatedEbitda": -4724000}]}