{"originalCurrency": "USD", "convertedCurrency": "USD", "report": [{"date": "2023-12-31", "symbol": "BLKB", "reportedCurrency": "USD", "cik": "0001280058", "fillingDate": "2024-02-21", "acceptedDate": "2024-02-21 16:13:23", "calendarYear": "2023", "period": "FY", "revenue": 1105432000, "costOfRevenue": 505327000, "grossProfit": 600105000, "grossProfitRatio": 0.5428692131, "researchAndDevelopmentExpenses": 153304000, "generalAndAdministrativeExpenses": 189938000, "sellingAndMarketingExpenses": 212158000, "sellingGeneralAndAdministrativeExpenses": 402096000, "otherExpenses": 4076000, "operatingExpenses": 555400000, "costAndExpenses": 1060727000, "interestIncome": 8821000, "interestExpense": 39922000, "depreciationAndAmortization": 109487000, "ebitda": 154192000, "ebitdaratio": 0.1394857395, "operatingIncome": 44705000, "operatingIncomeRatio": 0.0404412031, "totalOtherIncomeExpensesNet": -27061000, "incomeBeforeTax": 17644000, "incomeBeforeTaxRatio": 0.0159611808, "incomeTaxExpense": 15824000, "netIncome": 1820000, "netIncomeRatio": 0.0016464152, "eps": 0.0346, "epsdiluted": 0.0339, "weightedAverageShsOut": 52546406, "weightedAverageShsOutDil": 53721342, "link": "https://www.sec.gov/Archives/edgar/data/1280058/000128005824000013/0001280058-24-000013-index.htm", "finalLink": "https://www.sec.gov/Archives/edgar/data/1280058/000128005824000013/blkb-20231231.htm", "calculatedOtherExpenses": 0, "calculatedOperatingExpenses": 555400000, "calculatedNetInterest": -31101000, "calculatedOtherIncome": 4040000, "calculatedIncomeNonControlling": 0, "calculatedEbitda": 154192000}, {"date": "2022-12-31", "symbol": "BLKB", "reportedCurrency": "USD", "cik": "0001280058", "fillingDate": "2023-02-24", "acceptedDate": "2023-02-24 16:22:49", "calendarYear": "2022", "period": "FY", "revenue": 1058105000, "costOfRevenue": 505389000, "grossProfit": 552716000, "grossProfitRatio": 0.5223640376, "researchAndDevelopmentExpenses": 156913000, "generalAndAdministrativeExpenses": 199908000, "sellingAndMarketingExpenses": 221455000, "sellingGeneralAndAdministrativeExpenses": 421363000, "otherExpenses": 2925000, "operatingExpenses": 581201000, "costAndExpenses": 1086590000, "interestIncome": 1746000, "interestExpense": 35803000, "depreciationAndAmortization": 102369000, "ebitda": 82597000, "ebitdaratio": 0.078061251, "operatingIncome": -19772000, "operatingIncomeRatio": -0.0186862362, "totalOtherIncomeExpensesNet": -35803000, "incomeBeforeTax": -55575000, "incomeBeforeTaxRatio": -0.0525231428, "incomeTaxExpense": -10168000, "netIncome": -45407000, "netIncomeRatio": -0.0429135105, "eps": -0.88, "epsdiluted": -0.88, "weightedAverageShsOut": 51569148, "weightedAverageShsOutDil": 51569148, "link": "https://www.sec.gov/Archives/edgar/data/1280058/000128005823000006/0001280058-23-000006-index.htm", "finalLink": "https://www.sec.gov/Archives/edgar/data/1280058/000128005823000006/blkb-20221231.htm", "calculatedOtherExpenses": -5788000, "calculatedOperatingExpenses": 572488000, "calculatedNetInterest": -34057000, "calculatedOtherIncome": -1746000, "calculatedIncomeNonControlling": 0, "calculatedEbitda": 82597000}, {"date": "2021-12-31", "symbol": "BLKB", "reportedCurrency": "USD", "cik": "0001280058", "fillingDate": "2022-03-01", "acceptedDate": "2022-03-01 16:31:21", "calendarYear": "2021", "period": "FY", "revenue": 927740000, "costOfRevenue": 443195000, "grossProfit": 484545000, "grossProfitRatio": 0.5222853386, "researchAndDevelopmentExpenses": 124573000, "generalAndAdministrativeExpenses": 146262000, "sellingAndMarketingExpenses": 186314000, "sellingGeneralAndAdministrativeExpenses": 332576000, "otherExpenses": 2227000, "operatingExpenses": 459376000, "costAndExpenses": 902571000, "interestIncome": 392000, "interestExpense": 18003000, "depreciationAndAmortization": 82853000, "ebitda": 107759000, "ebitdaratio": 0.1161521547, "operatingIncome": 24906000, "operatingIncomeRatio": 0.0268458835, "totalOtherIncomeExpensesNet": -17823000, "incomeBeforeTax": 7083000, "incomeBeforeTaxRatio": 0.0076346821, "incomeTaxExpense": 1385000, "netIncome": 5698000, "netIncomeRatio": 0.006141807, "eps": 0.12, "epsdiluted": 0.12, "weightedAverageShsOut": 47412306, "weightedAverageShsOutDil": 48230438, "link": "https://www.sec.gov/Archives/edgar/data/1280058/000128005822000010/0001280058-22-000010-index.htm", "finalLink": "https://www.sec.gov/Archives/edgar/data/1280058/000128005822000010/blkb-20211231.htm", "calculatedOtherExpenses": 2490000, "calculatedOperatingExpenses": 459639000, "calculatedNetInterest": -17611000, "calculatedOtherIncome": -212000, "calculatedIncomeNonControlling": 0, "calculatedEbitda": 107759000}, {"date": "2020-12-31", "symbol": "BLKB", "reportedCurrency": "USD", "cik": "0001280058", "fillingDate": "2021-02-23", "acceptedDate": "2021-02-23 08:06:07", "calendarYear": "2020", "period": "FY", "revenue": 913219000, "costOfRevenue": 428065000, "grossProfit": 485154000, "grossProfitRatio": 0.531257015, "researchAndDevelopmentExpenses": 100146000, "generalAndAdministrativeExpenses": 134852000, "sellingAndMarketingExpenses": 209762000, "sellingGeneralAndAdministrativeExpenses": 344614000, "otherExpenses": 2915000, "operatingExpenses": 447675000, "costAndExpenses": 875740000, "interestIncome": 1660000, "interestExpense": 17287000, "depreciationAndAmortization": 94629000, "ebitda": 131872000, "ebitdaratio": 0.1444034782, "operatingIncome": 37243000, "operatingIncomeRatio": 0.0407821125, "totalOtherIncomeExpensesNet": -15629000, "incomeBeforeTax": 21614000, "incomeBeforeTaxRatio": 0.0236679263, "incomeTaxExpense": 13897000, "netIncome": 7717000, "netIncomeRatio": 0.0084503279, "eps": 0.16, "epsdiluted": 0.16, "weightedAverageShsOut": 48184714, "weightedAverageShsOutDil": 48696341, "link": "https://www.sec.gov/Archives/edgar/data/1280058/000128005821000006/0001280058-21-000006-index.htm", "finalLink": "https://www.sec.gov/Archives/edgar/data/1280058/000128005821000006/blkb-20201231.htm", "calculatedOtherExpenses": 3151000, "calculatedOperatingExpenses": 447911000, "calculatedNetInterest": -15627000, "calculatedOtherIncome": -2000, "calculatedIncomeNonControlling": 0, "calculatedEbitda": 131872000}, {"date": "2019-12-31", "symbol": "BLKB", "reportedCurrency": "USD", "cik": "0001280058", "fillingDate": "2020-02-20", "acceptedDate": "2020-02-20 08:30:50", "calendarYear": "2019", "period": "FY", "revenue": 900423000, "costOfRevenue": 418424000, "grossProfit": 481999000, "grossProfitRatio": 0.5353028521, "researchAndDevelopmentExpenses": 106164000, "generalAndAdministrativeExpenses": 113414000, "sellingAndMarketingExpenses": 224152000, "sellingGeneralAndAdministrativeExpenses": 337566000, "otherExpenses": 5316000, "operatingExpenses": 449046000, "costAndExpenses": 867470000, "interestIncome": 2802000, "interestExpense": 20618000, "depreciationAndAmortization": 85693000, "ebitda": 122704000, "ebitdaratio": 0.1362737291, "operatingIncome": 37011000, "operatingIncomeRatio": 0.0411040144, "totalOtherIncomeExpensesNet": -26426000, "incomeBeforeTax": 10585000, "incomeBeforeTaxRatio": 0.011755586, "incomeTaxExpense": -1323000, "netIncome": 11908000, "netIncomeRatio": 0.0132248954, "eps": 0.25, "epsdiluted": 0.25, "weightedAverageShsOut": 47695383, "weightedAverageShsOutDil": 48312271, "link": "https://www.sec.gov/Archives/edgar/data/1280058/000128005820000011/0001280058-20-000011-index.htm", "finalLink": "https://www.sec.gov/Archives/edgar/data/1280058/000128005820000011/a201910-k.htm", "calculatedOtherExpenses": 1258000, "calculatedOperatingExpenses": 444988000, "calculatedNetInterest": -17816000, "calculatedOtherIncome": -8610000, "calculatedIncomeNonControlling": 0, "calculatedEbitda": 122704000}, {"date": "2018-12-31", "symbol": "BLKB", "reportedCurrency": "USD", "cik": "0001280058", "fillingDate": "2019-02-20", "acceptedDate": "2019-02-20 16:05:43", "calendarYear": "2018", "period": "FY", "revenue": 848606000, "costOfRevenue": 381742000, "grossProfit": 466864000, "grossProfitRatio": 0.5501540173, "researchAndDevelopmentExpenses": 98811000, "generalAndAdministrativeExpenses": 106354000, "sellingAndMarketingExpenses": 192848000, "sellingGeneralAndAdministrativeExpenses": 299202000, "otherExpenses": 1103000, "operatingExpenses": 402857000, "costAndExpenses": 784599000, "interestIncome": 2008000, "interestExpense": 15898000, "depreciationAndAmortization": 79566000, "ebitda": 144676000, "ebitdaratio": 0.1704866569, "operatingIncome": 59417000, "operatingIncomeRatio": 0.0700171811, "totalOtherIncomeExpensesNet": -3487000, "incomeBeforeTax": 44622000, "incomeBeforeTaxRatio": 0.0525827062, "incomeTaxExpense": -219000, "netIncome": 44841000, "netIncomeRatio": 0.0528407765, "eps": 0.95, "epsdiluted": 0.93, "weightedAverageShsOut": 47206669, "weightedAverageShsOutDil": 48045084, "link": "https://www.sec.gov/Archives/edgar/data/1280058/000128005819000007/0001280058-19-000007-index.htm", "finalLink": "https://www.sec.gov/Archives/edgar/data/1280058/000128005819000007/a201810-k.htm", "calculatedOtherExpenses": 9434000, "calculatedOperatingExpenses": 407447000, "calculatedNetInterest": -13890000, "calculatedOtherIncome": -905000, "calculatedIncomeNonControlling": 0, "calculatedEbitda": 138983000}, {"date": "2017-12-31", "symbol": "BLKB", "reportedCurrency": "USD", "cik": "0001280058", "fillingDate": "2018-02-20", "acceptedDate": "2018-02-20 17:11:22", "calendarYear": "2017", "period": "FY", "revenue": 788306000, "costOfRevenue": 361904000, "grossProfit": 426402000, "grossProfitRatio": 0.5409092408, "researchAndDevelopmentExpenses": 89911000, "generalAndAdministrativeExpenses": 94870000, "sellingAndMarketingExpenses": 173525000, "sellingGeneralAndAdministrativeExpenses": 268395000, "otherExpenses": 2260000, "operatingExpenses": 361577000, "costAndExpenses": 723481000, "interestIncome": 993000, "interestExpense": 12097000, "depreciationAndAmortization": 73948000, "ebitda": 141033000, "ebitdaratio": 0.1789064145, "operatingIncome": 64031000, "operatingIncomeRatio": 0.0812260721, "totalOtherIncomeExpensesNet": 1466000, "incomeBeforeTax": 54194000, "incomeBeforeTaxRatio": 0.0687474153, "incomeTaxExpense": -11739000, "netIncome": 65933000, "netIncomeRatio": 0.0836388408, "eps": 1.41, "epsdiluted": 1.38, "weightedAverageShsOut": 46669440, "weightedAverageShsOutDil": 47775702, "link": "https://www.sec.gov/Archives/edgar/data/1280058/000128005818000007/0001280058-18-000007-index.htm", "finalLink": "https://www.sec.gov/Archives/edgar/data/1280058/000128005818000007/a201710-k.htm", "calculatedOtherExpenses": 4065000, "calculatedOperatingExpenses": 362371000, "calculatedNetInterest": -11104000, "calculatedOtherIncome": 1267000, "calculatedIncomeNonControlling": 0, "calculatedEbitda": 137979000}, {"date": "2016-12-31", "symbol": "BLKB", "reportedCurrency": "USD", "cik": "0001280058", "fillingDate": "2017-02-22", "acceptedDate": "2017-02-22 16:10:39", "calendarYear": "2016", "period": "FY", "revenue": 730815000, "costOfRevenue": 339220000, "grossProfit": 391595000, "grossProfitRatio": 0.535833282, "researchAndDevelopmentExpenses": 89870000, "generalAndAdministrativeExpenses": 81331000, "sellingAndMarketingExpenses": 155754000, "sellingGeneralAndAdministrativeExpenses": 237085000, "otherExpenses": -291000, "operatingExpenses": 329795000, "costAndExpenses": 669015000, "interestIncome": 581000, "interestExpense": 10583000, "depreciationAndAmortization": 70491000, "ebitda": 132000000, "ebitdaratio": 0.1806202664, "operatingIncome": 61800000, "operatingIncomeRatio": 0.0845631247, "totalOtherIncomeExpensesNet": -291000, "incomeBeforeTax": 50926000, "incomeBeforeTaxRatio": 0.0696838461, "incomeTaxExpense": 9411000, "netIncome": 41515000, "netIncomeRatio": 0.0568064421, "eps": 0.9, "epsdiluted": 0.88, "weightedAverageShsOut": 46132389, "weightedAverageShsOutDil": 47316538, "link": "https://www.sec.gov/Archives/edgar/data/1280058/000128005817000006/0001280058-17-000006-index.htm", "finalLink": "https://www.sec.gov/Archives/edgar/data/1280058/000128005817000006/a201610-k.htm", "calculatedOtherExpenses": 2840000, "calculatedOperatingExpenses": 329795000, "calculatedNetInterest": -10002000, "calculatedOtherIncome": -872000, "calculatedIncomeNonControlling": 0, "calculatedEbitda": 132291000}, {"date": "2015-12-31", "symbol": "BLKB", "reportedCurrency": "USD", "cik": "0001280058", "fillingDate": "2016-02-24", "acceptedDate": "2016-02-24 08:20:25", "calendarYear": "2015", "period": "FY", "revenue": 637940000, "costOfRevenue": 304631000, "grossProfit": 333309000, "grossProfitRatio": 0.5224770355, "researchAndDevelopmentExpenses": 84636000, "generalAndAdministrativeExpenses": 76084000, "sellingAndMarketingExpenses": 123646000, "sellingGeneralAndAdministrativeExpenses": 199730000, "otherExpenses": -1687000, "operatingExpenses": 286597000, "costAndExpenses": 591228000, "interestIncome": 155000, "interestExpense": 8073000, "depreciationAndAmortization": 55997000, "ebitda": 101022000, "ebitdaratio": 0.1583565853, "operatingIncome": 46712000, "operatingIncomeRatio": 0.0732231871, "totalOtherIncomeExpensesNet": -1687000, "incomeBeforeTax": 36952000, "incomeBeforeTaxRatio": 0.0579239427, "incomeTaxExpense": 11303000, "netIncome": 25649000, "netIncomeRatio": 0.0402059755, "eps": 0.56, "epsdiluted": 0.55, "weightedAverageShsOut": 45623854, "weightedAverageShsOutDil": 46498704, "link": "https://www.sec.gov/Archives/edgar/data/1280058/000128005816000045/0001280058-16-000045-index.htm", "finalLink": "https://www.sec.gov/Archives/edgar/data/1280058/000128005816000045/a201510-k.htm", "calculatedOtherExpenses": 2231000, "calculatedOperatingExpenses": 286597000, "calculatedNetInterest": -7918000, "calculatedOtherIncome": -1842000, "calculatedIncomeNonControlling": 0, "calculatedEbitda": 102709000}, {"date": "2014-12-31", "symbol": "BLKB", "reportedCurrency": "USD", "cik": "0001280058", "fillingDate": "2015-02-25", "acceptedDate": "2015-02-25 17:25:26", "calendarYear": "2014", "period": "FY", "revenue": 564421000, "costOfRevenue": 273438000, "grossProfit": 290983000, "grossProfitRatio": 0.5155424763, "researchAndDevelopmentExpenses": 77179000, "generalAndAdministrativeExpenses": 58277000, "sellingAndMarketingExpenses": 107360000, "sellingGeneralAndAdministrativeExpenses": 165637000, "otherExpenses": -182000, "operatingExpenses": 244619000, "costAndExpenses": 518057000, "interestIncome": 59000, "interestExpense": 6011000, "depreciationAndAmortization": 45417000, "ebitda": 91658000, "ebitdaratio": 0.1623929655, "operatingIncome": 46364000, "operatingIncomeRatio": 0.0821443568, "totalOtherIncomeExpensesNet": -1178000, "incomeBeforeTax": 39234000, "incomeBeforeTaxRatio": 0.0695119423, "incomeTaxExpense": 10944000, "netIncome": 28290000, "netIncomeRatio": 0.0501221606, "eps": 0.63, "epsdiluted": 0.62, "weightedAverageShsOut": 45215138, "weightedAverageShsOutDil": 45799874, "link": "https://www.sec.gov/Archives/edgar/data/1280058/000128005815000007/0001280058-15-000007-index.htm", "finalLink": "https://www.sec.gov/Archives/edgar/data/1280058/000128005815000007/form10-k2014.htm", "calculatedOtherExpenses": 1803000, "calculatedOperatingExpenses": 244619000, "calculatedNetInterest": -5952000, "calculatedOtherIncome": -1178000, "calculatedIncomeNonControlling": 0, "calculatedEbitda": 91781000}, {"date": "2013-12-31", "symbol": "BLKB", "reportedCurrency": "USD", "cik": "0001280058", "fillingDate": "2014-02-26", "acceptedDate": "2014-02-26 17:19:35", "calendarYear": "2013", "period": "FY", "revenue": 503817000, "costOfRevenue": 232663000, "grossProfit": 271154000, "grossProfitRatio": 0.5381993859, "researchAndDevelopmentExpenses": 65645000, "generalAndAdministrativeExpenses": 50320000, "sellingAndMarketingExpenses": 97614000, "sellingGeneralAndAdministrativeExpenses": 147934000, "otherExpenses": -462000, "operatingExpenses": 216118000, "costAndExpenses": 448781000, "interestIncome": 67000, "interestExpense": 5818000, "depreciationAndAmortization": 43164000, "ebitda": 97805000, "ebitdaratio": 0.1941280266, "operatingIncome": 51542000, "operatingIncomeRatio": 0.1023030188, "totalOtherIncomeExpensesNet": -3956000, "incomeBeforeTax": 45329000, "incomeBeforeTaxRatio": 0.0899711602, "incomeTaxExpense": 14857000, "netIncome": 30472000, "netIncomeRatio": 0.0604822783, "eps": 0.68, "epsdiluted": 0.67, "weightedAverageShsOut": 44684812, "weightedAverageShsOutDil": 45421140, "link": "https://www.sec.gov/Archives/edgar/data/1280058/000128005814000005/0001280058-14-000005-index.htm", "finalLink": "https://www.sec.gov/Archives/edgar/data/1280058/000128005814000005/form10-k2013.htm", "calculatedOtherExpenses": 6033000, "calculatedOperatingExpenses": 219612000, "calculatedNetInterest": -5751000, "calculatedOtherIncome": -462000, "calculatedIncomeNonControlling": 0, "calculatedEbitda": 94706000}, {"date": "2012-12-31", "symbol": "BLKB", "reportedCurrency": "USD", "cik": "0001280058", "fillingDate": "2013-02-27", "acceptedDate": "2013-02-27 17:09:08", "calendarYear": "2012", "period": "FY", "revenue": 447419000, "costOfRevenue": 202460000, "grossProfit": 244959000, "grossProfitRatio": 0.5474935128, "researchAndDevelopmentExpenses": 64692000, "generalAndAdministrativeExpenses": 63308000, "sellingAndMarketingExpenses": 95218000, "sellingGeneralAndAdministrativeExpenses": 158526000, "otherExpenses": -392000, "operatingExpenses": 225324000, "costAndExpenses": 427784000, "interestIncome": 146000, "interestExpense": 5864000, "depreciationAndAmortization": 31879000, "ebitda": 51268000, "ebitdaratio": 0.1145861039, "operatingIncome": 19435000, "operatingIncomeRatio": 0.0434380301, "totalOtherIncomeExpensesNet": -592000, "incomeBeforeTax": 13325000, "incomeBeforeTaxRatio": 0.029781927, "incomeTaxExpense": 6742000, "netIncome": 6583000, "netIncomeRatio": 0.0147132777, "eps": 0.15, "epsdiluted": 0.15, "weightedAverageShsOut": 44145535, "weightedAverageShsOutDil": 44691845, "link": "https://www.sec.gov/Archives/edgar/data/1280058/000128005813000005/0001280058-13-000005-index.htm", "finalLink": "https://www.sec.gov/Archives/edgar/data/1280058/000128005813000005/form10k2012.htm", "calculatedOtherExpenses": 2306000, "calculatedOperatingExpenses": 225524000, "calculatedNetInterest": -5718000, "calculatedOtherIncome": -392000, "calculatedIncomeNonControlling": 0, "calculatedEbitda": 51314000}, {"date": "2011-12-31", "symbol": "BLKB", "reportedCurrency": "USD", "cik": "0001280058", "fillingDate": "2012-02-29", "acceptedDate": "2012-02-29 13:22:34", "calendarYear": "2011", "period": "FY", "revenue": 370868000, "costOfRevenue": 157194000, "grossProfit": 213674000, "grossProfitRatio": 0.5761456907, "researchAndDevelopmentExpenses": 47672000, "generalAndAdministrativeExpenses": 36933000, "sellingAndMarketingExpenses": 75361000, "sellingGeneralAndAdministrativeExpenses": 112294000, "otherExpenses": 980000, "operatingExpenses": 160946000, "costAndExpenses": 318140000, "interestIncome": 183000, "interestExpense": 200000, "depreciationAndAmortization": 16995000, "ebitda": 69906000, "ebitdaratio": 0.1884929409, "operatingIncome": 50928000, "operatingIncomeRatio": 0.1373210954, "totalOtherIncomeExpensesNet": -1454000, "incomeBeforeTax": 51257000, "incomeBeforeTaxRatio": 0.1382082035, "incomeTaxExpense": 18037000, "netIncome": 33220000, "netIncomeRatio": 0.0895736488, "eps": 0.76, "epsdiluted": 0.75, "weightedAverageShsOut": 43522563, "weightedAverageShsOutDil": 44149054, "link": "https://www.sec.gov/Archives/edgar/data/1280058/000119312512088252/0001193125-12-088252-index.htm", "finalLink": "https://www.sec.gov/Archives/edgar/data/1280058/000119312512088252/d265338d10k.htm", "calculatedOtherExpenses": 2780000, "calculatedOperatingExpenses": 162746000, "calculatedNetInterest": -17000, "calculatedOtherIncome": 346000, "calculatedIncomeNonControlling": 0, "calculatedEbitda": 67923000}, {"date": "2010-12-31", "symbol": "BLKB", "reportedCurrency": "USD", "cik": "0001280058", "fillingDate": "2011-03-01", "acceptedDate": "2011-03-01 14:42:55", "calendarYear": "2010", "period": "FY", "revenue": 327094000, "costOfRevenue": 131815000, "grossProfit": 195279000, "grossProfitRatio": 0.5970118681, "researchAndDevelopmentExpenses": 45527000, "generalAndAdministrativeExpenses": 32471000, "sellingAndMarketingExpenses": 70186000, "sellingGeneralAndAdministrativeExpenses": 102657000, "otherExpenses": 798000, "operatingExpenses": 148982000, "costAndExpenses": 280797000, "interestIncome": 84000, "interestExpense": 74000, "depreciationAndAmortization": 16068000, "ebitda": 62449000, "ebitdaratio": 0.1909206528, "operatingIncome": 46297000, "operatingIncomeRatio": 0.1415403523, "totalOtherIncomeExpensesNet": -127000, "incomeBeforeTax": 46180000, "incomeBeforeTaxRatio": 0.141182657, "incomeTaxExpense": 16375000, "netIncome": 29805000, "netIncomeRatio": 0.0911205953, "eps": 0.69, "epsdiluted": 0.68, "weightedAverageShsOut": 43145189, "weightedAverageShsOutDil": 43876155, "link": "https://www.sec.gov/Archives/edgar/data/1280058/000119312511051808/0001193125-11-051808-index.htm", "finalLink": "https://www.sec.gov/Archives/edgar/data/1280058/000119312511051808/d10k.htm", "calculatedOtherExpenses": 798000, "calculatedOperatingExpenses": 148982000, "calculatedNetInterest": 10000, "calculatedOtherIncome": -127000, "calculatedIncomeNonControlling": 0, "calculatedEbitda": 62365000}, {"date": "2009-12-31", "symbol": "BLKB", "reportedCurrency": "USD", "cik": "0001280058", "fillingDate": "2010-02-26", "acceptedDate": "2010-02-26 15:41:33", "calendarYear": "2009", "period": "FY", "revenue": 309338000, "costOfRevenue": 120940000, "grossProfit": 188398000, "grossProfitRatio": 0.6090360706, "researchAndDevelopmentExpenses": 45662000, "generalAndAdministrativeExpenses": 33380000, "sellingAndMarketingExpenses": 62796000, "sellingGeneralAndAdministrativeExpenses": 96176000, "otherExpenses": 768000, "operatingExpenses": 142606000, "costAndExpenses": 263546000, "interestIncome": 637000, "interestExpense": 962000, "depreciationAndAmortization": 15509000, "ebitda": 61938000, "ebitdaratio": 0.2002275828, "operatingIncome": 45792000, "operatingIncomeRatio": 0.1480322495, "totalOtherIncomeExpensesNet": 220000, "incomeBeforeTax": 45687000, "incomeBeforeTaxRatio": 0.147692815, "incomeTaxExpense": 17240000, "netIncome": 28447000, "netIncomeRatio": 0.0919608971, "eps": 0.67, "epsdiluted": 0.65, "weightedAverageShsOut": 42771173, "weightedAverageShsOutDil": 43600048, "link": "https://www.sec.gov/Archives/edgar/data/1280058/000119312510042796/0001193125-10-042796-index.htm", "finalLink": "https://www.sec.gov/Archives/edgar/data/1280058/000119312510042796/d10k.htm", "calculatedOtherExpenses": 768000, "calculatedOperatingExpenses": 142606000, "calculatedNetInterest": -325000, "calculatedOtherIncome": 220000, "calculatedIncomeNonControlling": 0, "calculatedEbitda": 61301000}, {"date": "2008-12-31", "symbol": "BLKB", "reportedCurrency": "USD", "cik": "0001280058", "fillingDate": "2009-03-02", "acceptedDate": "2009-03-02 15:31:50", "calendarYear": "2008", "period": "FY", "revenue": 302495000, "costOfRevenue": 116416000, "grossProfit": 186079000, "grossProfitRatio": 0.6151473578, "researchAndDevelopmentExpenses": 38708000, "generalAndAdministrativeExpenses": 99257000, "sellingAndMarketingExpenses": 65185000, "sellingGeneralAndAdministrativeExpenses": 99257000, "otherExpenses": 713000, "operatingExpenses": 138678000, "costAndExpenses": 255094000, "interestIncome": 526000, "interestExpense": -1526000, "depreciationAndAmortization": 12865000, "ebitda": 60460000, "ebitdaratio": 0.1998710722, "operatingIncome": 47401000, "operatingIncomeRatio": 0.1567001107, "totalOtherIncomeExpensesNet": -194000, "incomeBeforeTax": 46207000, "incomeBeforeTaxRatio": 0.1527529381, "incomeTaxExpense": 16329000, "netIncome": 29878000, "netIncomeRatio": 0.0987718805, "eps": 0.7, "epsdiluted": 0.68, "weightedAverageShsOut": 42958947, "weightedAverageShsOutDil": 43958557, "link": "https://www.sec.gov/Archives/edgar/data/1280058/000119312509042444/0001193125-09-042444-index.htm", "finalLink": "https://www.sec.gov/Archives/edgar/data/1280058/000119312509042444/d10k.htm", "calculatedOtherExpenses": 713000, "calculatedOperatingExpenses": 138678000, "calculatedNetInterest": 2052000, "calculatedOtherIncome": -3246000, "calculatedIncomeNonControlling": 0, "calculatedEbitda": 60266000}, {"date": "2007-12-31", "symbol": "BLKB", "reportedCurrency": "USD", "cik": "0001280058", "fillingDate": "2008-02-29", "acceptedDate": "2008-02-29 17:18:55", "calendarYear": "2007", "period": "FY", "revenue": 257038000, "costOfRevenue": 92477000, "grossProfit": 164561000, "grossProfitRatio": 0.6402205121, "researchAndDevelopmentExpenses": 28525000, "generalAndAdministrativeExpenses": 83138000, "sellingAndMarketingExpenses": 56994000, "sellingGeneralAndAdministrativeExpenses": 83138000, "otherExpenses": 491000, "operatingExpenses": 112154000, "costAndExpenses": 204631000, "interestIncome": 813000, "interestExpense": -1164000, "depreciationAndAmortization": 8149000, "ebitda": 61059000, "ebitdaratio": 0.2375485337, "operatingIncome": 52407000, "operatingIncomeRatio": 0.2038881411, "totalOtherIncomeExpensesNet": -503000, "incomeBeforeTax": 51553000, "incomeBeforeTaxRatio": 0.2005656751, "incomeTaxExpense": 19829000, "netIncome": 31724000, "netIncomeRatio": 0.1234214396, "eps": 0.73, "epsdiluted": 0.71, "weightedAverageShsOut": 43619158, "weightedAverageShsOutDil": 44595483, "link": "https://www.sec.gov/Archives/edgar/data/1280058/000119312508043914/0001193125-08-043914-index.htm", "finalLink": "https://www.sec.gov/Archives/edgar/data/1280058/000119312508043914/d10k.htm", "calculatedOtherExpenses": 491000, "calculatedOperatingExpenses": 112154000, "calculatedNetInterest": 1977000, "calculatedOtherIncome": -2831000, "calculatedIncomeNonControlling": 0, "calculatedEbitda": 60556000}, {"date": "2006-12-31", "symbol": "BLKB", "reportedCurrency": "USD", "cik": "0001280058", "fillingDate": "2007-02-28", "acceptedDate": "2007-02-28 16:24:33", "calendarYear": "2006", "period": "FY", "revenue": 191959000, "costOfRevenue": 57271000, "grossProfit": 134688000, "grossProfitRatio": 0.7016498315, "researchAndDevelopmentExpenses": 23118000, "generalAndAdministrativeExpenses": 63162000, "sellingAndMarketingExpenses": 41405000, "sellingGeneralAndAdministrativeExpenses": 63162000, "otherExpenses": 699000, "operatingExpenses": 86979000, "costAndExpenses": 144250000, "interestIncome": 1584000, "interestExpense": -48000, "depreciationAndAmortization": 3757000, "ebitda": 51704000, "ebitdaratio": 0.2693491839, "operatingIncome": 47709000, "operatingIncomeRatio": 0.2485374481, "totalOtherIncomeExpensesNet": -238000, "incomeBeforeTax": 49007000, "incomeBeforeTaxRatio": 0.2552993087, "incomeTaxExpense": 18499000, "netIncome": 30508000, "netIncomeRatio": 0.1589297715, "eps": 0.7, "epsdiluted": 0.68, "weightedAverageShsOut": 43320096, "weightedAverageShsOutDil": 44668476, "link": "https://www.sec.gov/Archives/edgar/data/1280058/000095014407001722/0000950144-07-001722-index.htm", "finalLink": "https://www.sec.gov/Archives/edgar/data/1280058/000095014407001722/g05572e10vk.htm", "calculatedOtherExpenses": 699000, "calculatedOperatingExpenses": 86979000, "calculatedNetInterest": 1632000, "calculatedOtherIncome": -334000, "calculatedIncomeNonControlling": 0, "calculatedEbitda": 51466000}, {"date": "2005-12-31", "symbol": "BLKB", "reportedCurrency": "USD", "cik": "0001280058", "fillingDate": "2006-03-13", "acceptedDate": "2006-03-13 16:57:33", "calendarYear": "2005", "period": "FY", "revenue": 166296000, "costOfRevenue": 50130000, "grossProfit": 116166000, "grossProfitRatio": 0.6985495743, "researchAndDevelopmentExpenses": 20999000, "generalAndAdministrativeExpenses": 49425000, "sellingAndMarketingExpenses": 33273000, "sellingGeneralAndAdministrativeExpenses": 49425000, "otherExpenses": 18000, "operatingExpenses": 70442000, "costAndExpenses": 120572000, "interestIncome": 964000, "interestExpense": -49000, "depreciationAndAmortization": 2732000, "ebitda": 48450000, "ebitdaratio": 0.2913479579, "operatingIncome": 45724000, "operatingIncomeRatio": 0.274955501, "totalOtherIncomeExpensesNet": 6000, "incomeBeforeTax": 46645000, "incomeBeforeTaxRatio": 0.2804938183, "incomeTaxExpense": 13344000, "netIncome": 33301000, "netIncomeRatio": 0.200251359, "eps": 0.78, "epsdiluted": 0.72, "weightedAverageShsOut": 42559342, "weightedAverageShsOutDil": 46210099, "link": "https://www.sec.gov/Archives/edgar/data/1280058/000095014406002153/0000950144-06-002153-index.htm", "finalLink": "https://www.sec.gov/Archives/edgar/data/1280058/000095014406002153/g00083e10vk.htm", "calculatedOtherExpenses": 18000, "calculatedOperatingExpenses": 70442000, "calculatedNetInterest": 1013000, "calculatedOtherIncome": -92000, "calculatedIncomeNonControlling": 0, "calculatedEbitda": 48456000}, {"date": "2004-12-31", "symbol": "BLKB", "reportedCurrency": "USD", "cik": "0001280058", "fillingDate": "2005-03-14", "acceptedDate": "2005-03-14 17:26:23", "calendarYear": "2004", "period": "FY", "revenue": 138745000, "costOfRevenue": 40539000, "grossProfit": 98206000, "grossProfitRatio": 0.7078164979, "researchAndDevelopmentExpenses": 17875000, "generalAndAdministrativeExpenses": 58687000, "sellingAndMarketingExpenses": 27437000, "sellingGeneralAndAdministrativeExpenses": 58687000, "otherExpenses": 2487000, "operatingExpenses": 79049000, "costAndExpenses": 119588000, "interestIncome": 331000, "interestExpense": -272000, "depreciationAndAmortization": 2705000, "ebitda": 23961000, "ebitdaratio": 0.1726981152, "operatingIncome": 19157000, "operatingIncomeRatio": 0.1380734441, "totalOtherIncomeExpensesNet": -2099000, "incomeBeforeTax": 19572000, "incomeBeforeTaxRatio": 0.1410645429, "incomeTaxExpense": 6931000, "netIncome": 12641000, "netIncomeRatio": 0.0911095895, "eps": 0.3, "epsdiluted": 0.27, "weightedAverageShsOut": 42496000, "weightedAverageShsOutDil": 46541000, "link": "https://www.sec.gov/Archives/edgar/data/1280058/000095014405002491/0000950144-05-002491-index.htm", "finalLink": "https://www.sec.gov/Archives/edgar/data/1280058/000095014405002491/g93584e10vk.htm", "calculatedOtherExpenses": 2487000, "calculatedOperatingExpenses": 79049000, "calculatedNetInterest": 603000, "calculatedOtherIncome": -188000, "calculatedIncomeNonControlling": 0, "calculatedEbitda": 21862000}, {"date": "2003-12-31", "symbol": "BLKB", "reportedCurrency": "USD", "cik": "0001280058", "fillingDate": "2003-12-31", "acceptedDate": "2003-12-30 19:00:00", "calendarYear": "2003", "period": "FY", "revenue": 118093000, "costOfRevenue": 39374000, "grossProfit": 78719000, "grossProfitRatio": 0.6665848103, "researchAndDevelopmentExpenses": 15516000, "generalAndAdministrativeExpenses": 56659000, "sellingAndMarketingExpenses": 0, "sellingGeneralAndAdministrativeExpenses": 56659000, "otherExpenses": 848000, "operatingExpenses": 73023000, "costAndExpenses": 112397000, "interestIncome": 0, "interestExpense": 0, "depreciationAndAmortization": 4487000, "ebitda": 9948000, "ebitdaratio": 0.0842386932, "operatingIncome": 5696000, "operatingIncomeRatio": 0.0482331722, "totalOtherIncomeExpensesNet": 235000, "incomeBeforeTax": 3469000, "incomeBeforeTaxRatio": 0.0293751535, "incomeTaxExpense": 3947000, "netIncome": -478000, "netIncomeRatio": -0.0040476574, "eps": -0.0113, "epsdiluted": -0.0113, "weightedAverageShsOut": 42396000, "weightedAverageShsOutDil": 42396000, "link": "", "finalLink": "", "calculatedOtherExpenses": 848000, "calculatedOperatingExpenses": 73023000, "calculatedNetInterest": 0, "calculatedOtherIncome": -2227000, "calculatedIncomeNonControlling": 0, "calculatedEbitda": 10183000}, {"date": "2002-12-31", "symbol": "BLKB", "reportedCurrency": "USD", "cik": "0001280058", "fillingDate": "2002-12-31", "acceptedDate": "2002-12-30 19:00:00", "calendarYear": "2002", "period": "FY", "revenue": 105229000, "costOfRevenue": 30980000, "grossProfit": 74249000, "grossProfitRatio": 0.7055944654, "researchAndDevelopmentExpenses": 14385000, "generalAndAdministrativeExpenses": 29804000, "sellingAndMarketingExpenses": 0, "sellingGeneralAndAdministrativeExpenses": 29804000, "otherExpenses": 1045000, "operatingExpenses": 45234000, "costAndExpenses": 76214000, "interestIncome": 0, "interestExpense": 0, "depreciationAndAmortization": 4427000, "ebitda": 33379000, "ebitdaratio": 0.3172034325, "operatingIncome": 29015000, "operatingIncomeRatio": 0.275731975, "totalOtherIncomeExpensesNet": 63000, "incomeBeforeTax": 24806000, "incomeBeforeTaxRatio": 0.2357334955, "incomeTaxExpense": 9166000, "netIncome": 15640000, "netIncomeRatio": 0.1486282299, "eps": 0.37, "epsdiluted": 0.37, "weightedAverageShsOut": 42360410, "weightedAverageShsOutDil": 42360410, "link": "", "finalLink": "", "calculatedOtherExpenses": 1045000, "calculatedOperatingExpenses": 45234000, "calculatedNetInterest": 0, "calculatedOtherIncome": -4209000, "calculatedIncomeNonControlling": 0, "calculatedEbitda": 33442000}, {"date": "2001-12-31", "symbol": "BLKB", "reportedCurrency": "USD", "cik": "0001280058", "fillingDate": "2001-12-31", "acceptedDate": "2001-12-30 19:00:00", "calendarYear": "2001", "period": "FY", "revenue": 90034000, "costOfRevenue": 26462000, "grossProfit": 63572000, "grossProfitRatio": 0.7060888109, "researchAndDevelopmentExpenses": 14755000, "generalAndAdministrativeExpenses": 0, "sellingAndMarketingExpenses": 0, "sellingGeneralAndAdministrativeExpenses": 0, "otherExpenses": 0, "operatingExpenses": 14755000, "costAndExpenses": 41217000, "interestIncome": 0, "interestExpense": 0, "depreciationAndAmortization": 26443000, "ebitda": 48817000, "ebitdaratio": 0.5422062776, "operatingIncome": 22374000, "operatingIncomeRatio": 0.2485061199, "totalOtherIncomeExpensesNet": -7980000, "incomeBeforeTax": 14394000, "incomeBeforeTaxRatio": 0.1598729369, "incomeTaxExpense": 5488000, "netIncome": 8906000, "netIncomeRatio": 0.0989181865, "eps": 0.21, "epsdiluted": 0.21, "weightedAverageShsOut": 41492329, "weightedAverageShsOutDil": 41492329, "link": "", "finalLink": "", "calculatedOtherExpenses": 26443000, "calculatedOperatingExpenses": 41198000, "calculatedNetInterest": 0, "calculatedOtherIncome": -7980000, "calculatedIncomeNonControlling": 0, "calculatedEbitda": 48817000}, {"date": "2000-12-31", "symbol": "BLKB", "reportedCurrency": "USD", "cik": "0001280058", "fillingDate": "2000-12-31", "acceptedDate": "2000-12-30 19:00:00", "calendarYear": "2000", "period": "FY", "revenue": 83617000, "costOfRevenue": 25404000, "grossProfit": 58213000, "grossProfitRatio": 0.6961861822, "researchAndDevelopmentExpenses": 13912000, "generalAndAdministrativeExpenses": 10390000, "sellingAndMarketingExpenses": 0, "sellingGeneralAndAdministrativeExpenses": 10390000, "otherExpenses": 14526000, "operatingExpenses": 38828000, "costAndExpenses": 64232000, "interestIncome": 0, "interestExpense": 0, "depreciationAndAmortization": 2200000, "ebitda": 21770000, "ebitdaratio": 0.2603537558, "operatingIncome": 19385000, "operatingIncomeRatio": 0.2318308478, "totalOtherIncomeExpensesNet": -185000, "incomeBeforeTax": 8176000, "incomeBeforeTaxRatio": 0.0977791597, "incomeTaxExpense": 3080000, "netIncome": 5096000, "netIncomeRatio": 0.0609445448, "eps": 0.13, "epsdiluted": 0.13, "weightedAverageShsOut": 40277000, "weightedAverageShsOutDil": 40277000, "link": "", "finalLink": "", "calculatedOtherExpenses": 14526000, "calculatedOperatingExpenses": 38828000, "calculatedNetInterest": 0, "calculatedOtherIncome": -11209000, "calculatedIncomeNonControlling": 0, "calculatedEbitda": 21585000}, {"date": "1999-12-31", "symbol": "BLKB", "reportedCurrency": "USD", "cik": "0001280058", "fillingDate": "1999-12-31", "acceptedDate": "1999-12-30 19:00:00", "calendarYear": "1999", "period": "FY", "revenue": 92477000, "costOfRevenue": 23929000, "grossProfit": 68548000, "grossProfitRatio": 0.7412437687, "researchAndDevelopmentExpenses": 13923000, "generalAndAdministrativeExpenses": 26552000, "sellingAndMarketingExpenses": 0, "sellingGeneralAndAdministrativeExpenses": 26552000, "otherExpenses": 2510000, "operatingExpenses": 42985000, "costAndExpenses": 66914000, "interestIncome": 0, "interestExpense": 0, "depreciationAndAmortization": 2510000, "ebitda": 28152000, "ebitdaratio": 0.30442164, "operatingIncome": 25563000, "operatingIncomeRatio": 0.2764254896, "totalOtherIncomeExpensesNet": -79000, "incomeBeforeTax": 23448000, "incomeBeforeTaxRatio": 0.253554938, "incomeTaxExpense": 659000, "netIncome": 24904000, "netIncomeRatio": 0.2692993934, "eps": 0.59, "epsdiluted": 0.54, "weightedAverageShsOut": 42450873, "weightedAverageShsOutDil": 46312168, "link": "", "finalLink": "", "calculatedOtherExpenses": 2510000, "calculatedOperatingExpenses": 42985000, "calculatedNetInterest": 0, "calculatedOtherIncome": -2115000, "calculatedIncomeNonControlling": -2115000, "calculatedEbitda": 28073000}]}