{"originalCurrency": "USD", "convertedCurrency": "USD", "report": [{"date": "2023-12-31", "symbol": "BLMN", "reportedCurrency": "USD", "cik": "0001546417", "fillingDate": "2024-02-28", "acceptedDate": "2024-02-28 08:04:22", "calendarYear": "2023", "period": "FY", "revenue": 4671470000, "costOfRevenue": 3861111000, "grossProfit": 810359000, "grossProfitRatio": 0.1734698071, "researchAndDevelopmentExpenses": 3500000, "generalAndAdministrativeExpenses": 260470000, "sellingAndMarketingExpenses": 0, "sellingGeneralAndAdministrativeExpenses": 260470000, "otherExpenses": 224745000, "operatingExpenses": 451641000, "costAndExpenses": 4312752000, "interestIncome": 52169000, "interestExpense": 52169000, "depreciationAndAmortization": 191171000, "ebitda": 549889000, "ebitdaratio": 0.1177121977, "operatingIncome": 325144000, "operatingIncomeRatio": 0.0696020739, "totalOtherIncomeExpensesNet": -33574000, "incomeBeforeTax": 272975000, "incomeBeforeTaxRatio": 0.0584344971, "incomeTaxExpense": 18561000, "netIncome": 247386000, "netIncomeRatio": 0.0529567781, "eps": 2.84, "epsdiluted": 2.56, "weightedAverageShsOut": 87230000, "weightedAverageShsOutDil": 96453000, "link": "https://www.sec.gov/Archives/edgar/data/1546417/000154641724000037/0001546417-24-000037-index.htm", "finalLink": "https://www.sec.gov/Archives/edgar/data/1546417/000154641724000037/blmn-20231231.htm", "calculatedOtherExpenses": 221245000, "calculatedOperatingExpenses": 485215000, "calculatedNetInterest": 0, "calculatedOtherIncome": -52169000, "calculatedIncomeNonControlling": 7028000, "calculatedEbitda": 516315000}, {"date": "2022-12-25", "symbol": "BLMN", "reportedCurrency": "USD", "cik": "0001546417", "fillingDate": "2023-02-22", "acceptedDate": "2023-02-22 16:08:27", "calendarYear": "2022", "period": "FY", "revenue": 4416508000, "costOfRevenue": 3675754000, "grossProfit": 740754000, "grossProfitRatio": 0.1677239122, "researchAndDevelopmentExpenses": 2700000, "generalAndAdministrativeExpenses": 234752000, "sellingAndMarketingExpenses": 0, "sellingGeneralAndAdministrativeExpenses": 234752000, "otherExpenses": 169617000, "operatingExpenses": 404369000, "costAndExpenses": 4080123000, "interestIncome": 53176000, "interestExpense": 53176000, "depreciationAndAmortization": 175558000, "ebitda": 505979000, "ebitdaratio": 0.1145653987, "operatingIncome": 330421000, "operatingIncomeRatio": 0.0748149896, "totalOtherIncomeExpensesNet": -178514000, "incomeBeforeTax": 151907000, "incomeBeforeTaxRatio": 0.0343952734, "incomeTaxExpense": 42704000, "netIncome": 101907000, "netIncomeRatio": 0.0230741119, "eps": 1.15, "epsdiluted": 1.03, "weightedAverageShsOut": 88846000, "weightedAverageShsOutDil": 98512000, "link": "https://www.sec.gov/Archives/edgar/data/1546417/000154641723000009/0001546417-23-000009-index.htm", "finalLink": "https://www.sec.gov/Archives/edgar/data/1546417/000154641723000009/blmn-20221225.htm", "calculatedOtherExpenses": 172881000, "calculatedOperatingExpenses": 410333000, "calculatedNetInterest": 0, "calculatedOtherIncome": -178514000, "calculatedIncomeNonControlling": 7296000, "calculatedEbitda": 505979000}, {"date": "2021-12-26", "symbol": "BLMN", "reportedCurrency": "USD", "cik": "0001546417", "fillingDate": "2022-02-23", "acceptedDate": "2022-02-23 16:11:34", "calendarYear": "2021", "period": "FY", "revenue": 4122385000, "costOfRevenue": 3390683000, "grossProfit": 731702000, "grossProfitRatio": 0.177494824, "researchAndDevelopmentExpenses": 2600000, "generalAndAdministrativeExpenses": 245616000, "sellingAndMarketingExpenses": 0, "sellingGeneralAndAdministrativeExpenses": 245616000, "otherExpenses": 163391000, "operatingExpenses": 409007000, "costAndExpenses": 3799690000, "interestIncome": 57614000, "interestExpense": 57614000, "depreciationAndAmortization": 177154000, "ebitda": 486112000, "ebitdaratio": 0.1179200875, "operatingIncome": 308958000, "operatingIncomeRatio": 0.0749464206, "totalOtherIncomeExpensesNet": -59661000, "incomeBeforeTax": 249297000, "incomeBeforeTaxRatio": 0.0604739732, "incomeTaxExpense": 26384000, "netIncome": 215555000, "netIncomeRatio": 0.0522889056, "eps": 2.42, "epsdiluted": 2, "weightedAverageShsOut": 88981000, "weightedAverageShsOutDil": 107803000, "link": "https://www.sec.gov/Archives/edgar/data/1546417/000154641722000006/0001546417-22-000006-index.htm", "finalLink": "https://www.sec.gov/Archives/edgar/data/1546417/000154641722000006/blmn-20211226.htm", "calculatedOtherExpenses": 174528000, "calculatedOperatingExpenses": 422744000, "calculatedNetInterest": 0, "calculatedOtherIncome": -59661000, "calculatedIncomeNonControlling": 7358000, "calculatedEbitda": 486112000}, {"date": "2020-12-27", "symbol": "BLMN", "reportedCurrency": "USD", "cik": "0001546417", "fillingDate": "2021-02-24", "acceptedDate": "2021-02-24 16:07:33", "calendarYear": "2020", "period": "FY", "revenue": 3170561000, "costOfRevenue": 2834563000, "grossProfit": 335998000, "grossProfitRatio": 0.1059743055, "researchAndDevelopmentExpenses": 2400000, "generalAndAdministrativeExpenses": 254356000, "sellingAndMarketingExpenses": 0, "sellingGeneralAndAdministrativeExpenses": 254356000, "otherExpenses": 180261000, "operatingExpenses": 434617000, "costAndExpenses": 3269180000, "interestIncome": 64441999, "interestExpense": 64442000, "depreciationAndAmortization": 180261000, "ebitda": 81773000, "ebitdaratio": 0.0257913347, "operatingIncome": -98488000, "operatingIncomeRatio": -0.0310632724, "totalOtherIncomeExpensesNet": -141033000, "incomeBeforeTax": -239521000, "incomeBeforeTaxRatio": -0.0755453057, "incomeTaxExpense": -80726000, "netIncome": -158795000, "netIncomeRatio": -0.0500841965, "eps": -1.82, "epsdiluted": -1.82, "weightedAverageShsOut": 87468000, "weightedAverageShsOutDil": 87468000, "link": "https://www.sec.gov/Archives/edgar/data/1546417/000154641721000023/0001546417-21-000023-index.htm", "finalLink": "https://www.sec.gov/Archives/edgar/data/1546417/000154641721000023/blmn-20201227.htm", "calculatedOtherExpenses": 177730000, "calculatedOperatingExpenses": 434486000, "calculatedNetInterest": -1, "calculatedOtherIncome": -141032999, "calculatedIncomeNonControlling": 0, "calculatedEbitda": 81773000}, {"date": "2019-12-29", "symbol": "BLMN", "reportedCurrency": "USD", "cik": "0001546417", "fillingDate": "2020-02-26", "acceptedDate": "2020-02-26 16:08:59", "calendarYear": "2019", "period": "FY", "revenue": 4139389000, "costOfRevenue": 3467164000, "grossProfit": 672225000, "grossProfitRatio": 0.1623971557, "researchAndDevelopmentExpenses": 3400000, "generalAndAdministrativeExpenses": 275239000, "sellingAndMarketingExpenses": 0, "sellingGeneralAndAdministrativeExpenses": 275239000, "otherExpenses": 196811000, "operatingExpenses": 472050000, "costAndExpenses": 3939214000, "interestIncome": 49257000, "interestExpense": 49257000, "depreciationAndAmortization": 205753000, "ebitda": 396843000, "ebitdaratio": 0.095869946, "operatingIncome": 191090000, "operatingIncomeRatio": 0.0461638179, "totalOtherIncomeExpensesNet": -49400000, "incomeBeforeTax": 141690000, "incomeBeforeTaxRatio": 0.0342296895, "incomeTaxExpense": 7573000, "netIncome": 130573000, "netIncomeRatio": 0.0315440274, "eps": 1.47, "epsdiluted": 1.45, "weightedAverageShsOut": 88839000, "weightedAverageShsOutDil": 89777000, "link": "https://www.sec.gov/Archives/edgar/data/1546417/000154641720000032/0001546417-20-000032-index.htm", "finalLink": "https://www.sec.gov/Archives/edgar/data/1546417/000154641720000032/blmn-12291910k.htm", "calculatedOtherExpenses": 202496000, "calculatedOperatingExpenses": 481135000, "calculatedNetInterest": 0, "calculatedOtherIncome": -49400000, "calculatedIncomeNonControlling": 3544000, "calculatedEbitda": 396843000}, {"date": "2018-12-30", "symbol": "BLMN", "reportedCurrency": "USD", "cik": "0001546417", "fillingDate": "2019-02-27", "acceptedDate": "2019-02-27 16:07:38", "calendarYear": "2018", "period": "FY", "revenue": 4126413000, "costOfRevenue": 3459984000, "grossProfit": 666429000, "grossProfitRatio": 0.1615032233, "researchAndDevelopmentExpenses": 0, "generalAndAdministrativeExpenses": 282720000, "sellingAndMarketingExpenses": 0, "sellingGeneralAndAdministrativeExpenses": 282720000, "otherExpenses": -11000, "operatingExpenses": 484313000, "costAndExpenses": 3944297000, "interestIncome": 0, "interestExpense": 44937000, "depreciationAndAmortization": 201593000, "ebitda": 383698000, "ebitdaratio": 0.0929858451, "operatingIncome": 145253000, "operatingIncomeRatio": 0.0352007906, "totalOtherIncomeExpensesNet": -36874000, "incomeBeforeTax": 100305000, "incomeBeforeTaxRatio": 0.024308037, "incomeTaxExpense": -9233000, "netIncome": 107098000, "netIncomeRatio": 0.025954261, "eps": 1.16, "epsdiluted": 1.14, "weightedAverageShsOut": 92042000, "weightedAverageShsOutDil": 94075000, "link": "https://www.sec.gov/Archives/edgar/data/1546417/000154641719000035/0001546417-19-000035-index.htm", "finalLink": "https://www.sec.gov/Archives/edgar/data/1546417/000154641719000035/blmn-123018_10k.htm", "calculatedOtherExpenses": 238456000, "calculatedOperatingExpenses": 521176000, "calculatedNetInterest": -44937000, "calculatedOtherIncome": -11000, "calculatedIncomeNonControlling": 2440000, "calculatedEbitda": 346846000}, {"date": "2017-12-31", "symbol": "BLMN", "reportedCurrency": "USD", "cik": "0001546417", "fillingDate": "2018-02-28", "acceptedDate": "2018-02-28 17:18:22", "calendarYear": "2017", "period": "FY", "revenue": 4213346000, "costOfRevenue": 3515687000, "grossProfit": 697659000, "grossProfitRatio": 0.1655831256, "researchAndDevelopmentExpenses": 0, "generalAndAdministrativeExpenses": 306956000, "sellingAndMarketingExpenses": 0, "sellingGeneralAndAdministrativeExpenses": 306956000, "otherExpenses": 14912000, "operatingExpenses": 499238000, "costAndExpenses": 4014925000, "interestIncome": 0, "interestExpense": 41392000, "depreciationAndAmortization": 192282000, "ebitda": 405615000, "ebitdaratio": 0.0962690935, "operatingIncome": 146092000, "operatingIncomeRatio": 0.0346736299, "totalOtherIncomeExpensesNet": -38486000, "incomeBeforeTax": 118543000, "incomeBeforeTaxRatio": 0.0281351211, "incomeTaxExpense": 15985000, "netIncome": 100243000, "netIncomeRatio": 0.0237917797, "eps": 1.05, "epsdiluted": 1.02, "weightedAverageShsOut": 96365000, "weightedAverageShsOutDil": 99707000, "link": "https://www.sec.gov/Archives/edgar/data/1546417/000154641718000042/0001546417-18-000042-index.htm", "finalLink": "https://www.sec.gov/Archives/edgar/data/1546417/000154641718000042/blmn-123117_10k.htm", "calculatedOtherExpenses": 244611000, "calculatedOperatingExpenses": 551567000, "calculatedNetInterest": -41392000, "calculatedOtherIncome": 13843000, "calculatedIncomeNonControlling": 2315000, "calculatedEbitda": 338374000}, {"date": "2016-12-25", "symbol": "BLMN", "reportedCurrency": "USD", "cik": "0001546417", "fillingDate": "2017-02-22", "acceptedDate": "2017-02-22 16:39:53", "calendarYear": "2016", "period": "FY", "revenue": 4252312000, "costOfRevenue": 3558260000, "grossProfit": 694052000, "grossProfitRatio": 0.1632175626, "researchAndDevelopmentExpenses": 0, "generalAndAdministrativeExpenses": 267981000, "sellingAndMarketingExpenses": 0, "sellingGeneralAndAdministrativeExpenses": 267981000, "otherExpenses": 1609000, "operatingExpenses": 461819000, "costAndExpenses": 4020079000, "interestIncome": 0, "interestExpense": 45726000, "depreciationAndAmortization": 193838000, "ebitda": 427680000, "ebitdaratio": 0.100575875, "operatingIncome": 127606000, "operatingIncomeRatio": 0.0300086165, "totalOtherIncomeExpensesNet": -130016000, "incomeBeforeTax": 56491000, "incomeBeforeTaxRatio": 0.0132847731, "incomeTaxExpense": 10144000, "netIncome": 41748000, "netIncomeRatio": 0.009817718, "eps": 0.35, "epsdiluted": 0.34, "weightedAverageShsOut": 111381000, "weightedAverageShsOutDil": 114311000, "link": "https://www.sec.gov/Archives/edgar/data/1546417/000154641717000012/0001546417-17-000012-index.htm", "finalLink": "https://www.sec.gov/Archives/edgar/data/1546417/000154641717000012/blmn-122516_10k.htm", "calculatedOtherExpenses": 298465000, "calculatedOperatingExpenses": 566446000, "calculatedNetInterest": -45726000, "calculatedOtherIncome": -25389000, "calculatedIncomeNonControlling": 4599000, "calculatedEbitda": 321444000}, {"date": "2015-12-27", "symbol": "BLMN", "reportedCurrency": "USD", "cik": "0001546417", "fillingDate": "2016-02-24", "acceptedDate": "2016-02-24 16:23:26", "calendarYear": "2015", "period": "FY", "revenue": 4377676000, "costOfRevenue": 3632071000, "grossProfit": 745605000, "grossProfitRatio": 0.1703198227, "researchAndDevelopmentExpenses": 0, "generalAndAdministrativeExpenses": 287614000, "sellingAndMarketingExpenses": 0, "sellingGeneralAndAdministrativeExpenses": 287614000, "otherExpenses": -939000, "operatingExpenses": 478013000, "costAndExpenses": 4110084000, "interestIncome": 0, "interestExpense": 56176000, "depreciationAndAmortization": 190399000, "ebitda": 457052000, "ebitdaratio": 0.1044051684, "operatingIncome": 230925000, "operatingIncomeRatio": 0.0527505919, "totalOtherIncomeExpensesNet": -40562000, "incomeBeforeTax": 170854000, "incomeBeforeTaxRatio": 0.0390284708, "incomeTaxExpense": 39294000, "netIncome": 127327000, "netIncomeRatio": 0.0290855239, "eps": 1.04, "epsdiluted": 1.01, "weightedAverageShsOut": 122352000, "weightedAverageShsOutDil": 125585000, "link": "https://www.sec.gov/Archives/edgar/data/1546417/000154641716000109/0001546417-16-000109-index.htm", "finalLink": "https://www.sec.gov/Archives/edgar/data/1546417/000154641716000109/blmn-122715_10k.htm", "calculatedOtherExpenses": 227066000, "calculatedOperatingExpenses": 514680000, "calculatedNetInterest": -56176000, "calculatedOtherIncome": -3895000, "calculatedIncomeNonControlling": 4233000, "calculatedEbitda": 421324000}, {"date": "2014-12-28", "symbol": "BLMN", "reportedCurrency": "USD", "cik": "0001546417", "fillingDate": "2015-02-24", "acceptedDate": "2015-02-24 16:47:46", "calendarYear": "2014", "period": "FY", "revenue": 4442711000, "costOfRevenue": 3703373000, "grossProfit": 739338000, "grossProfitRatio": 0.1664159564, "researchAndDevelopmentExpenses": 0, "generalAndAdministrativeExpenses": 304382000, "sellingAndMarketingExpenses": 0, "sellingGeneralAndAdministrativeExpenses": 304382000, "otherExpenses": -1244000, "operatingExpenses": 495293000, "costAndExpenses": 4198666000, "interestIncome": 0, "interestExpense": 59658000, "depreciationAndAmortization": 190911000, "ebitda": 433712000, "ebitdaratio": 0.0976232755, "operatingIncome": 191964000, "operatingIncomeRatio": 0.0432087525, "totalOtherIncomeExpensesNet": -64417000, "incomeBeforeTax": 119970000, "incomeBeforeTaxRatio": 0.0270037822, "incomeTaxExpense": 24044000, "netIncome": 91090000, "netIncomeRatio": 0.0205032468, "eps": 0.73, "epsdiluted": 0.71, "weightedAverageShsOut": 125139000, "weightedAverageShsOutDil": 128317000, "link": "https://www.sec.gov/Archives/edgar/data/1546417/000154641715000027/0001546417-15-000027-index.htm", "finalLink": "https://www.sec.gov/Archives/edgar/data/1546417/000154641715000027/blmn-122814_10k.htm", "calculatedOtherExpenses": 242992000, "calculatedOperatingExpenses": 547374000, "calculatedNetInterest": -59658000, "calculatedOtherIncome": -12336000, "calculatedIncomeNonControlling": 4836000, "calculatedEbitda": 382875000}, {"date": "2013-12-31", "symbol": "BLMN", "reportedCurrency": "USD", "cik": "0001546417", "fillingDate": "2014-03-03", "acceptedDate": "2014-03-03 08:01:36", "calendarYear": "2013", "period": "FY", "revenue": 4129230000, "costOfRevenue": 3455743000, "grossProfit": 673487000, "grossProfitRatio": 0.1631023217, "researchAndDevelopmentExpenses": 0, "generalAndAdministrativeExpenses": 268928000, "sellingAndMarketingExpenses": 0, "sellingGeneralAndAdministrativeExpenses": 268928000, "otherExpenses": -246000, "operatingExpenses": 433022000, "costAndExpenses": 3888765000, "interestIncome": 0, "interestExpense": 74773000, "depreciationAndAmortization": 164094000, "ebitda": 448651000, "ebitdaratio": 0.1086524606, "operatingIncome": 225357000, "operatingIncomeRatio": 0.0545760348, "totalOtherIncomeExpensesNet": 6668000, "incomeBeforeTax": 172360000, "incomeBeforeTaxRatio": 0.0417414385, "incomeTaxExpense": -42208000, "netIncome": 208367000, "netIncomeRatio": 0.0504614662, "eps": 1.69, "epsdiluted": 1.63, "weightedAverageShsOut": 122972000, "weightedAverageShsOutDil": 128074000, "link": "https://www.sec.gov/Archives/edgar/data/1546417/000154641714000056/0001546417-14-000056-index.htm", "finalLink": "https://www.sec.gov/Archives/edgar/data/1546417/000154641714000056/blmn-12311310k.htm", "calculatedOtherExpenses": 179202000, "calculatedOperatingExpenses": 448130000, "calculatedNetInterest": -74773000, "calculatedOtherIncome": 21776000, "calculatedIncomeNonControlling": 6201000, "calculatedEbitda": 389451000}, {"date": "2012-12-31", "symbol": "BLMN", "reportedCurrency": "USD", "cik": "0001546417", "fillingDate": "2013-03-04", "acceptedDate": "2013-03-04 16:03:11", "calendarYear": "2012", "period": "FY", "revenue": 3987795000, "costOfRevenue": 3317148000, "grossProfit": 670647000, "grossProfitRatio": 0.1681748936, "researchAndDevelopmentExpenses": 0, "generalAndAdministrativeExpenses": 326473000, "sellingAndMarketingExpenses": 0, "sellingGeneralAndAdministrativeExpenses": 326473000, "otherExpenses": -128000, "operatingExpenses": 481955000, "costAndExpenses": 3799103000, "interestIncome": 0, "interestExpense": 86642000, "depreciationAndAmortization": 155482000, "ebitda": 349496000, "ebitdaratio": 0.0876414159, "operatingIncome": 181137000, "operatingIncomeRatio": 0.0454228465, "totalOtherIncomeExpensesNet": -28640000, "incomeBeforeTax": 73410000, "incomeBeforeTaxRatio": 0.0184086695, "incomeTaxExpense": 12106000, "netIncome": 49971000, "netIncomeRatio": 0.0125309852, "eps": 0.45, "epsdiluted": 0.44, "weightedAverageShsOut": 111999000, "weightedAverageShsOutDil": 114821000, "link": "https://www.sec.gov/Archives/edgar/data/1546417/000154641713000038/0001546417-13-000038-index.htm", "finalLink": "https://www.sec.gov/Archives/edgar/data/1546417/000154641713000038/blmn12311210k.htm", "calculatedOtherExpenses": 163037000, "calculatedOperatingExpenses": 489510000, "calculatedNetInterest": -86642000, "calculatedOtherIncome": -21085000, "calculatedIncomeNonControlling": 11333000, "calculatedEbitda": 336619000}, {"date": "2011-12-31", "symbol": "BLMN", "reportedCurrency": "USD", "cik": "0001546417", "fillingDate": "2011-12-31", "acceptedDate": "2011-12-30 19:00:00", "calendarYear": "2011", "period": "FY", "revenue": 3841264000, "costOfRevenue": 1226098000, "grossProfit": 2615166000, "grossProfitRatio": 0.680808713, "researchAndDevelopmentExpenses": 0, "generalAndAdministrativeExpenses": 2275245000, "sellingAndMarketingExpenses": 0, "sellingGeneralAndAdministrativeExpenses": 2275245000, "otherExpenses": 126469000, "operatingExpenses": 2401714000, "costAndExpenses": 3627812000, "interestIncome": 0, "interestExpense": 0, "depreciationAndAmortization": 153689000, "ebitda": 366311000, "ebitdaratio": 0.0953620996, "operatingIncome": 213452000, "operatingIncomeRatio": 0.0555681671, "totalOtherIncomeExpensesNet": 830000, "incomeBeforeTax": 130895000, "incomeBeforeTaxRatio": 0.0340760229, "incomeTaxExpense": 21716000, "netIncome": 100005000, "netIncomeRatio": 0.0260343991, "eps": 0.94, "epsdiluted": 0.93, "weightedAverageShsOut": 106361000, "weightedAverageShsOutDil": 107255000, "link": "", "finalLink": "", "calculatedOtherExpenses": 126469000, "calculatedOperatingExpenses": 2401714000, "calculatedNetInterest": 0, "calculatedOtherIncome": -82557000, "calculatedIncomeNonControlling": 9174000, "calculatedEbitda": 367141000}, {"date": "2010-12-31", "symbol": "BLMN", "reportedCurrency": "USD", "cik": "0001546417", "fillingDate": "2010-12-31", "acceptedDate": "2010-12-30 19:00:00", "calendarYear": "2010", "period": "FY", "revenue": 3628287000, "costOfRevenue": 3050604000, "grossProfit": 577683000, "grossProfitRatio": 0.1592164567, "researchAndDevelopmentExpenses": 0, "generalAndAdministrativeExpenses": 252793000, "sellingAndMarketingExpenses": 0, "sellingGeneralAndAdministrativeExpenses": 252793000, "otherExpenses": 2993000, "operatingExpenses": 409060000, "costAndExpenses": 3459664000, "interestIncome": 0, "interestExpense": 91428000, "depreciationAndAmortization": 156267000, "ebitda": 333375000, "ebitdaratio": 0.0918822023, "operatingIncome": 168911000, "operatingIncomeRatio": 0.0465539248, "totalOtherIncomeExpensesNet": 3281000, "incomeBeforeTax": 80476000, "incomeBeforeTaxRatio": 0.0221801638, "incomeTaxExpense": 21300000, "netIncome": 52968000, "netIncomeRatio": 0.0145986246, "eps": 0.5, "epsdiluted": 0.49, "weightedAverageShsOut": 106361000, "weightedAverageShsOutDil": 107255000, "link": "", "finalLink": "", "calculatedOtherExpenses": 155979000, "calculatedOperatingExpenses": 408772000, "calculatedNetInterest": -91428000, "calculatedOtherIncome": 2993000, "calculatedIncomeNonControlling": 6208000, "calculatedEbitda": 325178000}, {"date": "2009-12-31", "symbol": "BLMN", "reportedCurrency": "USD", "cik": "0001546417", "fillingDate": "2009-12-31", "acceptedDate": "2009-12-30 19:00:00", "calendarYear": "2009", "period": "FY", "revenue": 3601656000, "costOfRevenue": 1184074000, "grossProfit": 2417582000, "grossProfitRatio": 0.6712417843, "researchAndDevelopmentExpenses": 0, "generalAndAdministrativeExpenses": 2126057000, "sellingAndMarketingExpenses": 0, "sellingGeneralAndAdministrativeExpenses": 2126057000, "otherExpenses": 342663000, "operatingExpenses": 2468720000, "costAndExpenses": 3652794000, "interestIncome": 0, "interestExpense": 0, "depreciationAndAmortization": 186074000, "ebitda": 35223000, "ebitdaratio": 0.009779668, "operatingIncome": -109287000, "operatingIncomeRatio": -0.030343542, "totalOtherIncomeExpensesNet": 99713000, "incomeBeforeTax": -67305000, "incomeBeforeTaxRatio": -0.0186872372, "incomeTaxExpense": -2462000, "netIncome": -64463000, "netIncomeRatio": -0.0178981557, "eps": -0.62, "epsdiluted": -0.62, "weightedAverageShsOut": 104442000, "weightedAverageShsOutDil": 104442000, "link": "", "finalLink": "", "calculatedOtherExpenses": 400812000, "calculatedOperatingExpenses": 2526869000, "calculatedNetInterest": 0, "calculatedOtherIncome": 41982000, "calculatedIncomeNonControlling": -380000, "calculatedEbitda": 76787000}]}