{"originalCurrency": "USD", "convertedCurrency": "USD", "report": [{"date": "2023-12-31", "symbol": "BMI", "reportedCurrency": "USD", "cik": "0000009092", "fillingDate": "2024-02-16", "acceptedDate": "2024-02-16 13:26:48", "calendarYear": "2023", "period": "FY", "revenue": 703592000, "costOfRevenue": 427154000, "grossProfit": 276438000, "grossProfitRatio": 0.3928953143, "researchAndDevelopmentExpenses": 19000000, "generalAndAdministrativeExpenses": 158519000, "sellingAndMarketingExpenses": -19130000, "sellingGeneralAndAdministrativeExpenses": 139389000, "otherExpenses": 0, "operatingExpenses": 158389000, "costAndExpenses": 585543000, "interestIncome": 4046999, "interestExpense": 0, "depreciationAndAmortization": 28110000, "ebitda": 146159000, "ebitdaratio": 0.2077326064, "operatingIncome": 118049000, "operatingIncomeRatio": 0.167780475, "totalOtherIncomeExpensesNet": 3917000, "incomeBeforeTax": 121966000, "incomeBeforeTaxRatio": 0.1733476219, "incomeTaxExpense": 29368000, "netIncome": 92598000, "netIncomeRatio": 0.1316075225, "eps": 3.16, "epsdiluted": 3.14, "weightedAverageShsOut": 29284000, "weightedAverageShsOutDil": 29456000, "link": "https://www.sec.gov/Archives/edgar/data/9092/000095017024016245/0000950170-24-016245-index.htm", "finalLink": "https://www.sec.gov/Archives/edgar/data/9092/000095017024016245/bmi-20231231.htm", "calculatedOtherExpenses": 0, "calculatedOperatingExpenses": 158389000, "calculatedNetInterest": 4046999, "calculatedOtherIncome": -129999, "calculatedIncomeNonControlling": 0, "calculatedEbitda": 146159000}, {"date": "2022-12-31", "symbol": "BMI", "reportedCurrency": "USD", "cik": "0000009092", "fillingDate": "2023-02-22", "acceptedDate": "2023-02-22 14:02:37", "calendarYear": "2022", "period": "FY", "revenue": 565568000, "costOfRevenue": 345598000, "grossProfit": 219970000, "grossProfitRatio": 0.388936432, "researchAndDevelopmentExpenses": 15800000, "generalAndAdministrativeExpenses": 132805000, "sellingAndMarketingExpenses": 0, "sellingGeneralAndAdministrativeExpenses": 132805000, "otherExpenses": 0, "operatingExpenses": 132805000, "costAndExpenses": 478403000, "interestIncome": 552000, "interestExpense": 552000, "depreciationAndAmortization": 26111000, "ebitda": 113406000, "ebitdaratio": 0.2005170024, "operatingIncome": 87295000, "operatingIncomeRatio": 0.154349256, "totalOtherIncomeExpensesNet": 422000, "incomeBeforeTax": 87717000, "incomeBeforeTaxRatio": 0.1550954085, "incomeTaxExpense": 21221000, "netIncome": 66496000, "netIncomeRatio": 0.1175738373, "eps": 2.28, "epsdiluted": 2.26, "weightedAverageShsOut": 29218000, "weightedAverageShsOutDil": 29376000, "link": "https://www.sec.gov/Archives/edgar/data/9092/000095017023003676/0000950170-23-003676-index.htm", "finalLink": "https://www.sec.gov/Archives/edgar/data/9092/000095017023003676/bmi-20221231.htm", "calculatedOtherExpenses": -15930000, "calculatedOperatingExpenses": 132675000, "calculatedNetInterest": 0, "calculatedOtherIncome": 422000, "calculatedIncomeNonControlling": 0, "calculatedEbitda": 113406000}, {"date": "2021-12-31", "symbol": "BMI", "reportedCurrency": "USD", "cik": "0000009092", "fillingDate": "2022-02-23", "acceptedDate": "2022-02-23 16:34:10", "calendarYear": "2021", "period": "FY", "revenue": 505198000, "costOfRevenue": 299714000, "grossProfit": 205484000, "grossProfitRatio": 0.4067395358, "researchAndDevelopmentExpenses": 14700000, "generalAndAdministrativeExpenses": 126881000, "sellingAndMarketingExpenses": 0, "sellingGeneralAndAdministrativeExpenses": 126881000, "otherExpenses": -120000, "operatingExpenses": 126881000, "costAndExpenses": 426595000, "interestIncome": 20000, "interestExpense": -20000, "depreciationAndAmortization": 27742000, "ebitda": 106465000, "ebitdaratio": 0.2107391557, "operatingIncome": 78723000, "operatingIncomeRatio": 0.1558260326, "totalOtherIncomeExpensesNet": -100000, "incomeBeforeTax": 78623000, "incomeBeforeTaxRatio": 0.1556280904, "incomeTaxExpense": 17739000, "netIncome": 60884000, "netIncomeRatio": 0.1205151248, "eps": 2.09, "epsdiluted": 2.08, "weightedAverageShsOut": 29144000, "weightedAverageShsOutDil": 29338000, "link": "https://www.sec.gov/Archives/edgar/data/9092/000156459022006284/0001564590-22-006284-index.htm", "finalLink": "https://www.sec.gov/Archives/edgar/data/9092/000156459022006284/bmi-10k_20211231.htm", "calculatedOtherExpenses": -14820000, "calculatedOperatingExpenses": 126761000, "calculatedNetInterest": 40000, "calculatedOtherIncome": -140000, "calculatedIncomeNonControlling": 0, "calculatedEbitda": 106465000}, {"date": "2020-12-31", "symbol": "BMI", "reportedCurrency": "USD", "cik": "0000009092", "fillingDate": "2021-02-24", "acceptedDate": "2021-02-24 16:50:56", "calendarYear": "2020", "period": "FY", "revenue": 425544000, "costOfRevenue": 257295000, "grossProfit": 168249000, "grossProfitRatio": 0.3953739214, "researchAndDevelopmentExpenses": 11600000, "generalAndAdministrativeExpenses": 103238000, "sellingAndMarketingExpenses": 0, "sellingGeneralAndAdministrativeExpenses": 103238000, "otherExpenses": -145000, "operatingExpenses": 103238000, "costAndExpenses": 360533000, "interestIncome": 30000, "interestExpense": 30000, "depreciationAndAmortization": 25071000, "ebitda": 90227000, "ebitdaratio": 0.2120274284, "operatingIncome": 65156000, "operatingIncomeRatio": 0.1531122516, "totalOtherIncomeExpensesNet": -175000, "incomeBeforeTax": 64981000, "incomeBeforeTaxRatio": 0.1527010133, "incomeTaxExpense": 15638000, "netIncome": 49343000, "netIncomeRatio": 0.1159527569, "eps": 1.7, "epsdiluted": 1.69, "weightedAverageShsOut": 29052000, "weightedAverageShsOutDil": 29230000, "link": "https://www.sec.gov/Archives/edgar/data/9092/000156459021008150/0001564590-21-008150-index.htm", "finalLink": "https://www.sec.gov/Archives/edgar/data/9092/000156459021008150/bmi-10k_20201231.htm", "calculatedOtherExpenses": -11745000, "calculatedOperatingExpenses": 103093000, "calculatedNetInterest": 0, "calculatedOtherIncome": -175000, "calculatedIncomeNonControlling": 0, "calculatedEbitda": 90227000}, {"date": "2019-12-31", "symbol": "BMI", "reportedCurrency": "USD", "cik": "0000009092", "fillingDate": "2020-02-21", "acceptedDate": "2020-02-21 14:27:06", "calendarYear": "2019", "period": "FY", "revenue": 424625000, "costOfRevenue": 261097000, "grossProfit": 163528000, "grossProfitRatio": 0.385111569, "researchAndDevelopmentExpenses": 11900000, "generalAndAdministrativeExpenses": 101668000, "sellingAndMarketingExpenses": 0, "sellingGeneralAndAdministrativeExpenses": 101668000, "otherExpenses": -288000, "operatingExpenses": 101668000, "costAndExpenses": 362765000, "interestIncome": 253000, "interestExpense": 253000, "depreciationAndAmortization": 23858000, "ebitda": 86006000, "ebitdaratio": 0.2025457757, "operatingIncome": 62148000, "operatingIncomeRatio": 0.1463597292, "totalOtherIncomeExpensesNet": -541000, "incomeBeforeTax": 61607000, "incomeBeforeTaxRatio": 0.1450856638, "incomeTaxExpense": 14430000, "netIncome": 47177000, "netIncomeRatio": 0.1111027377, "eps": 1.63, "epsdiluted": 1.61, "weightedAverageShsOut": 29028000, "weightedAverageShsOutDil": 29220000, "link": "https://www.sec.gov/Archives/edgar/data/9092/000156459020005707/0001564590-20-005707-index.htm", "finalLink": "https://www.sec.gov/Archives/edgar/data/9092/000156459020005707/bmi-10k_20191231.htm", "calculatedOtherExpenses": -12188000, "calculatedOperatingExpenses": 101380000, "calculatedNetInterest": 0, "calculatedOtherIncome": -541000, "calculatedIncomeNonControlling": 0, "calculatedEbitda": 86006000}, {"date": "2018-12-31", "symbol": "BMI", "reportedCurrency": "USD", "cik": "0000009092", "fillingDate": "2019-02-26", "acceptedDate": "2019-02-26 16:22:58", "calendarYear": "2018", "period": "FY", "revenue": 433732000, "costOfRevenue": 271383000, "grossProfit": 162349000, "grossProfitRatio": 0.3743071759, "researchAndDevelopmentExpenses": 11100000, "generalAndAdministrativeExpenses": 125340000, "sellingAndMarketingExpenses": 0, "sellingGeneralAndAdministrativeExpenses": 125340000, "otherExpenses": -19860000, "operatingExpenses": 125340000, "costAndExpenses": 396723000, "interestIncome": 0, "interestExpense": 1157000, "depreciationAndAmortization": 24315000, "ebitda": 37009000, "ebitdaratio": 0.0853268839, "operatingIncome": 56869000, "operatingIncomeRatio": 0.1311155276, "totalOtherIncomeExpensesNet": -19860000, "incomeBeforeTax": 35852000, "incomeBeforeTaxRatio": 0.082659338, "incomeTaxExpense": 8062000, "netIncome": 27790000, "netIncomeRatio": 0.0640718232, "eps": 0.96, "epsdiluted": 0.95, "weightedAverageShsOut": 28993074, "weightedAverageShsOutDil": 29189257, "link": "https://www.sec.gov/Archives/edgar/data/9092/000156459019004479/0001564590-19-004479-index.htm", "finalLink": "https://www.sec.gov/Archives/edgar/data/9092/000156459019004479/bmi-10k_20181231.htm", "calculatedOtherExpenses": -30960000, "calculatedOperatingExpenses": 105480000, "calculatedNetInterest": -1157000, "calculatedOtherIncome": -19860000, "calculatedIncomeNonControlling": 0, "calculatedEbitda": 81184000}, {"date": "2017-12-31", "symbol": "BMI", "reportedCurrency": "USD", "cik": "0000009092", "fillingDate": "2018-03-01", "acceptedDate": "2018-02-28 17:47:42", "calendarYear": "2017", "period": "FY", "revenue": 402440000, "costOfRevenue": 246694000, "grossProfit": 155746000, "grossProfitRatio": 0.3870042739, "researchAndDevelopmentExpenses": 10600000, "generalAndAdministrativeExpenses": 100124000, "sellingAndMarketingExpenses": 0, "sellingGeneralAndAdministrativeExpenses": 100124000, "otherExpenses": 0, "operatingExpenses": 100124000, "costAndExpenses": 346818000, "interestIncome": 0, "interestExpense": 789000, "depreciationAndAmortization": 24398000, "ebitda": 55622000, "ebitdaratio": 0.1382119074, "operatingIncome": 55622000, "operatingIncomeRatio": 0.1382119074, "totalOtherIncomeExpensesNet": -789000, "incomeBeforeTax": 54833000, "incomeBeforeTaxRatio": 0.1362513667, "incomeTaxExpense": 20262000, "netIncome": 34571000, "netIncomeRatio": 0.0859034887, "eps": 1.2, "epsdiluted": 1.19, "weightedAverageShsOut": 28927487, "weightedAverageShsOutDil": 29111291, "link": "https://www.sec.gov/Archives/edgar/data/9092/000000909218000002/0000009092-18-000002-index.htm", "finalLink": "https://www.sec.gov/Archives/edgar/data/9092/000000909218000002/bmi-20171231x10k.htm", "calculatedOtherExpenses": -10600000, "calculatedOperatingExpenses": 100124000, "calculatedNetInterest": -789000, "calculatedOtherIncome": 0, "calculatedIncomeNonControlling": 0, "calculatedEbitda": 80020000}, {"date": "2016-12-31", "symbol": "BMI", "reportedCurrency": "USD", "cik": "0000009092", "fillingDate": "2017-02-28", "acceptedDate": "2017-02-28 17:27:34", "calendarYear": "2016", "period": "FY", "revenue": 393761000, "costOfRevenue": 243185000, "grossProfit": 150576000, "grossProfitRatio": 0.382404555, "researchAndDevelopmentExpenses": 10600000, "generalAndAdministrativeExpenses": 99811000, "sellingAndMarketingExpenses": 0, "sellingGeneralAndAdministrativeExpenses": 99811000, "otherExpenses": 0, "operatingExpenses": 99811000, "costAndExpenses": 342996000, "interestIncome": 0, "interestExpense": 921000, "depreciationAndAmortization": 22442000, "ebitda": 50765000, "ebitdaratio": 0.1289233825, "operatingIncome": 50765000, "operatingIncomeRatio": 0.1289233825, "totalOtherIncomeExpensesNet": -921000, "incomeBeforeTax": 49844000, "incomeBeforeTaxRatio": 0.1265844002, "incomeTaxExpense": 17549000, "netIncome": 32295000, "netIncomeRatio": 0.0820167564, "eps": 1.12, "epsdiluted": 1.11, "weightedAverageShsOut": 28887479, "weightedAverageShsOutDil": 29049801, "link": "https://www.sec.gov/Archives/edgar/data/9092/000000909217000002/0000009092-17-000002-index.htm", "finalLink": "https://www.sec.gov/Archives/edgar/data/9092/000000909217000002/bmi-20161231x10k.htm", "calculatedOtherExpenses": -10600000, "calculatedOperatingExpenses": 99811000, "calculatedNetInterest": -921000, "calculatedOtherIncome": 0, "calculatedIncomeNonControlling": 0, "calculatedEbitda": 73207000}, {"date": "2015-12-31", "symbol": "BMI", "reportedCurrency": "USD", "cik": "0000009092", "fillingDate": "2016-02-26", "acceptedDate": "2016-02-26 16:19:54", "calendarYear": "2015", "period": "FY", "revenue": 377698000, "costOfRevenue": 241922000, "grossProfit": 135776000, "grossProfitRatio": 0.3594829732, "researchAndDevelopmentExpenses": 10645000, "generalAndAdministrativeExpenses": 93407000, "sellingAndMarketingExpenses": 0, "sellingGeneralAndAdministrativeExpenses": 93407000, "otherExpenses": 0, "operatingExpenses": 93407000, "costAndExpenses": 335329000, "interestIncome": 0, "interestExpense": 1217000, "depreciationAndAmortization": 20599000, "ebitda": 42369000, "ebitdaratio": 0.1121769244, "operatingIncome": 42369000, "operatingIncomeRatio": 0.1121769244, "totalOtherIncomeExpensesNet": -1217000, "incomeBeforeTax": 41152000, "incomeBeforeTaxRatio": 0.1089547734, "incomeTaxExpense": 15214000, "netIncome": 25938000, "netIncomeRatio": 0.0686739141, "eps": 0.9, "epsdiluted": 0.9, "weightedAverageShsOut": 28758534, "weightedAverageShsOutDil": 28894316, "link": "https://www.sec.gov/Archives/edgar/data/9092/000000909216000015/0000009092-16-000015-index.htm", "finalLink": "https://www.sec.gov/Archives/edgar/data/9092/000000909216000015/bmi-20151231x10k.htm", "calculatedOtherExpenses": -10645000, "calculatedOperatingExpenses": 93407000, "calculatedNetInterest": -1217000, "calculatedOtherIncome": 0, "calculatedIncomeNonControlling": 0, "calculatedEbitda": 62968000}, {"date": "2014-12-31", "symbol": "BMI", "reportedCurrency": "USD", "cik": "0000009092", "fillingDate": "2015-03-04", "acceptedDate": "2015-03-04 16:59:14", "calendarYear": "2014", "period": "FY", "revenue": 364768000, "costOfRevenue": 233626000, "grossProfit": 131142000, "grossProfitRatio": 0.3595216686, "researchAndDevelopmentExpenses": 9496000, "generalAndAdministrativeExpenses": 85095000, "sellingAndMarketingExpenses": 0, "sellingGeneralAndAdministrativeExpenses": 85095000, "otherExpenses": 0, "operatingExpenses": 85095000, "costAndExpenses": 318721000, "interestIncome": 0, "interestExpense": 1135000, "depreciationAndAmortization": 15664000, "ebitda": 46047000, "ebitdaratio": 0.1262364023, "operatingIncome": 46047000, "operatingIncomeRatio": 0.1262364023, "totalOtherIncomeExpensesNet": -1135000, "incomeBeforeTax": 44912000, "incomeBeforeTaxRatio": 0.1231248355, "incomeTaxExpense": 15234000, "netIncome": 29678000, "netIncomeRatio": 0.0813613036, "eps": 1.03, "epsdiluted": 1.03, "weightedAverageShsOut": 28613010, "weightedAverageShsOutDil": 28756658, "link": "https://www.sec.gov/Archives/edgar/data/9092/000000909215000002/0000009092-15-000002-index.htm", "finalLink": "https://www.sec.gov/Archives/edgar/data/9092/000000909215000002/bmi-20141231x10k.htm", "calculatedOtherExpenses": -9496000, "calculatedOperatingExpenses": 85095000, "calculatedNetInterest": -1135000, "calculatedOtherIncome": 0, "calculatedIncomeNonControlling": 0, "calculatedEbitda": 61711000}, {"date": "2013-12-31", "symbol": "BMI", "reportedCurrency": "USD", "cik": "0000009092", "fillingDate": "2014-02-20", "acceptedDate": "2014-02-20 15:47:21", "calendarYear": "2013", "period": "FY", "revenue": 334122000, "costOfRevenue": 217133000, "grossProfit": 116989000, "grossProfitRatio": 0.3501385721, "researchAndDevelopmentExpenses": 10504000, "generalAndAdministrativeExpenses": 77882000, "sellingAndMarketingExpenses": 0, "sellingGeneralAndAdministrativeExpenses": 77882000, "otherExpenses": 0, "operatingExpenses": 77882000, "costAndExpenses": 295015000, "interestIncome": 0, "interestExpense": 1098000, "depreciationAndAmortization": 13494000, "ebitda": 39107000, "ebitdaratio": 0.1170440737, "operatingIncome": 39107000, "operatingIncomeRatio": 0.1170440737, "totalOtherIncomeExpensesNet": -1098000, "incomeBeforeTax": 38009000, "incomeBeforeTaxRatio": 0.1137578489, "incomeTaxExpense": 13392000, "netIncome": 24617000, "netIncomeRatio": 0.073676681, "eps": 0.86, "epsdiluted": 0.85, "weightedAverageShsOut": 28724740, "weightedAverageShsOutDil": 28880712, "link": "https://www.sec.gov/Archives/edgar/data/9092/000000909214000004/0000009092-14-000004-index.htm", "finalLink": "https://www.sec.gov/Archives/edgar/data/9092/000000909214000004/bmi-20131231x10k.htm", "calculatedOtherExpenses": -10504000, "calculatedOperatingExpenses": 77882000, "calculatedNetInterest": -1098000, "calculatedOtherIncome": 0, "calculatedIncomeNonControlling": 0, "calculatedEbitda": 52601000}, {"date": "2012-12-31", "symbol": "BMI", "reportedCurrency": "USD", "cik": "0000009092", "fillingDate": "2013-03-05", "acceptedDate": "2013-03-05 17:29:40", "calendarYear": "2012", "period": "FY", "revenue": 319660000, "costOfRevenue": 197414000, "grossProfit": 122246000, "grossProfitRatio": 0.3824250766, "researchAndDevelopmentExpenses": 9567000, "generalAndAdministrativeExpenses": 77777000, "sellingAndMarketingExpenses": 0, "sellingGeneralAndAdministrativeExpenses": 77777000, "otherExpenses": 0, "operatingExpenses": 77777000, "costAndExpenses": 275191000, "interestIncome": 0, "interestExpense": 998000, "depreciationAndAmortization": 12054000, "ebitda": 44469000, "ebitdaratio": 0.139113433, "operatingIncome": 44469000, "operatingIncomeRatio": 0.139113433, "totalOtherIncomeExpensesNet": -998000, "incomeBeforeTax": 43471000, "incomeBeforeTaxRatio": 0.1359913658, "incomeTaxExpense": 15439000, "netIncome": 28032000, "netIncomeRatio": 0.087693174, "eps": 0.98, "epsdiluted": 0.98, "weightedAverageShsOut": 28664924, "weightedAverageShsOutDil": 28798440, "link": "https://www.sec.gov/Archives/edgar/data/9092/000000909213000004/0000009092-13-000004-index.htm", "finalLink": "https://www.sec.gov/Archives/edgar/data/9092/000000909213000004/bmi-20121231x10k.htm", "calculatedOtherExpenses": -9567000, "calculatedOperatingExpenses": 77777000, "calculatedNetInterest": -998000, "calculatedOtherIncome": 0, "calculatedIncomeNonControlling": 0, "calculatedEbitda": 56523000}, {"date": "2011-12-31", "symbol": "BMI", "reportedCurrency": "USD", "cik": "0000009092", "fillingDate": "2012-03-08", "acceptedDate": "2012-03-08 14:54:21", "calendarYear": "2011", "period": "FY", "revenue": 262915000, "costOfRevenue": 173095000, "grossProfit": 89820000, "grossProfitRatio": 0.3416313257, "researchAndDevelopmentExpenses": 0, "generalAndAdministrativeExpenses": 62286000, "sellingAndMarketingExpenses": 0, "sellingGeneralAndAdministrativeExpenses": 62286000, "otherExpenses": 0, "operatingExpenses": 62286000, "costAndExpenses": 235381000, "interestIncome": 0, "interestExpense": 185000, "depreciationAndAmortization": 9491000, "ebitda": 27534000, "ebitdaratio": 0.104725862, "operatingIncome": 27534000, "operatingIncomeRatio": 0.104725862, "totalOtherIncomeExpensesNet": -185000, "incomeBeforeTax": 27349000, "incomeBeforeTaxRatio": 0.1040222125, "incomeTaxExpense": 8188000, "netIncome": 19161000, "netIncomeRatio": 0.0728790674, "eps": 0.64, "epsdiluted": 0.64, "weightedAverageShsOut": 29942000, "weightedAverageShsOutDil": 30098000, "link": "https://www.sec.gov/Archives/edgar/data/9092/000119312512103471/0001193125-12-103471-index.htm", "finalLink": "https://www.sec.gov/Archives/edgar/data/9092/000119312512103471/d281210d10k.htm", "calculatedOtherExpenses": 0, "calculatedOperatingExpenses": 62286000, "calculatedNetInterest": -185000, "calculatedOtherIncome": 0, "calculatedIncomeNonControlling": 0, "calculatedEbitda": 37025000}, {"date": "2010-12-31", "symbol": "BMI", "reportedCurrency": "USD", "cik": "0000009092", "fillingDate": "2011-02-28", "acceptedDate": "2011-02-28 15:49:13", "calendarYear": "2010", "period": "FY", "revenue": 276634000, "costOfRevenue": 173810000, "grossProfit": 102824000, "grossProfitRatio": 0.3716968992, "researchAndDevelopmentExpenses": 0, "generalAndAdministrativeExpenses": 58001000, "sellingAndMarketingExpenses": 0, "sellingGeneralAndAdministrativeExpenses": 58001000, "otherExpenses": 0, "operatingExpenses": 58001000, "costAndExpenses": 231811000, "interestIncome": 0, "interestExpense": 385000, "depreciationAndAmortization": 8459000, "ebitda": 44823000, "ebitdaratio": 0.1620299746, "operatingIncome": 44823000, "operatingIncomeRatio": 0.1620299746, "totalOtherIncomeExpensesNet": -385000, "incomeBeforeTax": 44438000, "incomeBeforeTaxRatio": 0.160638244, "incomeTaxExpense": 15776000, "netIncome": 28662000, "netIncomeRatio": 0.1036098238, "eps": 0.96, "epsdiluted": 0.96, "weightedAverageShsOut": 29812458, "weightedAverageShsOutDil": 30012172, "link": "https://www.sec.gov/Archives/edgar/data/9092/000095012311019728/0000950123-11-019728-index.htm", "finalLink": "https://www.sec.gov/Archives/edgar/data/9092/000095012311019728/c62456e10vk.htm", "calculatedOtherExpenses": 0, "calculatedOperatingExpenses": 58001000, "calculatedNetInterest": -385000, "calculatedOtherIncome": 0, "calculatedIncomeNonControlling": 0, "calculatedEbitda": 53282000}, {"date": "2009-12-31", "symbol": "BMI", "reportedCurrency": "USD", "cik": "0000009092", "fillingDate": "2010-02-23", "acceptedDate": "2010-02-23 16:21:58", "calendarYear": "2009", "period": "FY", "revenue": 250337000, "costOfRevenue": 153323000, "grossProfit": 97014000, "grossProfitRatio": 0.3875336047, "researchAndDevelopmentExpenses": 0, "generalAndAdministrativeExpenses": 54771000, "sellingAndMarketingExpenses": 0, "sellingGeneralAndAdministrativeExpenses": 54771000, "otherExpenses": 0, "operatingExpenses": 54771000, "costAndExpenses": 208094000, "interestIncome": 0, "interestExpense": 90000, "depreciationAndAmortization": 8158000, "ebitda": 42423000, "ebitdaratio": 0.1694635631, "operatingIncome": 42243000, "operatingIncomeRatio": 0.1687445324, "totalOtherIncomeExpensesNet": 90000, "incomeBeforeTax": 42333000, "incomeBeforeTaxRatio": 0.1691040477, "incomeTaxExpense": 15553000, "netIncome": 34170000, "netIncomeRatio": 0.1364960034, "eps": 1.16, "epsdiluted": 1.14, "weightedAverageShsOut": 29612332, "weightedAverageShsOutDil": 29909614, "link": "https://www.sec.gov/Archives/edgar/data/9092/000095012310015763/0000950123-10-015763-index.htm", "finalLink": "https://www.sec.gov/Archives/edgar/data/9092/000095012310015763/c56373e10vk.htm", "calculatedOtherExpenses": 0, "calculatedOperatingExpenses": 54771000, "calculatedNetInterest": -90000, "calculatedOtherIncome": 180000, "calculatedIncomeNonControlling": -7390000, "calculatedEbitda": 50401000}, {"date": "2008-12-31", "symbol": "BMI", "reportedCurrency": "USD", "cik": "0000009092", "fillingDate": "2009-03-04", "acceptedDate": "2009-03-04 13:00:14", "calendarYear": "2008", "period": "FY", "revenue": 279552000, "costOfRevenue": 181094000, "grossProfit": 98458000, "grossProfitRatio": 0.3521992331, "researchAndDevelopmentExpenses": 0, "generalAndAdministrativeExpenses": 57556000, "sellingAndMarketingExpenses": 0, "sellingGeneralAndAdministrativeExpenses": 57556000, "otherExpenses": 0, "operatingExpenses": 57556000, "costAndExpenses": 238650000, "interestIncome": 0, "interestExpense": 1347000, "depreciationAndAmortization": 7051000, "ebitda": 47953000, "ebitdaratio": 0.1715351706, "operatingIncome": 40902000, "operatingIncomeRatio": 0.1463126717, "totalOtherIncomeExpensesNet": -1347000, "incomeBeforeTax": 39555000, "incomeBeforeTaxRatio": 0.1414942479, "incomeTaxExpense": 14471000, "netIncome": 25084000, "netIncomeRatio": 0.0897292811, "eps": 0.86, "epsdiluted": 0.85, "weightedAverageShsOut": 29112000, "weightedAverageShsOutDil": 29674000, "link": "https://www.sec.gov/Archives/edgar/data/9092/000095013709001491/0000950137-09-001491-index.htm", "finalLink": "https://www.sec.gov/Archives/edgar/data/9092/000095013709001491/c49075e10vk.htm", "calculatedOtherExpenses": 0, "calculatedOperatingExpenses": 57556000, "calculatedNetInterest": -1347000, "calculatedOtherIncome": 0, "calculatedIncomeNonControlling": 0, "calculatedEbitda": 47953000}, {"date": "2007-12-31", "symbol": "BMI", "reportedCurrency": "USD", "cik": "0000009092", "fillingDate": "2008-02-28", "acceptedDate": "2008-02-28 17:15:10", "calendarYear": "2007", "period": "FY", "revenue": 234816000, "costOfRevenue": 153418000, "grossProfit": 81398000, "grossProfitRatio": 0.3466458844, "researchAndDevelopmentExpenses": 0, "generalAndAdministrativeExpenses": 50782000, "sellingAndMarketingExpenses": 0, "sellingGeneralAndAdministrativeExpenses": 50782000, "otherExpenses": 0, "operatingExpenses": 50782000, "costAndExpenses": 204200000, "interestIncome": 0, "interestExpense": 1291000, "depreciationAndAmortization": 6467000, "ebitda": 37083000, "ebitdaratio": 0.1579236509, "operatingIncome": 30616000, "operatingIncomeRatio": 0.1303829381, "totalOtherIncomeExpensesNet": -1291000, "incomeBeforeTax": 29325000, "incomeBeforeTaxRatio": 0.1248850164, "incomeTaxExpense": 10939000, "netIncome": 16457000, "netIncomeRatio": 0.070084662, "eps": 0.58, "epsdiluted": 0.56, "weightedAverageShsOut": 28422000, "weightedAverageShsOutDil": 29234000, "link": "https://www.sec.gov/Archives/edgar/data/9092/000095013708002959/0000950137-08-002959-index.htm", "finalLink": "https://www.sec.gov/Archives/edgar/data/9092/000095013708002959/c24212e10vk.htm", "calculatedOtherExpenses": 0, "calculatedOperatingExpenses": 50782000, "calculatedNetInterest": -1291000, "calculatedOtherIncome": 0, "calculatedIncomeNonControlling": 1929000, "calculatedEbitda": 37083000}, {"date": "2006-12-31", "symbol": "BMI", "reportedCurrency": "USD", "cik": "0000009092", "fillingDate": "2007-03-06", "acceptedDate": "2007-03-06 15:27:04", "calendarYear": "2006", "period": "FY", "revenue": 229754000, "costOfRevenue": 153126000, "grossProfit": 76628000, "grossProfitRatio": 0.3335219409, "researchAndDevelopmentExpenses": 0, "generalAndAdministrativeExpenses": 47840000, "sellingAndMarketingExpenses": 0, "sellingGeneralAndAdministrativeExpenses": 47840000, "otherExpenses": 0, "operatingExpenses": 47840000, "costAndExpenses": 200966000, "interestIncome": 0, "interestExpense": 1299000, "depreciationAndAmortization": 7007000, "ebitda": 35795000, "ebitdaratio": 0.1557970699, "operatingIncome": 28788000, "operatingIncomeRatio": 0.1252992331, "totalOtherIncomeExpensesNet": -1299000, "incomeBeforeTax": 27489000, "incomeBeforeTaxRatio": 0.1196453598, "incomeTaxExpense": 10921000, "netIncome": 7548000, "netIncomeRatio": 0.0328525292, "eps": 0.27, "epsdiluted": 0.26, "weightedAverageShsOut": 27736000, "weightedAverageShsOutDil": 28778000, "link": "https://www.sec.gov/Archives/edgar/data/9092/000095013707003342/0000950137-07-003342-index.htm", "finalLink": "https://www.sec.gov/Archives/edgar/data/9092/000095013707003342/c12844e10vk.htm", "calculatedOtherExpenses": 0, "calculatedOperatingExpenses": 47840000, "calculatedNetInterest": -1299000, "calculatedOtherIncome": 0, "calculatedIncomeNonControlling": 9020000, "calculatedEbitda": 35795000}, {"date": "2005-12-31", "symbol": "BMI", "reportedCurrency": "USD", "cik": "0000009092", "fillingDate": "2006-03-06", "acceptedDate": "2006-03-06 09:43:11", "calendarYear": "2005", "period": "FY", "revenue": 216654000, "costOfRevenue": 142792000, "grossProfit": 73862000, "grossProfitRatio": 0.3409214693, "researchAndDevelopmentExpenses": 0, "generalAndAdministrativeExpenses": 49916000, "sellingAndMarketingExpenses": 0, "sellingGeneralAndAdministrativeExpenses": 49916000, "otherExpenses": 0, "operatingExpenses": 49916000, "costAndExpenses": 192708000, "interestIncome": 0, "interestExpense": 1608000, "depreciationAndAmortization": 6359000, "ebitda": 29845000, "ebitdaratio": 0.1377542072, "operatingIncome": 23946000, "operatingIncomeRatio": 0.1105264615, "totalOtherIncomeExpensesNet": 460000, "incomeBeforeTax": 22798000, "incomeBeforeTaxRatio": 0.1052276902, "incomeTaxExpense": 9545000, "netIncome": 13253000, "netIncomeRatio": 0.0611712685, "eps": 0.49, "epsdiluted": 0.48, "weightedAverageShsOut": 26978000, "weightedAverageShsOutDil": 28044000, "link": "https://www.sec.gov/Archives/edgar/data/9092/000095013706002572/0000950137-06-002572-index.htm", "finalLink": "https://www.sec.gov/Archives/edgar/data/9092/000095013706002572/c02859e10vk.htm", "calculatedOtherExpenses": 0, "calculatedOperatingExpenses": 49916000, "calculatedNetInterest": -1608000, "calculatedOtherIncome": 460000, "calculatedIncomeNonControlling": 0, "calculatedEbitda": 30305000}, {"date": "2004-12-31", "symbol": "BMI", "reportedCurrency": "USD", "cik": "0000009092", "fillingDate": "2005-03-01", "acceptedDate": "2005-03-01 16:01:56", "calendarYear": "2004", "period": "FY", "revenue": 205010000, "costOfRevenue": 137532000, "grossProfit": 67478000, "grossProfitRatio": 0.3291449198, "researchAndDevelopmentExpenses": 0, "generalAndAdministrativeExpenses": 47281000, "sellingAndMarketingExpenses": 0, "sellingGeneralAndAdministrativeExpenses": 47281000, "otherExpenses": 0, "operatingExpenses": 47281000, "costAndExpenses": 184813000, "interestIncome": 0, "interestExpense": 1607000, "depreciationAndAmortization": 7245000, "ebitda": 28052000, "ebitdaratio": 0.1368323496, "operatingIncome": 20197000, "operatingIncomeRatio": 0.0985171455, "totalOtherIncomeExpensesNet": -610000, "incomeBeforeTax": 17980000, "incomeBeforeTaxRatio": 0.0877030389, "incomeTaxExpense": 8347000, "netIncome": 9633000, "netIncomeRatio": 0.0469879518, "eps": 0.37, "epsdiluted": 0.36, "weightedAverageShsOut": 26391781, "weightedAverageShsOutDil": 27135211, "link": "https://www.sec.gov/Archives/edgar/data/9092/000095013705002481/0000950137-05-002481-index.htm", "finalLink": "https://www.sec.gov/Archives/edgar/data/9092/000095013705002481/c92489e10vk.htm", "calculatedOtherExpenses": 0, "calculatedOperatingExpenses": 47281000, "calculatedNetInterest": -1607000, "calculatedOtherIncome": -610000, "calculatedIncomeNonControlling": 0, "calculatedEbitda": 27442000}, {"date": "2003-12-31", "symbol": "BMI", "reportedCurrency": "USD", "cik": "0000009092", "fillingDate": "2004-03-05", "acceptedDate": "2004-03-05 15:23:23", "calendarYear": "2003", "period": "FY", "revenue": 183989000, "costOfRevenue": 123470000, "grossProfit": 60519000, "grossProfitRatio": 0.3289272728, "researchAndDevelopmentExpenses": 0, "generalAndAdministrativeExpenses": 46419000, "sellingAndMarketingExpenses": 0, "sellingGeneralAndAdministrativeExpenses": 46419000, "otherExpenses": 0, "operatingExpenses": 46419000, "costAndExpenses": 169889000, "interestIncome": 0, "interestExpense": 0, "depreciationAndAmortization": 7832000, "ebitda": 20944000, "ebitdaratio": 0.1138328922, "operatingIncome": 14100000, "operatingIncomeRatio": 0.0766350162, "totalOtherIncomeExpensesNet": 988000, "incomeBeforeTax": 13351000, "incomeBeforeTaxRatio": 0.0725641207, "incomeTaxExpense": 5774000, "netIncome": 7577000, "netIncomeRatio": 0.0411818098, "eps": 0.3, "epsdiluted": 0.29, "weightedAverageShsOut": 25684746, "weightedAverageShsOutDil": 26127586, "link": "https://www.sec.gov/Archives/edgar/data/9092/000095013704001509/0000950137-04-001509-index.htm", "finalLink": "https://www.sec.gov/Archives/edgar/data/9092/000095013704001509/c83420e10vk.txt", "calculatedOtherExpenses": 0, "calculatedOperatingExpenses": 46419000, "calculatedNetInterest": 0, "calculatedOtherIncome": -749000, "calculatedIncomeNonControlling": 0, "calculatedEbitda": 21932000}, {"date": "2002-12-31", "symbol": "BMI", "reportedCurrency": "USD", "cik": "0000009092", "fillingDate": "2003-03-21", "acceptedDate": "2003-03-21 15:57:33", "calendarYear": "2002", "period": "FY", "revenue": 167317000, "costOfRevenue": 111317000, "grossProfit": 56000000, "grossProfitRatio": 0.3346940239, "researchAndDevelopmentExpenses": 0, "generalAndAdministrativeExpenses": 42805000, "sellingAndMarketingExpenses": 0, "sellingGeneralAndAdministrativeExpenses": 42805000, "otherExpenses": 0, "operatingExpenses": 42805000, "costAndExpenses": 154122000, "interestIncome": 0, "interestExpense": 0, "depreciationAndAmortization": 7980000, "ebitda": 21084000, "ebitdaratio": 0.1260123, "operatingIncome": 13195000, "operatingIncomeRatio": 0.0788622794, "totalOtherIncomeExpensesNet": 91000, "incomeBeforeTax": 11437000, "incomeBeforeTaxRatio": 0.0683552777, "incomeTaxExpense": 4166000, "netIncome": 7271000, "netIncomeRatio": 0.043456433, "eps": 0.29, "epsdiluted": 0.28, "weightedAverageShsOut": 25320000, "weightedAverageShsOutDil": 26432000, "link": "https://www.sec.gov/Archives/edgar/data/9092/000095013403004321/0000950134-03-004321-index.htm", "finalLink": "https://www.sec.gov/Archives/edgar/data/9092/000095013403004321/c75378e10vk.txt", "calculatedOtherExpenses": 0, "calculatedOperatingExpenses": 42805000, "calculatedNetInterest": 0, "calculatedOtherIncome": -1758000, "calculatedIncomeNonControlling": 0, "calculatedEbitda": 21175000}, {"date": "2001-12-31", "symbol": "BMI", "reportedCurrency": "USD", "cik": "0000009092", "fillingDate": "2002-03-12", "acceptedDate": "2002-03-12 00:00:00", "calendarYear": "2001", "period": "FY", "revenue": 138537000, "costOfRevenue": 94042000, "grossProfit": 44495000, "grossProfitRatio": 0.3211777359, "researchAndDevelopmentExpenses": 0, "generalAndAdministrativeExpenses": 38430000, "sellingAndMarketingExpenses": 0, "sellingGeneralAndAdministrativeExpenses": 38430000, "otherExpenses": 0, "operatingExpenses": 38430000, "costAndExpenses": 132472000, "interestIncome": 0, "interestExpense": 0, "depreciationAndAmortization": 6801000, "ebitda": 12540000, "ebitdaratio": 0.0905173347, "operatingIncome": 6065000, "operatingIncomeRatio": 0.0437789183, "totalOtherIncomeExpensesNet": 326000, "incomeBeforeTax": 5010000, "incomeBeforeTaxRatio": 0.0361636242, "incomeTaxExpense": 1646000, "netIncome": 3364000, "netIncomeRatio": 0.0242823217, "eps": 0.13, "epsdiluted": 0.13, "weightedAverageShsOut": 25304000, "weightedAverageShsOutDil": 26200000, "link": "https://www.sec.gov/Archives/edgar/data/9092/000095012402000766/0000950124-02-000766-index.htm", "finalLink": "https://www.sec.gov/Archives/edgar/data/9092/000095012402000766/c67956e10-k405.txt", "calculatedOtherExpenses": 0, "calculatedOperatingExpenses": 38430000, "calculatedNetInterest": 0, "calculatedOtherIncome": -1055000, "calculatedIncomeNonControlling": 0, "calculatedEbitda": 12866000}, {"date": "2000-12-31", "symbol": "BMI", "reportedCurrency": "USD", "cik": "0000009092", "fillingDate": "2001-03-27", "acceptedDate": "2001-03-27 00:00:00", "calendarYear": "2000", "period": "FY", "revenue": 146389000, "costOfRevenue": 87302000, "grossProfit": 59087000, "grossProfitRatio": 0.4036300542, "researchAndDevelopmentExpenses": 0, "generalAndAdministrativeExpenses": 41995000, "sellingAndMarketingExpenses": 0, "sellingGeneralAndAdministrativeExpenses": 41995000, "otherExpenses": 6073000, "operatingExpenses": 48068000, "costAndExpenses": 135370000, "interestIncome": 0, "interestExpense": 0, "depreciationAndAmortization": 6073000, "ebitda": 15178000, "ebitdaratio": 0.1036826538, "operatingIncome": 11019000, "operatingIncomeRatio": 0.0752720491, "totalOtherIncomeExpensesNet": 1914000, "incomeBeforeTax": 10727000, "incomeBeforeTaxRatio": 0.0732773637, "incomeTaxExpense": 3786000, "netIncome": 6941000, "netIncomeRatio": 0.0474147648, "eps": 0.26, "epsdiluted": 0.25, "weightedAverageShsOut": 26464000, "weightedAverageShsOutDil": 27760000, "link": "https://www.sec.gov/Archives/edgar/data/9092/000095012401001652/0000950124-01-001652-index.htm", "finalLink": "https://www.sec.gov/Archives/edgar/data/9092/000095012401001652/c61152e10-k405.txt", "calculatedOtherExpenses": 6073000, "calculatedOperatingExpenses": 48068000, "calculatedNetInterest": 0, "calculatedOtherIncome": -292000, "calculatedIncomeNonControlling": 0, "calculatedEbitda": 17092000}, {"date": "1999-12-31", "symbol": "BMI", "reportedCurrency": "USD", "cik": "0000009092", "fillingDate": "2000-03-29", "acceptedDate": "2000-03-29 00:00:00", "calendarYear": "1999", "period": "FY", "revenue": 150900000, "costOfRevenue": 86000000, "grossProfit": 64900000, "grossProfitRatio": 0.4300861498, "researchAndDevelopmentExpenses": 0, "generalAndAdministrativeExpenses": 42500000, "sellingAndMarketingExpenses": 0, "sellingGeneralAndAdministrativeExpenses": 42500000, "otherExpenses": 5700000, "operatingExpenses": 48200000, "costAndExpenses": 134200000, "interestIncome": 0, "interestExpense": 0, "depreciationAndAmortization": 5700000, "ebitda": 22100000, "ebitdaratio": 0.1464546057, "operatingIncome": 16700000, "operatingIncomeRatio": 0.1106693174, "totalOtherIncomeExpensesNet": 300000, "incomeBeforeTax": 15700000, "incomeBeforeTaxRatio": 0.1040424122, "incomeTaxExpense": 6000000, "netIncome": 9700000, "netIncomeRatio": 0.0642809808, "eps": 0.35, "epsdiluted": 0.33, "weightedAverageShsOut": 27913669, "weightedAverageShsOutDil": 29846154, "link": "https://www.sec.gov/Archives/edgar/data/9092/000095012400001731/0000950124-00-001731-index.html", "finalLink": "https://www.sec.gov/Archives/edgar/data/9092/000095012400001731/", "calculatedOtherExpenses": 5700000, "calculatedOperatingExpenses": 48200000, "calculatedNetInterest": 0, "calculatedOtherIncome": -1000000, "calculatedIncomeNonControlling": 0, "calculatedEbitda": 22400000}, {"date": "1998-12-31", "symbol": "BMI", "reportedCurrency": "USD", "cik": "0000009092", "fillingDate": "1999-03-26", "acceptedDate": "1999-03-26 00:00:00", "calendarYear": "1998", "period": "FY", "revenue": 143800000, "costOfRevenue": 81800000, "grossProfit": 62000000, "grossProfitRatio": 0.4311543811, "researchAndDevelopmentExpenses": 0, "generalAndAdministrativeExpenses": 43300000, "sellingAndMarketingExpenses": 0, "sellingGeneralAndAdministrativeExpenses": 43300000, "otherExpenses": 4700000, "operatingExpenses": 48000000, "costAndExpenses": 129800000, "interestIncome": 0, "interestExpense": 0, "depreciationAndAmortization": 4700000, "ebitda": 18700000, "ebitdaratio": 0.1300417246, "operatingIncome": 14000000, "operatingIncomeRatio": 0.0973574409, "totalOtherIncomeExpensesNet": -700000, "incomeBeforeTax": 13300000, "incomeBeforeTaxRatio": 0.0924895688, "incomeTaxExpense": 5100000, "netIncome": 8200000, "netIncomeRatio": 0.0570236439, "eps": 0.28, "epsdiluted": 0.27, "weightedAverageShsOut": 28771930, "weightedAverageShsOutDil": 30943396, "link": "https://www.sec.gov/Archives/edgar/data/9092/000095012499002068/0000950124-99-002068-index.html", "finalLink": "https://www.sec.gov/Archives/edgar/data/9092/", "calculatedOtherExpenses": 4700000, "calculatedOperatingExpenses": 48000000, "calculatedNetInterest": 0, "calculatedOtherIncome": -700000, "calculatedIncomeNonControlling": 0, "calculatedEbitda": 18700000}, {"date": "1997-12-31", "symbol": "BMI", "reportedCurrency": "USD", "cik": "0000009092", "fillingDate": "1998-03-25", "acceptedDate": "1998-03-25 00:00:00", "calendarYear": "1997", "period": "FY", "revenue": 130800000, "costOfRevenue": 78000000, "grossProfit": 52800000, "grossProfitRatio": 0.4036697248, "researchAndDevelopmentExpenses": 7500000, "generalAndAdministrativeExpenses": 30300000, "sellingAndMarketingExpenses": 0, "sellingGeneralAndAdministrativeExpenses": 30300000, "otherExpenses": 4000000, "operatingExpenses": 41800000, "costAndExpenses": 119800000, "interestIncome": 0, "interestExpense": 0, "depreciationAndAmortization": 4000000, "ebitda": 15300000, "ebitdaratio": 0.1169724771, "operatingIncome": 11000000, "operatingIncomeRatio": 0.0840978593, "totalOtherIncomeExpensesNet": -300000, "incomeBeforeTax": 10200000, "incomeBeforeTaxRatio": 0.0779816514, "incomeTaxExpense": 3700000, "netIncome": 6500000, "netIncomeRatio": 0.0496941896, "eps": 0.23, "epsdiluted": 0.21, "weightedAverageShsOut": 28415301, "weightedAverageShsOutDil": 31515152, "link": "https://www.sec.gov/Archives/edgar/data/9092/000095012498001559/0000950124-98-001559-index.html", "finalLink": "https://www.sec.gov/Archives/edgar/data/9092/", "calculatedOtherExpenses": 4000000, "calculatedOperatingExpenses": 41800000, "calculatedNetInterest": 0, "calculatedOtherIncome": -800000, "calculatedIncomeNonControlling": 0, "calculatedEbitda": 15000000}, {"date": "1996-12-31", "symbol": "BMI", "reportedCurrency": "USD", "cik": "0000009092", "fillingDate": "1997-03-31", "acceptedDate": "1997-03-31 00:00:00", "calendarYear": "1996", "period": "FY", "revenue": 116000000, "costOfRevenue": 69400000, "grossProfit": 46600000, "grossProfitRatio": 0.4017241379, "researchAndDevelopmentExpenses": 6400000, "generalAndAdministrativeExpenses": 27300000, "sellingAndMarketingExpenses": 0, "sellingGeneralAndAdministrativeExpenses": 27300000, "otherExpenses": 4100000, "operatingExpenses": 37800000, "costAndExpenses": 107200000, "interestIncome": 0, "interestExpense": 0, "depreciationAndAmortization": 4100000, "ebitda": 13100000, "ebitdaratio": 0.1129310345, "operatingIncome": 8800000, "operatingIncomeRatio": 0.075862069, "totalOtherIncomeExpensesNet": -200000, "incomeBeforeTax": 8100000, "incomeBeforeTaxRatio": 0.0698275862, "incomeTaxExpense": 3000000, "netIncome": 5100000, "netIncomeRatio": 0.0439655172, "eps": 0.18, "epsdiluted": 0.17, "weightedAverageShsOut": 27945205, "weightedAverageShsOutDil": 29352518, "link": "https://www.sec.gov/Archives/edgar/data/9092/000095013797001268/0000950137-97-001268-index.html", "finalLink": "https://www.sec.gov/Archives/edgar/data/9092/", "calculatedOtherExpenses": 4100000, "calculatedOperatingExpenses": 37800000, "calculatedNetInterest": 0, "calculatedOtherIncome": -700000, "calculatedIncomeNonControlling": 0, "calculatedEbitda": 12900000}, {"date": "1995-12-31", "symbol": "BMI", "reportedCurrency": "USD", "cik": "0000009092", "fillingDate": "1996-03-27", "acceptedDate": "1996-03-27 00:00:00", "calendarYear": "1995", "period": "FY", "revenue": 108600000, "costOfRevenue": 65100000, "grossProfit": 43500000, "grossProfitRatio": 0.4005524862, "researchAndDevelopmentExpenses": 6500000, "generalAndAdministrativeExpenses": 25600000, "sellingAndMarketingExpenses": 0, "sellingGeneralAndAdministrativeExpenses": 25600000, "otherExpenses": 4400000, "operatingExpenses": 36500000, "costAndExpenses": 101600000, "interestIncome": 0, "interestExpense": 0, "depreciationAndAmortization": 4400000, "ebitda": 11800000, "ebitdaratio": 0.1086556169, "operatingIncome": 7000000, "operatingIncomeRatio": 0.0644567219, "totalOtherIncomeExpensesNet": -400000, "incomeBeforeTax": 5900000, "incomeBeforeTaxRatio": 0.0543278085, "incomeTaxExpense": 2200000, "netIncome": 3700000, "netIncomeRatio": 0.0340699816, "eps": 0.13, "epsdiluted": 0.13, "weightedAverageShsOut": 27924528, "weightedAverageShsOutDil": 27924528, "link": "https://www.sec.gov/Archives/edgar/data/9092/000095012496001346/0000950124-96-001346-index.html", "finalLink": "https://www.sec.gov/Archives/edgar/data/9092/", "calculatedOtherExpenses": 4400000, "calculatedOperatingExpenses": 36500000, "calculatedNetInterest": 0, "calculatedOtherIncome": -1100000, "calculatedIncomeNonControlling": 0, "calculatedEbitda": 11400000}, {"date": "1994-12-31", "symbol": "BMI", "reportedCurrency": "USD", "cik": "0000009092", "fillingDate": "1994-12-31", "acceptedDate": "1994-12-30 19:00:00", "calendarYear": "1994", "period": "FY", "revenue": 99200000, "costOfRevenue": 58400000, "grossProfit": 40800000, "grossProfitRatio": 0.4112903226, "researchAndDevelopmentExpenses": 5900000, "generalAndAdministrativeExpenses": 24500000, "sellingAndMarketingExpenses": 0, "sellingGeneralAndAdministrativeExpenses": 24500000, "otherExpenses": 4400000, "operatingExpenses": 34800000, "costAndExpenses": 93200000, "interestIncome": 0, "interestExpense": 0, "depreciationAndAmortization": 4400000, "ebitda": 10500000, "ebitdaratio": 0.1058467742, "operatingIncome": 6000000, "operatingIncomeRatio": 0.060483871, "totalOtherIncomeExpensesNet": -100000, "incomeBeforeTax": 5000000, "incomeBeforeTaxRatio": 0.0504032258, "incomeTaxExpense": 1800000, "netIncome": 3200000, "netIncomeRatio": 0.0322580645, "eps": 0.12, "epsdiluted": 0.12, "weightedAverageShsOut": 27526882, "weightedAverageShsOutDil": 27526882, "link": "", "finalLink": "", "calculatedOtherExpenses": 4400000, "calculatedOperatingExpenses": 34800000, "calculatedNetInterest": 0, "calculatedOtherIncome": -1000000, "calculatedIncomeNonControlling": 0, "calculatedEbitda": 10400000}, {"date": "1993-12-31", "symbol": "BMI", "reportedCurrency": "USD", "cik": "0000009092", "fillingDate": "1993-12-31", "acceptedDate": "1993-12-30 19:00:00", "calendarYear": "1993", "period": "FY", "revenue": 84500000, "costOfRevenue": 47800000, "grossProfit": 36700000, "grossProfitRatio": 0.4343195266, "researchAndDevelopmentExpenses": 0, "generalAndAdministrativeExpenses": 28400000, "sellingAndMarketingExpenses": 0, "sellingGeneralAndAdministrativeExpenses": 28400000, "otherExpenses": 4300000, "operatingExpenses": 32700000, "costAndExpenses": 80500000, "interestIncome": 0, "interestExpense": 0, "depreciationAndAmortization": 4300000, "ebitda": 8300000, "ebitdaratio": 0.0982248521, "operatingIncome": 4000000, "operatingIncomeRatio": 0.0473372781, "totalOtherIncomeExpensesNet": -700000, "incomeBeforeTax": 3300000, "incomeBeforeTaxRatio": 0.0390532544, "incomeTaxExpense": 1100000, "netIncome": 2200000, "netIncomeRatio": 0.026035503, "eps": 0.08, "epsdiluted": 0.08, "weightedAverageShsOut": 27500000, "weightedAverageShsOutDil": 27500000, "link": "", "finalLink": "", "calculatedOtherExpenses": 4300000, "calculatedOperatingExpenses": 32700000, "calculatedNetInterest": 0, "calculatedOtherIncome": -700000, "calculatedIncomeNonControlling": 0, "calculatedEbitda": 8300000}, {"date": "1992-12-31", "symbol": "BMI", "reportedCurrency": "USD", "cik": "0000009092", "fillingDate": "1992-12-31", "acceptedDate": "1992-12-30 19:00:00", "calendarYear": "1992", "period": "FY", "revenue": 82100000, "costOfRevenue": 48200000, "grossProfit": 33900000, "grossProfitRatio": 0.412911084, "researchAndDevelopmentExpenses": 0, "generalAndAdministrativeExpenses": 27700000, "sellingAndMarketingExpenses": 0, "sellingGeneralAndAdministrativeExpenses": 27700000, "otherExpenses": 4100000, "operatingExpenses": 31800000, "costAndExpenses": 80000000, "interestIncome": 0, "interestExpense": 0, "depreciationAndAmortization": 4100000, "ebitda": 6300000, "ebitdaratio": 0.0767356882, "operatingIncome": 2100000, "operatingIncomeRatio": 0.0255785627, "totalOtherIncomeExpensesNet": -100000, "incomeBeforeTax": 1200000, "incomeBeforeTaxRatio": 0.0146163216, "incomeTaxExpense": 400000, "netIncome": -3900000, "netIncomeRatio": -0.0475030451, "eps": -0.14, "epsdiluted": -0.14, "weightedAverageShsOut": 27368421, "weightedAverageShsOutDil": 27368421, "link": "", "finalLink": "", "calculatedOtherExpenses": 4100000, "calculatedOperatingExpenses": 31800000, "calculatedNetInterest": 0, "calculatedOtherIncome": -900000, "calculatedIncomeNonControlling": 4700000, "calculatedEbitda": 6200000}, {"date": "1991-12-31", "symbol": "BMI", "reportedCurrency": "USD", "cik": "0000009092", "fillingDate": "1991-12-31", "acceptedDate": "1991-12-30 19:00:00", "calendarYear": "1991", "period": "FY", "revenue": 78400000, "costOfRevenue": 45200000, "grossProfit": 33200000, "grossProfitRatio": 0.4234693878, "researchAndDevelopmentExpenses": 0, "generalAndAdministrativeExpenses": 25900000, "sellingAndMarketingExpenses": 0, "sellingGeneralAndAdministrativeExpenses": 25900000, "otherExpenses": 4000000, "operatingExpenses": 29900000, "costAndExpenses": 75100000, "interestIncome": 0, "interestExpense": 0, "depreciationAndAmortization": 4000000, "ebitda": 7300000, "ebitdaratio": 0.0931122449, "operatingIncome": 3300000, "operatingIncomeRatio": 0.0420918367, "totalOtherIncomeExpensesNet": -900000, "incomeBeforeTax": 2400000, "incomeBeforeTaxRatio": 0.0306122449, "incomeTaxExpense": 800000, "netIncome": 1600000, "netIncomeRatio": 0.0204081633, "eps": 0.0613, "epsdiluted": 0.0613, "weightedAverageShsOut": 26122449, "weightedAverageShsOutDil": 26122449, "link": "", "finalLink": "", "calculatedOtherExpenses": 4000000, "calculatedOperatingExpenses": 29900000, "calculatedNetInterest": 0, "calculatedOtherIncome": -900000, "calculatedIncomeNonControlling": 0, "calculatedEbitda": 7300000}, {"date": "1990-12-31", "symbol": "BMI", "reportedCurrency": "USD", "cik": "0000009092", "fillingDate": "1990-12-31", "acceptedDate": "1990-12-30 19:00:00", "calendarYear": "1990", "period": "FY", "revenue": 77100000, "costOfRevenue": 42900000, "grossProfit": 34200000, "grossProfitRatio": 0.4435797665, "researchAndDevelopmentExpenses": 0, "generalAndAdministrativeExpenses": 25500000, "sellingAndMarketingExpenses": 0, "sellingGeneralAndAdministrativeExpenses": 25500000, "otherExpenses": 3800000, "operatingExpenses": 29300000, "costAndExpenses": 72200000, "interestIncome": 0, "interestExpense": 0, "depreciationAndAmortization": 3800000, "ebitda": 9000000, "ebitdaratio": 0.1167315175, "operatingIncome": 4900000, "operatingIncomeRatio": 0.0635538262, "totalOtherIncomeExpensesNet": -300000, "incomeBeforeTax": 3500000, "incomeBeforeTaxRatio": 0.0453955901, "incomeTaxExpense": 1200000, "netIncome": 2300000, "netIncomeRatio": 0.0298313878, "eps": 0.0913, "epsdiluted": 0.0913, "weightedAverageShsOut": 25205479, "weightedAverageShsOutDil": 25205479, "link": "", "finalLink": "", "calculatedOtherExpenses": 3800000, "calculatedOperatingExpenses": 29300000, "calculatedNetInterest": 0, "calculatedOtherIncome": -1400000, "calculatedIncomeNonControlling": 0, "calculatedEbitda": 8700000}, {"date": "1989-12-31", "symbol": "BMI", "reportedCurrency": "USD", "cik": "0000009092", "fillingDate": "1989-12-31", "acceptedDate": "1989-12-30 19:00:00", "calendarYear": "1989", "period": "FY", "revenue": 72300000, "costOfRevenue": 41300000, "grossProfit": 31000000, "grossProfitRatio": 0.428769018, "researchAndDevelopmentExpenses": 0, "generalAndAdministrativeExpenses": 22800000, "sellingAndMarketingExpenses": 0, "sellingGeneralAndAdministrativeExpenses": 22800000, "otherExpenses": 3200000, "operatingExpenses": 26000000, "costAndExpenses": 67300000, "interestIncome": 0, "interestExpense": 0, "depreciationAndAmortization": 3200000, "ebitda": 8300000, "ebitdaratio": 0.1147994467, "operatingIncome": 5000000, "operatingIncomeRatio": 0.0691562932, "totalOtherIncomeExpensesNet": -100000, "incomeBeforeTax": 3800000, "incomeBeforeTaxRatio": 0.0525587828, "incomeTaxExpense": 1400000, "netIncome": 2400000, "netIncomeRatio": 0.0331950207, "eps": 0.0963, "epsdiluted": 0.0963, "weightedAverageShsOut": 24935065, "weightedAverageShsOutDil": 24935065, "link": "", "finalLink": "", "calculatedOtherExpenses": 3200000, "calculatedOperatingExpenses": 26000000, "calculatedNetInterest": 0, "calculatedOtherIncome": -1200000, "calculatedIncomeNonControlling": 0, "calculatedEbitda": 8200000}, {"date": "1988-12-31", "symbol": "BMI", "reportedCurrency": "USD", "cik": "0000009092", "fillingDate": "1988-12-31", "acceptedDate": "1988-12-30 19:00:00", "calendarYear": "1988", "period": "FY", "revenue": 71100000, "costOfRevenue": 41100000, "grossProfit": 30000000, "grossProfitRatio": 0.4219409283, "researchAndDevelopmentExpenses": 0, "generalAndAdministrativeExpenses": 22300000, "sellingAndMarketingExpenses": 0, "sellingGeneralAndAdministrativeExpenses": 22300000, "otherExpenses": 3100000, "operatingExpenses": 25400000, "costAndExpenses": 66500000, "interestIncome": 0, "interestExpense": 0, "depreciationAndAmortization": 3100000, "ebitda": 8000000, "ebitdaratio": 0.1125175809, "operatingIncome": 4600000, "operatingIncomeRatio": 0.064697609, "totalOtherIncomeExpensesNet": -300000, "incomeBeforeTax": 3400000, "incomeBeforeTaxRatio": 0.0478199719, "incomeTaxExpense": 1300000, "netIncome": 2100000, "netIncomeRatio": 0.029535865, "eps": 0.0862, "epsdiluted": 0.0862, "weightedAverageShsOut": 24347826, "weightedAverageShsOutDil": 24347826, "link": "", "finalLink": "", "calculatedOtherExpenses": 3100000, "calculatedOperatingExpenses": 25400000, "calculatedNetInterest": 0, "calculatedOtherIncome": -1200000, "calculatedIncomeNonControlling": 0, "calculatedEbitda": 7700000}, {"date": "1987-12-31", "symbol": "BMI", "reportedCurrency": "USD", "cik": "0000009092", "fillingDate": "1987-12-31", "acceptedDate": "1987-12-30 19:00:00", "calendarYear": "1987", "period": "FY", "revenue": 66700000, "costOfRevenue": 38600000, "grossProfit": 28100000, "grossProfitRatio": 0.4212893553, "researchAndDevelopmentExpenses": 0, "generalAndAdministrativeExpenses": 21000000, "sellingAndMarketingExpenses": 0, "sellingGeneralAndAdministrativeExpenses": 21000000, "otherExpenses": 3000000, "operatingExpenses": 24000000, "costAndExpenses": 62600000, "interestIncome": 0, "interestExpense": 0, "depreciationAndAmortization": 3000000, "ebitda": 7100000, "ebitdaratio": 0.1064467766, "operatingIncome": 4100000, "operatingIncomeRatio": 0.0614692654, "totalOtherIncomeExpensesNet": -1000000, "incomeBeforeTax": 3100000, "incomeBeforeTaxRatio": 0.0464767616, "incomeTaxExpense": 1300000, "netIncome": 1800000, "netIncomeRatio": 0.0269865067, "eps": 0.0763, "epsdiluted": 0.0763, "weightedAverageShsOut": 23606557, "weightedAverageShsOutDil": 23606557, "link": "", "finalLink": "", "calculatedOtherExpenses": 3000000, "calculatedOperatingExpenses": 24000000, "calculatedNetInterest": 0, "calculatedOtherIncome": -1000000, "calculatedIncomeNonControlling": 0, "calculatedEbitda": 7100000}, {"date": "1986-12-31", "symbol": "BMI", "reportedCurrency": "USD", "cik": "0000009092", "fillingDate": "1986-12-31", "acceptedDate": "1986-12-30 19:00:00", "calendarYear": "1986", "period": "FY", "revenue": 60900000, "costOfRevenue": 35100000, "grossProfit": 25800000, "grossProfitRatio": 0.4236453202, "researchAndDevelopmentExpenses": 0, "generalAndAdministrativeExpenses": 20500000, "sellingAndMarketingExpenses": 0, "sellingGeneralAndAdministrativeExpenses": 20500000, "otherExpenses": 2800000, "operatingExpenses": 23300000, "costAndExpenses": 58400000, "interestIncome": 0, "interestExpense": 0, "depreciationAndAmortization": 2800000, "ebitda": 5600000, "ebitdaratio": 0.091954023, "operatingIncome": 2500000, "operatingIncomeRatio": 0.0410509031, "totalOtherIncomeExpensesNet": -300000, "incomeBeforeTax": 1300000, "incomeBeforeTaxRatio": 0.0213464696, "incomeTaxExpense": 100000, "netIncome": 1200000, "netIncomeRatio": 0.0197044335, "eps": 0.05, "epsdiluted": 0.05, "weightedAverageShsOut": 24000000, "weightedAverageShsOutDil": 24000000, "link": "", "finalLink": "", "calculatedOtherExpenses": 2800000, "calculatedOperatingExpenses": 23300000, "calculatedNetInterest": 0, "calculatedOtherIncome": -1200000, "calculatedIncomeNonControlling": 0, "calculatedEbitda": 5300000}, {"date": "1985-12-31", "symbol": "BMI", "reportedCurrency": "USD", "cik": "0000009092", "fillingDate": "1985-12-31", "acceptedDate": "1985-12-30 19:00:00", "calendarYear": "1985", "period": "FY", "revenue": 55900000, "costOfRevenue": 36300000, "grossProfit": 19600000, "grossProfitRatio": 0.3506261181, "researchAndDevelopmentExpenses": 0, "generalAndAdministrativeExpenses": 14800000, "sellingAndMarketingExpenses": 0, "sellingGeneralAndAdministrativeExpenses": 14800000, "otherExpenses": 2200000, "operatingExpenses": 17000000, "costAndExpenses": 53300000, "interestIncome": 0, "interestExpense": 0, "depreciationAndAmortization": 2200000, "ebitda": 5000000, "ebitdaratio": 0.0894454383, "operatingIncome": 2600000, "operatingIncomeRatio": 0.0465116279, "totalOtherIncomeExpensesNet": -200000, "incomeBeforeTax": 1700000, "incomeBeforeTaxRatio": 0.030411449, "incomeTaxExpense": 400000, "netIncome": 1300000, "netIncomeRatio": 0.023255814, "eps": 0.0575, "epsdiluted": 0.0575, "weightedAverageShsOut": 22608696, "weightedAverageShsOutDil": 22608696, "link": "", "finalLink": "", "calculatedOtherExpenses": 2200000, "calculatedOperatingExpenses": 17000000, "calculatedNetInterest": 0, "calculatedOtherIncome": -900000, "calculatedIncomeNonControlling": 0, "calculatedEbitda": 4800000}]}