{"originalCurrency": "USD", "convertedCurrency": "USD", "report": [{"date": "2023-12-31", "symbol": "BMRN", "reportedCurrency": "USD", "cik": "0001048477", "fillingDate": "2024-02-26", "acceptedDate": "2024-02-26 13:34:15", "calendarYear": "2023", "period": "FY", "revenue": 2419226000, "costOfRevenue": 577065000, "grossProfit": 1842161000, "grossProfitRatio": 0.7614670973, "researchAndDevelopmentExpenses": 746773000, "generalAndAdministrativeExpenses": 448900000, "sellingAndMarketingExpenses": 488400000, "sellingGeneralAndAdministrativeExpenses": 937791000, "otherExpenses": -10538000, "operatingExpenses": 1684564000, "costAndExpenses": 2261629000, "interestIncome": 58339000, "interestExpense": 17335000, "depreciationAndAmortization": 104386000, "ebitda": 261983000, "ebitdaratio": 0.1082920736, "operatingIncome": 157597000, "operatingIncomeRatio": 0.0651435624, "totalOtherIncomeExpensesNet": 30966000, "incomeBeforeTax": 188563000, "incomeBeforeTaxRatio": 0.0779435241, "incomeTaxExpense": 20918000, "netIncome": 167645000, "netIncomeRatio": 0.069296957, "eps": 0.89, "epsdiluted": 0.88, "weightedAverageShsOut": 187834000, "weightedAverageShsOutDil": 191595000, "link": "https://www.sec.gov/Archives/edgar/data/1048477/000104847724000016/0001048477-24-000016-index.htm", "finalLink": "https://www.sec.gov/Archives/edgar/data/1048477/000104847724000016/bmrn-20231231.htm", "calculatedOtherExpenses": 0, "calculatedOperatingExpenses": 1684564000, "calculatedNetInterest": 41004000, "calculatedOtherIncome": -10038000, "calculatedIncomeNonControlling": 0, "calculatedEbitda": 261983000}, {"date": "2022-12-31", "symbol": "BMRN", "reportedCurrency": "USD", "cik": "0001048477", "fillingDate": "2023-02-27", "acceptedDate": "2023-02-27 17:25:52", "calendarYear": "2022", "period": "FY", "revenue": 2096039000, "costOfRevenue": 483669000, "grossProfit": 1612370000, "grossProfitRatio": 0.7692461829, "researchAndDevelopmentExpenses": 649606000, "generalAndAdministrativeExpenses": 403709000, "sellingAndMarketingExpenses": 450300000, "sellingGeneralAndAdministrativeExpenses": 854009000, "otherExpenses": 67193000, "operatingExpenses": 1570808000, "costAndExpenses": 2054477000, "interestIncome": 18034000, "interestExpense": 15970000, "depreciationAndAmortization": 101969000, "ebitda": 159515000, "ebitdaratio": 0.0761030687, "operatingIncome": 57546000, "operatingIncomeRatio": 0.0274546418, "totalOtherIncomeExpensesNet": 92030000, "incomeBeforeTax": 149576000, "incomeBeforeTaxRatio": 0.0713612676, "incomeTaxExpense": 8015000, "netIncome": 141561000, "netIncomeRatio": 0.0675373884, "eps": 0.76, "epsdiluted": 0.75, "weightedAverageShsOut": 185266000, "weightedAverageShsOutDil": 188963000, "link": "https://www.sec.gov/Archives/edgar/data/1048477/000104847723000009/0001048477-23-000009-index.htm", "finalLink": "https://www.sec.gov/Archives/edgar/data/1048477/000104847723000009/bmrn-20221231.htm", "calculatedOtherExpenses": 51209000, "calculatedOperatingExpenses": 1554824000, "calculatedNetInterest": 2064000, "calculatedOtherIncome": 89966000, "calculatedIncomeNonControlling": 0, "calculatedEbitda": 159515000}, {"date": "2021-12-31", "symbol": "BMRN", "reportedCurrency": "USD", "cik": "0001048477", "fillingDate": "2022-02-25", "acceptedDate": "2022-02-25 13:40:25", "calendarYear": "2021", "period": "FY", "revenue": 1846275000, "costOfRevenue": 470515000, "grossProfit": 1375760000, "grossProfitRatio": 0.7451544326, "researchAndDevelopmentExpenses": 628793000, "generalAndAdministrativeExpenses": 354300000, "sellingAndMarketingExpenses": 405100000, "sellingGeneralAndAdministrativeExpenses": 759375000, "otherExpenses": 69933000, "operatingExpenses": 1458101000, "costAndExpenses": 1928616000, "interestIncome": 10482000, "interestExpense": 15337000, "depreciationAndAmortization": 108039000, "ebitda": 48026000, "ebitdaratio": 0.0260123763, "operatingIncome": -60013000, "operatingIncomeRatio": -0.0325049085, "totalOtherIncomeExpensesNet": -15337000, "incomeBeforeTax": -75350000, "incomeBeforeTaxRatio": -0.0408119051, "incomeTaxExpense": -11270000, "netIncome": -64080000, "netIncomeRatio": -0.0347077223, "eps": -0.35, "epsdiluted": -0.35, "weightedAverageShsOut": 182852000, "weightedAverageShsOutDil": 182852000, "link": "https://www.sec.gov/Archives/edgar/data/1048477/000104847722000012/0001048477-22-000012-index.htm", "finalLink": "https://www.sec.gov/Archives/edgar/data/1048477/000104847722000012/bmrn-20211231.htm", "calculatedOtherExpenses": 47605000, "calculatedOperatingExpenses": 1435773000, "calculatedNetInterest": -4855000, "calculatedOtherIncome": -10482000, "calculatedIncomeNonControlling": 0, "calculatedEbitda": 48026000}, {"date": "2020-12-31", "symbol": "BMRN", "reportedCurrency": "USD", "cik": "0001048477", "fillingDate": "2021-02-26", "acceptedDate": "2021-02-26 15:16:19", "calendarYear": "2020", "period": "FY", "revenue": 1860455000, "costOfRevenue": 524272000, "grossProfit": 1336183000, "grossProfitRatio": 0.7182022677, "researchAndDevelopmentExpenses": 628116000, "generalAndAdministrativeExpenses": 334300000, "sellingAndMarketingExpenses": 403400000, "sellingGeneralAndAdministrativeExpenses": 737669000, "otherExpenses": 66658000, "operatingExpenses": 1432443000, "costAndExpenses": 1956715000, "interestIncome": 16610000, "interestExpense": 29309000, "depreciationAndAmortization": 90410000, "ebitda": -5850000, "ebitdaratio": -0.0031443921, "operatingIncome": -96260000, "operatingIncomeRatio": -0.0517400313, "totalOtherIncomeExpensesNet": 53938000, "incomeBeforeTax": -42322000, "incomeBeforeTaxRatio": -0.0227481987, "incomeTaxExpense": -901422000, "netIncome": 854029000, "netIncomeRatio": 0.4590430835, "eps": 4.75, "epsdiluted": 4.53, "weightedAverageShsOut": 180804000, "weightedAverageShsOutDil": 191678000, "link": "https://www.sec.gov/Archives/edgar/data/1048477/000104847721000008/0001048477-21-000008-index.htm", "finalLink": "https://www.sec.gov/Archives/edgar/data/1048477/000104847721000008/bmrn-20201231.htm", "calculatedOtherExpenses": 66658000, "calculatedOperatingExpenses": 1432443000, "calculatedNetInterest": -12699000, "calculatedOtherIncome": 66637000, "calculatedIncomeNonControlling": 5071000, "calculatedEbitda": -5850000}, {"date": "2019-12-31", "symbol": "BMRN", "reportedCurrency": "USD", "cik": "0001048477", "fillingDate": "2020-02-27", "acceptedDate": "2020-02-27 16:55:54", "calendarYear": "2019", "period": "FY", "revenue": 1704048000, "costOfRevenue": 359466000, "grossProfit": 1344582000, "grossProfitRatio": 0.7890517169, "researchAndDevelopmentExpenses": 715007000, "generalAndAdministrativeExpenses": 0, "sellingAndMarketingExpenses": 0, "sellingGeneralAndAdministrativeExpenses": 680924000, "otherExpenses": 74108000, "operatingExpenses": 1470039000, "costAndExpenses": 1829505000, "interestIncome": 22748000, "interestExpense": 23460000, "depreciationAndAmortization": 103214000, "ebitda": -22243000, "ebitdaratio": -0.0130530361, "operatingIncome": -125457000, "operatingIncomeRatio": -0.0736229261, "totalOtherIncomeExpensesNet": 30646000, "incomeBeforeTax": -94811000, "incomeBeforeTaxRatio": -0.0556386909, "incomeTaxExpense": -70963000, "netIncome": -23848000, "netIncomeRatio": -0.0139949109, "eps": -0.13, "epsdiluted": -0.13, "weightedAverageShsOut": 179039000, "weightedAverageShsOutDil": 179039000, "link": "https://www.sec.gov/Archives/edgar/data/1048477/000104847720000009/0001048477-20-000009-index.htm", "finalLink": "https://www.sec.gov/Archives/edgar/data/1048477/000104847720000009/bmrn-20191231.htm", "calculatedOtherExpenses": 74108000, "calculatedOperatingExpenses": 1470039000, "calculatedNetInterest": -712000, "calculatedOtherIncome": 31358000, "calculatedIncomeNonControlling": 0, "calculatedEbitda": -22243000}, {"date": "2018-12-31", "symbol": "BMRN", "reportedCurrency": "USD", "cik": "0001048477", "fillingDate": "2019-02-28", "acceptedDate": "2019-02-27 18:40:45", "calendarYear": "2018", "period": "FY", "revenue": 1491212000, "costOfRevenue": 315264000, "grossProfit": 1175948000, "grossProfitRatio": 0.7885853923, "researchAndDevelopmentExpenses": 696328000, "generalAndAdministrativeExpenses": 604353000, "sellingAndMarketingExpenses": 0, "sellingGeneralAndAdministrativeExpenses": 604353000, "otherExpenses": 2205000, "operatingExpenses": 1349472000, "costAndExpenses": 1664736000, "interestIncome": 22831000, "interestExpense": 43664000, "depreciationAndAmortization": 48791000, "ebitda": -100250000, "ebitdaratio": -0.0672271951, "operatingIncome": -123524000, "operatingIncomeRatio": -0.0828346338, "totalOtherIncomeExpensesNet": 51652000, "incomeBeforeTax": -142705000, "incomeBeforeTaxRatio": -0.0956973254, "incomeTaxExpense": -65494000, "netIncome": -77211000, "netIncomeRatio": -0.0517773462, "eps": -0.44, "epsdiluted": -0.44, "weightedAverageShsOut": 177061000, "weightedAverageShsOutDil": 177268000, "link": "https://www.sec.gov/Archives/edgar/data/1048477/000156459019005033/0001564590-19-005033-index.htm", "finalLink": "https://www.sec.gov/Archives/edgar/data/1048477/000156459019005033/bmrn-10k_20181231.htm", "calculatedOtherExpenses": -1209000, "calculatedOperatingExpenses": 1299472000, "calculatedNetInterest": -20833000, "calculatedOtherIncome": 1652000, "calculatedIncomeNonControlling": 0, "calculatedEbitda": -74733000}, {"date": "2017-12-31", "symbol": "BMRN", "reportedCurrency": "USD", "cik": "0001048477", "fillingDate": "2018-02-26", "acceptedDate": "2018-02-26 06:07:31", "calendarYear": "2017", "period": "FY", "revenue": 1313646000, "costOfRevenue": 241786000, "grossProfit": 1071860000, "grossProfitRatio": 0.8159428035, "researchAndDevelopmentExpenses": 610753000, "generalAndAdministrativeExpenses": 554336000, "sellingAndMarketingExpenses": 0, "sellingGeneralAndAdministrativeExpenses": 554336000, "otherExpenses": 7970000, "operatingExpenses": 1211560000, "costAndExpenses": 1453346000, "interestIncome": 14853000, "interestExpense": 42707000, "depreciationAndAmortization": 46471000, "ebitda": -71697000, "ebitdaratio": -0.0545786308, "operatingIncome": -14700000, "operatingIncomeRatio": -0.0111902293, "totalOtherIncomeExpensesNet": 131679000, "incomeBeforeTax": -35875000, "incomeBeforeTaxRatio": -0.0273094882, "incomeTaxExpense": 81167000, "netIncome": -117042000, "netIncomeRatio": -0.0890970627, "eps": -0.67, "epsdiluted": -0.67, "weightedAverageShsOut": 174427000, "weightedAverageShsOutDil": 174427000, "link": "https://www.sec.gov/Archives/edgar/data/1048477/000156459018003114/0001564590-18-003114-index.htm", "finalLink": "https://www.sec.gov/Archives/edgar/data/1048477/000156459018003114/bmrn-10k_20171231.htm", "calculatedOtherExpenses": -78529000, "calculatedOperatingExpenses": 1086560000, "calculatedNetInterest": -27854000, "calculatedOtherIncome": 6679000, "calculatedIncomeNonControlling": 0, "calculatedEbitda": 31771000}, {"date": "2016-12-31", "symbol": "BMRN", "reportedCurrency": "USD", "cik": "0001048477", "fillingDate": "2017-02-27", "acceptedDate": "2017-02-27 06:06:30", "calendarYear": "2016", "period": "FY", "revenue": 1116854000, "costOfRevenue": 209620000, "grossProfit": 907234000, "grossProfitRatio": 0.8123120838, "researchAndDevelopmentExpenses": 661905000, "generalAndAdministrativeExpenses": 476593000, "sellingAndMarketingExpenses": 0, "sellingGeneralAndAdministrativeExpenses": 476593000, "otherExpenses": 4929000, "operatingExpenses": 1111545000, "costAndExpenses": 1321165000, "interestIncome": 7487000, "interestExpense": 39499000, "depreciationAndAmortization": -26953000, "ebitda": -192433000, "ebitdaratio": -0.1722991546, "operatingIncome": -803429000, "operatingIncomeRatio": -0.7193679747, "totalOtherIncomeExpensesNet": -594727000, "incomeBeforeTax": -831050000, "incomeBeforeTaxRatio": -0.7440990497, "incomeTaxExpense": -200840000, "netIncome": -630210000, "netIncomeRatio": -0.5642725012, "eps": -3.8, "epsdiluted": -3.79, "weightedAverageShsOut": 165985000, "weightedAverageShsOutDil": 166219000, "link": "https://www.sec.gov/Archives/edgar/data/1048477/000156459017002483/0001564590-17-002483-index.htm", "finalLink": "https://www.sec.gov/Archives/edgar/data/1048477/000156459017002483/bmrn-10k_20161231.htm", "calculatedOtherExpenses": 572165000, "calculatedOperatingExpenses": 1710663000, "calculatedNetInterest": -32012000, "calculatedOtherIncome": 4391000, "calculatedIncomeNonControlling": 0, "calculatedEbitda": -830382000}, {"date": "2015-12-31", "symbol": "BMRN", "reportedCurrency": "USD", "cik": "0001048477", "fillingDate": "2016-02-29", "acceptedDate": "2016-02-29 09:02:04", "calendarYear": "2015", "period": "FY", "revenue": 889895000, "costOfRevenue": 152008000, "grossProfit": 737887000, "grossProfitRatio": 0.829184342, "researchAndDevelopmentExpenses": 634806000, "generalAndAdministrativeExpenses": 402271000, "sellingAndMarketingExpenses": 0, "sellingGeneralAndAdministrativeExpenses": 402271000, "otherExpenses": -9299000, "operatingExpenses": 1019387000, "costAndExpenses": 1171395000, "interestIncome": 4501000, "interestExpense": 38244000, "depreciationAndAmortization": -17690000, "ebitda": -287278000, "ebitdaratio": -0.3228223554, "operatingIncome": -110702000, "operatingIncomeRatio": -0.1243989459, "totalOtherIncomeExpensesNet": 160682000, "incomeBeforeTax": -154724000, "incomeBeforeTaxRatio": -0.1738677035, "incomeTaxExpense": 17075000, "netIncome": -171799000, "netIncomeRatio": -0.1930553605, "eps": -1.07, "epsdiluted": -1.07, "weightedAverageShsOut": 160025000, "weightedAverageShsOutDil": 160025000, "link": "https://www.sec.gov/Archives/edgar/data/1048477/000156459016013653/0001564590-16-013653-index.htm", "finalLink": "https://www.sec.gov/Archives/edgar/data/1048477/000156459016013653/bmrn-10k_20151231.htm", "calculatedOtherExpenses": -188488000, "calculatedOperatingExpenses": 848589000, "calculatedNetInterest": -33743000, "calculatedOtherIncome": -10279000, "calculatedIncomeNonControlling": 0, "calculatedEbitda": -128392000}, {"date": "2014-12-31", "symbol": "BMRN", "reportedCurrency": "USD", "cik": "0001048477", "fillingDate": "2015-03-02", "acceptedDate": "2015-03-02 06:10:54", "calendarYear": "2014", "period": "FY", "revenue": 751040000, "costOfRevenue": 129764000, "grossProfit": 621276000, "grossProfitRatio": 0.8272209203, "researchAndDevelopmentExpenses": 461543000, "generalAndAdministrativeExpenses": 302156000, "sellingAndMarketingExpenses": 0, "sellingGeneralAndAdministrativeExpenses": 302156000, "otherExpenses": 279000, "operatingExpenses": 781667000, "costAndExpenses": 911431000, "interestIncome": 5937000, "interestExpense": 36642000, "depreciationAndAmortization": 17968000, "ebitda": -137758000, "ebitdaratio": -0.1834229868, "operatingIncome": -92891000, "operatingIncomeRatio": -0.1236831594, "totalOtherIncomeExpensesNet": 66902000, "incomeBeforeTax": -124868000, "incomeBeforeTaxRatio": -0.1662601193, "incomeTaxExpense": 9101000, "netIncome": -133969000, "netIncomeRatio": -0.1783779825, "eps": -0.92, "epsdiluted": -0.92, "weightedAverageShsOut": 145618478, "weightedAverageShsOutDil": 146349000, "link": "https://www.sec.gov/Archives/edgar/data/1048477/000156459015001140/0001564590-15-001140-index.htm", "finalLink": "https://www.sec.gov/Archives/edgar/data/1048477/000156459015001140/bmrn-10k_20141231.htm", "calculatedOtherExpenses": -49532000, "calculatedOperatingExpenses": 714167000, "calculatedNetInterest": -30705000, "calculatedOtherIncome": -1272000, "calculatedIncomeNonControlling": 0, "calculatedEbitda": -74923000}, {"date": "2013-12-31", "symbol": "BMRN", "reportedCurrency": "USD", "cik": "0001048477", "fillingDate": "2014-02-26", "acceptedDate": "2014-02-26 17:14:55", "calendarYear": "2013", "period": "FY", "revenue": 548485000, "costOfRevenue": 95742000, "grossProfit": 452743000, "grossProfitRatio": 0.8254428107, "researchAndDevelopmentExpenses": 354780000, "generalAndAdministrativeExpenses": 235356000, "sellingAndMarketingExpenses": 0, "sellingGeneralAndAdministrativeExpenses": 235356000, "otherExpenses": 982000, "operatingExpenses": 608750000, "costAndExpenses": 704492000, "interestIncome": 3083000, "interestExpense": 10447000, "depreciationAndAmortization": 47264000, "ebitda": -118792000, "ebitdaratio": -0.2165820396, "operatingIncome": -156007000, "operatingIncomeRatio": -0.2844325734, "totalOtherIncomeExpensesNet": -167000, "incomeBeforeTax": -176503000, "incomeBeforeTaxRatio": -0.3218009608, "incomeTaxExpense": -150000, "netIncome": -176353000, "netIncomeRatio": -0.3215274802, "eps": -1.28, "epsdiluted": -1.28, "weightedAverageShsOut": 137755000, "weightedAverageShsOutDil": 137755000, "link": "https://www.sec.gov/Archives/edgar/data/1048477/000119312514070025/0001193125-14-070025-index.htm", "finalLink": "https://www.sec.gov/Archives/edgar/data/1048477/000119312514070025/d657861d10k.htm", "calculatedOtherExpenses": 18614000, "calculatedOperatingExpenses": 608750000, "calculatedNetInterest": -7364000, "calculatedOtherIncome": -13132000, "calculatedIncomeNonControlling": 0, "calculatedEbitda": -108743000}, {"date": "2012-12-31", "symbol": "BMRN", "reportedCurrency": "USD", "cik": "0001048477", "fillingDate": "2013-02-26", "acceptedDate": "2013-02-26 16:43:47", "calendarYear": "2012", "period": "FY", "revenue": 500723000, "costOfRevenue": 91830000, "grossProfit": 408893000, "grossProfitRatio": 0.8166051889, "researchAndDevelopmentExpenses": 302218000, "generalAndAdministrativeExpenses": 198173000, "sellingAndMarketingExpenses": 0, "sellingGeneralAndAdministrativeExpenses": 198173000, "otherExpenses": -1787000, "operatingExpenses": 519108000, "costAndExpenses": 610938000, "interestIncome": 2584000, "interestExpense": 7639000, "depreciationAndAmortization": 18717000, "ebitda": -91922000, "ebitdaratio": -0.1835785454, "operatingIncome": -110215000, "operatingIncomeRatio": -0.2201117185, "totalOtherIncomeExpensesNet": -3008000, "incomeBeforeTax": -118278000, "incomeBeforeTaxRatio": -0.2362144339, "incomeTaxExpense": -3931000, "netIncome": -114347000, "netIncomeRatio": -0.228363786, "eps": -0.95, "epsdiluted": -0.95, "weightedAverageShsOut": 120271000, "weightedAverageShsOutDil": 120271000, "link": "https://www.sec.gov/Archives/edgar/data/1048477/000119312513077031/0001193125-13-077031-index.htm", "finalLink": "https://www.sec.gov/Archives/edgar/data/1048477/000119312513077031/d455570d10k.htm", "calculatedOtherExpenses": 18717000, "calculatedOperatingExpenses": 519108000, "calculatedNetInterest": -5055000, "calculatedOtherIncome": -3008000, "calculatedIncomeNonControlling": 0, "calculatedEbitda": -91498000}, {"date": "2011-12-31", "symbol": "BMRN", "reportedCurrency": "USD", "cik": "0001048477", "fillingDate": "2012-02-22", "acceptedDate": "2012-02-22 16:54:59", "calendarYear": "2011", "period": "FY", "revenue": 441358000, "costOfRevenue": 84023000, "grossProfit": 357335000, "grossProfitRatio": 0.8096261991, "researchAndDevelopmentExpenses": 214374000, "generalAndAdministrativeExpenses": 175423000, "sellingAndMarketingExpenses": 0, "sellingGeneralAndAdministrativeExpenses": 175423000, "otherExpenses": 1428000, "operatingExpenses": 389797000, "costAndExpenses": 473820000, "interestIncome": 2934000, "interestExpense": 8349000, "depreciationAndAmortization": 36094000, "ebitda": -31954000, "ebitdaratio": -0.0723992768, "operatingIncome": -33890000, "operatingIncomeRatio": -0.0767857386, "totalOtherIncomeExpensesNet": -5750000, "incomeBeforeTax": -43627000, "incomeBeforeTaxRatio": -0.0988471943, "incomeTaxExpense": 10209000, "netIncome": -53836000, "netIncomeRatio": -0.1219780768, "eps": -0.48, "epsdiluted": -0.48, "weightedAverageShsOut": 112122000, "weightedAverageShsOutDil": 112122000, "link": "https://www.sec.gov/Archives/edgar/data/1048477/000119312512072924/0001193125-12-072924-index.htm", "finalLink": "https://www.sec.gov/Archives/edgar/data/1048477/000119312512072924/d271112d10k.htm", "calculatedOtherExpenses": 1428000, "calculatedOperatingExpenses": 391225000, "calculatedNetInterest": -5415000, "calculatedOtherIncome": -4322000, "calculatedIncomeNonControlling": 0, "calculatedEbitda": 2204000}, {"date": "2010-12-31", "symbol": "BMRN", "reportedCurrency": "USD", "cik": "0001048477", "fillingDate": "2011-02-24", "acceptedDate": "2011-02-24 17:12:11", "calendarYear": "2010", "period": "FY", "revenue": 376267000, "costOfRevenue": 70285000, "grossProfit": 305982000, "grossProfitRatio": 0.8132044532, "researchAndDevelopmentExpenses": 147309000, "generalAndAdministrativeExpenses": 151723000, "sellingAndMarketingExpenses": 0, "sellingGeneralAndAdministrativeExpenses": 151723000, "otherExpenses": 6406000, "operatingExpenses": 299032000, "costAndExpenses": 369317000, "interestIncome": 4112000, "interestExpense": 10329000, "depreciationAndAmortization": 27737000, "ebitda": 8071000, "ebitdaratio": 0.0214501936, "operatingIncome": 544000, "operatingIncomeRatio": 0.0014457819, "totalOtherIncomeExpensesNet": -22223000, "incomeBeforeTax": -21490000, "incomeBeforeTaxRatio": -0.0571136985, "incomeTaxExpense": -227309000, "netIncome": 205819000, "netIncomeRatio": 0.5470025275, "eps": 1.99, "epsdiluted": 1.73, "weightedAverageShsOut": 103093000, "weightedAverageShsOutDil": 125674000, "link": "https://www.sec.gov/Archives/edgar/data/1048477/000119312511045527/0001193125-11-045527-index.htm", "finalLink": "https://www.sec.gov/Archives/edgar/data/1048477/000119312511045527/d10k.htm", "calculatedOtherExpenses": 6406000, "calculatedOperatingExpenses": 305438000, "calculatedNetInterest": -6217000, "calculatedOtherIncome": -15817000, "calculatedIncomeNonControlling": 0, "calculatedEbitda": 28281000}, {"date": "2009-12-31", "symbol": "BMRN", "reportedCurrency": "USD", "cik": "0001048477", "fillingDate": "2010-02-26", "acceptedDate": "2010-02-26 06:04:52", "calendarYear": "2009", "period": "FY", "revenue": 324656000, "costOfRevenue": 65909000, "grossProfit": 258747000, "grossProfitRatio": 0.7969881967, "researchAndDevelopmentExpenses": 115116000, "generalAndAdministrativeExpenses": 124290000, "sellingAndMarketingExpenses": 0, "sellingGeneralAndAdministrativeExpenses": 124290000, "otherExpenses": 2914000, "operatingExpenses": 242320000, "costAndExpenses": 308229000, "interestIncome": 5086000, "interestExpense": 14090000, "depreciationAndAmortization": 2914000, "ebitda": 21833000, "ebitdaratio": 0.0672496427, "operatingIncome": 16427000, "operatingIncomeRatio": 0.0505981716, "totalOtherIncomeExpensesNet": -6857000, "incomeBeforeTax": 566000, "incomeBeforeTaxRatio": 0.0017433838, "incomeTaxExpense": 1054000, "netIncome": -488000, "netIncomeRatio": -0.0015031295, "eps": -0.0049, "epsdiluted": -0.0049, "weightedAverageShsOut": 100271000, "weightedAverageShsOutDil": 100271000, "link": "https://www.sec.gov/Archives/edgar/data/1048477/000119312510041516/0001193125-10-041516-index.htm", "finalLink": "https://www.sec.gov/Archives/edgar/data/1048477/000119312510041516/d10k.htm", "calculatedOtherExpenses": 2914000, "calculatedOperatingExpenses": 242320000, "calculatedNetInterest": -9004000, "calculatedOtherIncome": -6857000, "calculatedIncomeNonControlling": 0, "calculatedEbitda": 19341000}, {"date": "2008-12-31", "symbol": "BMRN", "reportedCurrency": "USD", "cik": "0001048477", "fillingDate": "2009-02-27", "acceptedDate": "2009-02-27 16:19:18", "calendarYear": "2008", "period": "FY", "revenue": 296493000, "costOfRevenue": 52509000, "grossProfit": 243984000, "grossProfitRatio": 0.8228996975, "researchAndDevelopmentExpenses": 93291000, "generalAndAdministrativeExpenses": 106566000, "sellingAndMarketingExpenses": 0, "sellingGeneralAndAdministrativeExpenses": 106566000, "otherExpenses": 4371000, "operatingExpenses": 204228000, "costAndExpenses": 256737000, "interestIncome": 16388000, "interestExpense": 16394000, "depreciationAndAmortization": 4371000, "ebitda": 54189000, "ebitdaratio": 0.1827665409, "operatingIncome": 39756000, "operatingIncomeRatio": 0.1340874827, "totalOtherIncomeExpensesNet": -6326000, "incomeBeforeTax": 33424000, "incomeBeforeTaxRatio": 0.1127311606, "incomeTaxExpense": 2593000, "netIncome": 30831000, "netIncomeRatio": 0.1039855916, "eps": 0.31, "epsdiluted": 0.29, "weightedAverageShsOut": 98975000, "weightedAverageShsOutDil": 103572000, "link": "https://www.sec.gov/Archives/edgar/data/1048477/000119312509040972/0001193125-09-040972-index.htm", "finalLink": "https://www.sec.gov/Archives/edgar/data/1048477/000119312509040972/d10k.htm", "calculatedOtherExpenses": 4371000, "calculatedOperatingExpenses": 204228000, "calculatedNetInterest": -6000, "calculatedOtherIncome": -6326000, "calculatedIncomeNonControlling": 0, "calculatedEbitda": 44127000}, {"date": "2007-12-31", "symbol": "BMRN", "reportedCurrency": "USD", "cik": "0001048477", "fillingDate": "2008-02-28", "acceptedDate": "2008-02-27 21:35:59", "calendarYear": "2007", "period": "FY", "revenue": 121581000, "costOfRevenue": 18359000, "grossProfit": 103222000, "grossProfitRatio": 0.8489977875, "researchAndDevelopmentExpenses": 78600000, "generalAndAdministrativeExpenses": 77539000, "sellingAndMarketingExpenses": 0, "sellingGeneralAndAdministrativeExpenses": 77539000, "otherExpenses": 4371000, "operatingExpenses": 160510000, "costAndExpenses": 178869000, "interestIncome": 25932000, "interestExpense": -14243000, "depreciationAndAmortization": 1090000, "ebitda": -52917000, "ebitdaratio": -0.4352407037, "operatingIncome": -57288000, "operatingIncomeRatio": -0.4711920448, "totalOtherIncomeExpensesNet": 30525000, "incomeBeforeTax": -15074000, "incomeBeforeTaxRatio": -0.1239831882, "incomeTaxExpense": 729000, "netIncome": -15803000, "netIncomeRatio": -0.1299791908, "eps": -0.16, "epsdiluted": -0.16, "weightedAverageShsOut": 95878000, "weightedAverageShsOutDil": 95878000, "link": "https://www.sec.gov/Archives/edgar/data/1048477/000119312508040467/0001193125-08-040467-index.htm", "finalLink": "https://www.sec.gov/Archives/edgar/data/1048477/000119312508040467/d10k.htm", "calculatedOtherExpenses": 4371000, "calculatedOperatingExpenses": 160510000, "calculatedNetInterest": 40175000, "calculatedOtherIncome": 2039000, "calculatedIncomeNonControlling": 0, "calculatedEbitda": -56198000}, {"date": "2006-12-31", "symbol": "BMRN", "reportedCurrency": "USD", "cik": "0001048477", "fillingDate": "2007-02-28", "acceptedDate": "2007-02-27 20:20:13", "calendarYear": "2006", "period": "FY", "revenue": 84209000, "costOfRevenue": 8740000, "grossProfit": 75469000, "grossProfitRatio": 0.8962106188, "researchAndDevelopmentExpenses": 66735000, "generalAndAdministrativeExpenses": 49030000, "sellingAndMarketingExpenses": 0, "sellingGeneralAndAdministrativeExpenses": 49030000, "otherExpenses": -15623000, "operatingExpenses": 100142000, "costAndExpenses": 108882000, "interestIncome": 12866000, "interestExpense": 16726000, "depreciationAndAmortization": 11958000, "ebitda": -12715000, "ebitdaratio": -0.1509933618, "operatingIncome": -24673000, "operatingIncomeRatio": -0.2929971856, "totalOtherIncomeExpensesNet": 19274000, "incomeBeforeTax": -28533000, "incomeBeforeTaxRatio": -0.3388355164, "incomeTaxExpense": 23134000, "netIncome": -28533000, "netIncomeRatio": -0.3388355164, "eps": -0.34, "epsdiluted": -0.34, "weightedAverageShsOut": 84582000, "weightedAverageShsOutDil": 84582000, "link": "https://www.sec.gov/Archives/edgar/data/1048477/000119312507041361/0001193125-07-041361-index.htm", "finalLink": "https://www.sec.gov/Archives/edgar/data/1048477/000119312507041361/d10k.htm", "calculatedOtherExpenses": -15623000, "calculatedOperatingExpenses": 100142000, "calculatedNetInterest": -3860000, "calculatedOtherIncome": 0, "calculatedIncomeNonControlling": -23134000, "calculatedEbitda": -12715000}, {"date": "2005-12-31", "symbol": "BMRN", "reportedCurrency": "USD", "cik": "0001048477", "fillingDate": "2006-03-07", "acceptedDate": "2006-03-07 17:06:16", "calendarYear": "2005", "period": "FY", "revenue": 25669000, "costOfRevenue": 2629000, "grossProfit": 23040000, "grossProfitRatio": 0.8975807394, "researchAndDevelopmentExpenses": 56391000, "generalAndAdministrativeExpenses": 41556000, "sellingAndMarketingExpenses": 0, "sellingGeneralAndAdministrativeExpenses": 41556000, "otherExpenses": -10694000, "operatingExpenses": 87253000, "costAndExpenses": 89882000, "interestIncome": 1861000, "interestExpense": 11918000, "depreciationAndAmortization": 10075000, "ebitda": -54138000, "ebitdaratio": -2.1090809926, "operatingIncome": -64213000, "operatingIncomeRatio": -2.5015777786, "totalOtherIncomeExpensesNet": 11838000, "incomeBeforeTax": -74270000, "incomeBeforeTaxRatio": -2.8933733297, "incomeTaxExpense": 21895000, "netIncome": -74270000, "netIncomeRatio": -2.8933733297, "eps": -1.08, "epsdiluted": -1.08, "weightedAverageShsOut": 68830000, "weightedAverageShsOutDil": 68830000, "link": "https://www.sec.gov/Archives/edgar/data/1048477/000119312506047263/0001193125-06-047263-index.htm", "finalLink": "https://www.sec.gov/Archives/edgar/data/1048477/000119312506047263/d10k.htm", "calculatedOtherExpenses": -10694000, "calculatedOperatingExpenses": 87253000, "calculatedNetInterest": -10057000, "calculatedOtherIncome": 0, "calculatedIncomeNonControlling": -21895000, "calculatedEbitda": -54138000}, {"date": "2004-12-31", "symbol": "BMRN", "reportedCurrency": "USD", "cik": "0001048477", "fillingDate": "2005-03-16", "acceptedDate": "2005-03-16 16:41:52", "calendarYear": "2004", "period": "FY", "revenue": 18641000, "costOfRevenue": 3953000, "grossProfit": 14688000, "grossProfitRatio": 0.7879405611, "researchAndDevelopmentExpenses": 49784000, "generalAndAdministrativeExpenses": 37606000, "sellingAndMarketingExpenses": 0, "sellingGeneralAndAdministrativeExpenses": 37606000, "otherExpenses": 75210000, "operatingExpenses": 162600000, "costAndExpenses": 166553000, "interestIncome": 2466000, "interestExpense": -10544000, "depreciationAndAmortization": 13279000, "ebitda": -34929000, "ebitdaratio": -1.8737728663, "operatingIncome": -179365000, "operatingIncomeRatio": -9.6220696315, "totalOtherIncomeExpensesNet": -102676000, "incomeBeforeTax": -187443000, "incomeBeforeTaxRatio": -10.055415482, "incomeTaxExpense": 36559000, "netIncome": -187443000, "netIncomeRatio": -10.055415482, "eps": -2.91, "epsdiluted": -2.91, "weightedAverageShsOut": 64354000, "weightedAverageShsOutDil": 64354000, "link": "https://www.sec.gov/Archives/edgar/data/1048477/000119312505052825/0001193125-05-052825-index.htm", "finalLink": "https://www.sec.gov/Archives/edgar/data/1048477/000119312505052825/d10k.htm", "calculatedOtherExpenses": 106663000, "calculatedOperatingExpenses": 194053000, "calculatedNetInterest": 13010000, "calculatedOtherIncome": -21088000, "calculatedIncomeNonControlling": -36559000, "calculatedEbitda": -166086000}, {"date": "2003-12-31", "symbol": "BMRN", "reportedCurrency": "USD", "cik": "0001048477", "fillingDate": "2004-02-27", "acceptedDate": "2004-02-27 15:50:18", "calendarYear": "2003", "period": "FY", "revenue": 12100000, "costOfRevenue": 0, "grossProfit": 12100000, "grossProfitRatio": 1, "researchAndDevelopmentExpenses": 54814000, "generalAndAdministrativeExpenses": 14396000, "sellingAndMarketingExpenses": 0, "sellingGeneralAndAdministrativeExpenses": 14396000, "otherExpenses": 18693000, "operatingExpenses": 87903000, "costAndExpenses": 87903000, "interestIncome": 2559000, "interestExpense": 3131000, "depreciationAndAmortization": 9442000, "ebitda": -47668000, "ebitdaratio": -3.9395041322, "operatingIncome": -75803000, "operatingIncomeRatio": -6.2647107438, "totalOtherIncomeExpensesNet": -18693000, "incomeBeforeTax": -75798000, "incomeBeforeTaxRatio": -6.2642975207, "incomeTaxExpense": -5000, "netIncome": -75798000, "netIncomeRatio": -6.2642975207, "eps": -1.22, "epsdiluted": -1.22, "weightedAverageShsOut": 62125000, "weightedAverageShsOutDil": 62125000, "link": "https://www.sec.gov/Archives/edgar/data/1048477/000119312504031255/0001193125-04-031255-index.htm", "finalLink": "https://www.sec.gov/Archives/edgar/data/1048477/000119312504031255/d10k.htm", "calculatedOtherExpenses": 18693000, "calculatedOperatingExpenses": 87903000, "calculatedNetInterest": -572000, "calculatedOtherIncome": 577000, "calculatedIncomeNonControlling": 5000, "calculatedEbitda": -66361000}, {"date": "2002-12-31", "symbol": "BMRN", "reportedCurrency": "USD", "cik": "0001048477", "fillingDate": "2003-03-03", "acceptedDate": "2003-03-03 16:20:59", "calendarYear": "2002", "period": "FY", "revenue": 13919000, "costOfRevenue": 0, "grossProfit": 13919000, "grossProfitRatio": 1, "researchAndDevelopmentExpenses": 54455000, "generalAndAdministrativeExpenses": 17541000, "sellingAndMarketingExpenses": 0, "sellingGeneralAndAdministrativeExpenses": 17541000, "otherExpenses": 9547000, "operatingExpenses": 81543000, "costAndExpenses": 81543000, "interestIncome": 2017000, "interestExpense": -542000, "depreciationAndAmortization": 8504000, "ebitda": -38350000, "ebitdaratio": -2.7552266686, "operatingIncome": -78847000, "operatingIncomeRatio": -5.6647029241, "totalOtherIncomeExpensesNet": -20770000, "incomeBeforeTax": -77461000, "incomeBeforeTaxRatio": -5.5651268051, "incomeTaxExpense": 9837000, "netIncome": -77461000, "netIncomeRatio": -5.5651268051, "eps": -1.45, "epsdiluted": -1.45, "weightedAverageShsOut": 53279000, "weightedAverageShsOutDil": 53279000, "link": "https://www.sec.gov/Archives/edgar/data/1048477/000089843003001767/0000898430-03-001767-index.htm", "finalLink": "https://www.sec.gov/Archives/edgar/data/1048477/000089843003001767/d10k.htm", "calculatedOtherExpenses": 20770000, "calculatedOperatingExpenses": 92766000, "calculatedNetInterest": 2559000, "calculatedOtherIncome": -1173000, "calculatedIncomeNonControlling": -9837000, "calculatedEbitda": -70343000}, {"date": "2001-12-31", "symbol": "BMRN", "reportedCurrency": "USD", "cik": "0001048477", "fillingDate": "2002-04-01", "acceptedDate": "2002-04-01 00:00:00", "calendarYear": "2001", "period": "FY", "revenue": 11699000, "costOfRevenue": 0, "grossProfit": 11699000, "grossProfitRatio": 1, "researchAndDevelopmentExpenses": 45283000, "generalAndAdministrativeExpenses": 6718000, "sellingAndMarketingExpenses": 0, "sellingGeneralAndAdministrativeExpenses": 6718000, "otherExpenses": 0, "operatingExpenses": 52001000, "costAndExpenses": 52001000, "interestIncome": 0, "interestExpense": 0, "depreciationAndAmortization": 7004000, "ebitda": -21651000, "ebitdaratio": -1.8506709975, "operatingIncome": -51949000, "operatingIncomeRatio": -4.440464997, "totalOtherIncomeExpensesNet": -18980000, "incomeBeforeTax": -70929000, "incomeBeforeTaxRatio": -6.0628258826, "incomeTaxExpense": 19971000, "netIncome": -67606000, "netIncomeRatio": -5.7787845115, "eps": -1.65, "epsdiluted": -1.65, "weightedAverageShsOut": 41083000, "weightedAverageShsOutDil": 41083000, "link": "https://www.sec.gov/Archives/edgar/data/1048477/000104847702000020/0001048477-02-000020-index.htm", "finalLink": "https://www.sec.gov/Archives/edgar/data/1048477/000104847702000020/financialsandnotes2002.txt", "calculatedOtherExpenses": 11647000, "calculatedOperatingExpenses": 63648000, "calculatedNetInterest": 0, "calculatedOtherIncome": -18980000, "calculatedIncomeNonControlling": -23294000, "calculatedEbitda": -44945000}, {"date": "2000-12-31", "symbol": "BMRN", "reportedCurrency": "USD", "cik": "0001048477", "fillingDate": "2001-03-20", "acceptedDate": "2001-03-20 00:00:00", "calendarYear": "2000", "period": "FY", "revenue": 12326000, "costOfRevenue": -6614000, "grossProfit": 18940000, "grossProfitRatio": 1.5365893234, "researchAndDevelopmentExpenses": 35794000, "generalAndAdministrativeExpenses": 8814000, "sellingAndMarketingExpenses": 0, "sellingGeneralAndAdministrativeExpenses": 8814000, "otherExpenses": 7333000, "operatingExpenses": 51941000, "costAndExpenses": 45327000, "interestIncome": 2979000, "interestExpense": 7000, "depreciationAndAmortization": 7333000, "ebitda": -18333000, "ebitdaratio": -1.4873438261, "operatingIncome": -33001000, "operatingIncomeRatio": -2.6773486938, "totalOtherIncomeExpensesNet": -7335000, "incomeBeforeTax": -40336000, "incomeBeforeTaxRatio": -3.272432257, "incomeTaxExpense": 4363000, "netIncome": -37364000, "netIncomeRatio": -3.0313159176, "eps": -1.04, "epsdiluted": -1.04, "weightedAverageShsOut": 35859000, "weightedAverageShsOutDil": 35859000, "link": "https://www.sec.gov/Archives/edgar/data/1048477/000104847701000010/0001048477-01-000010-index.htm", "finalLink": "https://www.sec.gov/Archives/edgar/data/1048477/000104847701000010/0001048477-01-000010-0001.txt", "calculatedOtherExpenses": 7333000, "calculatedOperatingExpenses": 51941000, "calculatedNetInterest": 2972000, "calculatedOtherIncome": -10307000, "calculatedIncomeNonControlling": -7335000, "calculatedEbitda": -25668000}, {"date": "1999-12-31", "symbol": "BMRN", "reportedCurrency": "USD", "cik": "0001048477", "fillingDate": "2000-03-30", "acceptedDate": "2000-03-30 00:00:00", "calendarYear": "1999", "period": "FY", "revenue": 6976000, "costOfRevenue": -6094000, "grossProfit": 13070000, "grossProfitRatio": 1.8735665138, "researchAndDevelopmentExpenses": 27206000, "generalAndAdministrativeExpenses": 6805000, "sellingAndMarketingExpenses": 0, "sellingGeneralAndAdministrativeExpenses": 6805000, "otherExpenses": 6558000, "operatingExpenses": 40569000, "costAndExpenses": 34475000, "interestIncome": 0, "interestExpense": 0, "depreciationAndAmortization": 6558000, "ebitda": -19268000, "ebitdaratio": -2.7620412844, "operatingIncome": -27499000, "operatingIncomeRatio": -3.9419438073, "totalOtherIncomeExpensesNet": -1673000, "incomeBeforeTax": -29172000, "incomeBeforeTaxRatio": -4.181766055, "incomeTaxExpense": 573000, "netIncome": -28072000, "netIncomeRatio": -4.0240825688, "eps": -0.94, "epsdiluted": -0.94, "weightedAverageShsOut": 29944000, "weightedAverageShsOutDil": 29944000, "link": "https://www.sec.gov/Archives/edgar/data/1048477/000104847700000003/0001048477-00-000003-index.html", "finalLink": "https://www.sec.gov/Archives/edgar/data/1048477/000104847700000003/", "calculatedOtherExpenses": 6558000, "calculatedOperatingExpenses": 40569000, "calculatedNetInterest": 0, "calculatedOtherIncome": -1673000, "calculatedIncomeNonControlling": -1673000, "calculatedEbitda": -20941000}, {"date": "1998-12-31", "symbol": "BMRN", "reportedCurrency": "USD", "cik": "0001048477", "fillingDate": "1998-12-31", "acceptedDate": "1998-12-30 19:00:00", "calendarYear": "1998", "period": "FY", "revenue": 1200000, "costOfRevenue": -700000, "grossProfit": 1900000, "grossProfitRatio": 1.5833333333, "researchAndDevelopmentExpenses": 10500000, "generalAndAdministrativeExpenses": 3500000, "sellingAndMarketingExpenses": 0, "sellingGeneralAndAdministrativeExpenses": 3500000, "otherExpenses": 800000, "operatingExpenses": 14800000, "costAndExpenses": 14100000, "interestIncome": 0, "interestExpense": 0, "depreciationAndAmortization": 800000, "ebitda": -12700000, "ebitdaratio": -10.5833333333, "operatingIncome": -12900000, "operatingIncomeRatio": -10.75, "totalOtherIncomeExpensesNet": 600000, "incomeBeforeTax": -12300000, "incomeBeforeTaxRatio": -10.25, "incomeTaxExpense": -600000, "netIncome": -12300000, "netIncomeRatio": -10.25, "eps": -0.55, "epsdiluted": -0.55, "weightedAverageShsOut": 22488000, "weightedAverageShsOutDil": 22488000, "link": "", "finalLink": "", "calculatedOtherExpenses": 800000, "calculatedOperatingExpenses": 14800000, "calculatedNetInterest": 0, "calculatedOtherIncome": 600000, "calculatedIncomeNonControlling": 600000, "calculatedEbitda": -12100000}]}