{"originalCurrency": "USD", "convertedCurrency": "USD", "report": [{"date": "2023-12-31", "symbol": "BN", "reportedCurrency": "USD", "cik": "0001001085", "fillingDate": "2023-12-31", "acceptedDate": "2023-12-29 19:00:00", "calendarYear": "2023", "period": "FY", "revenue": 104303353134, "costOfRevenue": 66160454476, "grossProfit": 38142898658, "grossProfitRatio": 0.3656919697, "researchAndDevelopmentExpenses": 0, "generalAndAdministrativeExpenses": 69000000, "sellingAndMarketingExpenses": 0, "sellingGeneralAndAdministrativeExpenses": 69000000, "otherExpenses": -18126430911, "operatingExpenses": 18126430911, "costAndExpenses": 84286885385, "interestIncome": 0, "interestExpense": 16266944232, "depreciationAndAmortization": 9241424746, "ebitda": 29257892495, "ebitdaratio": 0.2805076885, "operatingIncome": 20016467746, "operatingIncomeRatio": 0.1919062729, "totalOtherIncomeExpensesNet": -15894232222, "incomeBeforeTax": 4122235523, "incomeBeforeTaxRatio": 0.0395216012, "incomeTaxExpense": 1029540542, "netIncome": 1130000000, "netIncomeRatio": 0.010833784, "eps": 0.63, "epsdiluted": 0.62, "weightedAverageShsOut": 1558500000, "weightedAverageShsOutDil": 1588200000, "link": null, "finalLink": null, "calculatedOtherExpenses": 18057430912, "calculatedOperatingExpenses": 18126430912, "calculatedNetInterest": -16266944232, "calculatedOtherIncome": 372712009, "calculatedIncomeNonControlling": 1962694981, "calculatedEbitda": 29257892492}, {"date": "2022-12-31", "symbol": "BN", "reportedCurrency": "USD", "cik": "0001001085", "fillingDate": "2022-12-31", "acceptedDate": "2022-12-31 00:00:00", "calendarYear": "2022", "period": "FY", "revenue": 92769000000, "costOfRevenue": 78511000000, "grossProfit": 14258000000, "grossProfitRatio": 0.153693583, "researchAndDevelopmentExpenses": 0, "generalAndAdministrativeExpenses": 122000000, "sellingAndMarketingExpenses": 0, "sellingGeneralAndAdministrativeExpenses": 122000000, "otherExpenses": 122000000, "operatingExpenses": 122000000, "costAndExpenses": 78633000000, "interestIncome": 10702000000, "interestExpense": 10702000000, "depreciationAndAmortization": 7683000000, "ebitda": 24876000000, "ebitdaratio": 0.2681499208, "operatingIncome": 17193000000, "operatingIncomeRatio": 0.1853313068, "totalOtherIncomeExpensesNet": -10529000000, "incomeBeforeTax": 6664000000, "incomeBeforeTaxRatio": 0.0718343412, "incomeTaxExpense": 1469000000, "netIncome": 5195000000, "netIncomeRatio": 0.0559993101, "eps": 3.31, "epsdiluted": 3.23, "weightedAverageShsOut": 1567500000, "weightedAverageShsOutDil": 1608200000, "link": null, "finalLink": null, "calculatedOtherExpenses": -3057000000, "calculatedOperatingExpenses": -2935000000, "calculatedNetInterest": 0, "calculatedOtherIncome": -10529000000, "calculatedIncomeNonControlling": 0, "calculatedEbitda": 24876000000}, {"date": "2021-12-31", "symbol": "BN", "reportedCurrency": "USD", "cik": "0001001085", "fillingDate": "2021-12-31", "acceptedDate": "2021-12-31 00:00:00", "calendarYear": "2021", "period": "FY", "revenue": 75731000000, "costOfRevenue": 64000000000, "grossProfit": 11731000000, "grossProfitRatio": 0.1549035402, "researchAndDevelopmentExpenses": 0, "generalAndAdministrativeExpenses": 116000000, "sellingAndMarketingExpenses": 0, "sellingGeneralAndAdministrativeExpenses": 116000000, "otherExpenses": 2847000000, "operatingExpenses": 116000000, "costAndExpenses": 64116000000, "interestIncome": 7604000000, "interestExpense": 7604000000, "depreciationAndAmortization": 6437000000, "ebitda": 23350000000, "ebitdaratio": 0.3083281615, "operatingIncome": 16913000000, "operatingIncomeRatio": 0.2233299441, "totalOtherIncomeExpensesNet": -2201000000, "incomeBeforeTax": 14712000000, "incomeBeforeTaxRatio": 0.1942665487, "incomeTaxExpense": 2324000000, "netIncome": 12388000000, "netIncomeRatio": 0.1635789835, "eps": 8.06, "epsdiluted": 7.81, "weightedAverageShsOut": 1536500000, "weightedAverageShsOutDil": 1586900000, "link": null, "finalLink": null, "calculatedOtherExpenses": -5298000000, "calculatedOperatingExpenses": -5182000000, "calculatedNetInterest": 0, "calculatedOtherIncome": -2201000000, "calculatedIncomeNonControlling": 0, "calculatedEbitda": 23350000000}, {"date": "2020-12-31", "symbol": "BN", "reportedCurrency": "USD", "cik": "0001001085", "fillingDate": "2020-12-31", "acceptedDate": "2020-12-31 00:00:00", "calendarYear": "2020", "period": "FY", "revenue": 62752000000, "costOfRevenue": 47386000000, "grossProfit": 15366000000, "grossProfitRatio": 0.2448686894, "researchAndDevelopmentExpenses": 0, "generalAndAdministrativeExpenses": 101000000, "sellingAndMarketingExpenses": 0, "sellingGeneralAndAdministrativeExpenses": 101000000, "otherExpenses": 5791000000, "operatingExpenses": 5892000000, "costAndExpenses": 53278000000, "interestIncome": 7213000000, "interestExpense": 7213000000, "depreciationAndAmortization": 5791000000, "ebitda": 15971000000, "ebitdaratio": 0.2545098164, "operatingIncome": 10180000000, "operatingIncomeRatio": 0.1622259052, "totalOtherIncomeExpensesNet": -8636000000, "incomeBeforeTax": 1544000000, "incomeBeforeTaxRatio": 0.0246047935, "incomeTaxExpense": 837000000, "netIncome": 707000000, "netIncomeRatio": 0.0112665732, "eps": 0.47, "epsdiluted": 0.47, "weightedAverageShsOut": 1511400000, "weightedAverageShsOutDil": 1511400000, "link": null, "finalLink": null, "calculatedOtherExpenses": 5085000000, "calculatedOperatingExpenses": 5186000000, "calculatedNetInterest": 0, "calculatedOtherIncome": -8636000000, "calculatedIncomeNonControlling": 0, "calculatedEbitda": 15971000000}, {"date": "2019-12-31", "symbol": "BN", "reportedCurrency": "USD", "cik": "0001001085", "fillingDate": "2019-12-31", "acceptedDate": "2019-12-31 00:00:00", "calendarYear": "2019", "period": "FY", "revenue": 67826000000, "costOfRevenue": 52728000000, "grossProfit": 15098000000, "grossProfitRatio": 0.2225990033, "researchAndDevelopmentExpenses": 0, "generalAndAdministrativeExpenses": 98000000, "sellingAndMarketingExpenses": 0, "sellingGeneralAndAdministrativeExpenses": 98000000, "otherExpenses": 4876000000, "operatingExpenses": 4974000000, "costAndExpenses": 57702000000, "interestIncome": 7227000000, "interestExpense": 7227000000, "depreciationAndAmortization": 4876000000, "ebitda": 18783000000, "ebitdaratio": 0.2769292012, "operatingIncome": 13907000000, "operatingIncomeRatio": 0.2050393654, "totalOtherIncomeExpensesNet": -8058000000, "incomeBeforeTax": 5849000000, "incomeBeforeTaxRatio": 0.086235367, "incomeTaxExpense": 495000000, "netIncome": 5354000000, "netIncomeRatio": 0.0789372807, "eps": 3.69, "epsdiluted": 3.6, "weightedAverageShsOut": 1452899941, "weightedAverageShsOutDil": 1488449940, "link": null, "finalLink": null, "calculatedOtherExpenses": 1093000000, "calculatedOperatingExpenses": 1191000000, "calculatedNetInterest": 0, "calculatedOtherIncome": -8058000000, "calculatedIncomeNonControlling": 0, "calculatedEbitda": 18783000000}, {"date": "2018-12-31", "symbol": "BN", "reportedCurrency": "USD", "cik": "0001001085", "fillingDate": "2018-12-31", "acceptedDate": "2018-12-31 00:00:00", "calendarYear": "2018", "period": "FY", "revenue": 56771000000, "costOfRevenue": 45519000000, "grossProfit": 11252000000, "grossProfitRatio": 0.1981997851, "researchAndDevelopmentExpenses": 0, "generalAndAdministrativeExpenses": 104000000, "sellingAndMarketingExpenses": 0, "sellingGeneralAndAdministrativeExpenses": 104000000, "otherExpenses": 1166000000, "operatingExpenses": 3206000000, "costAndExpenses": 48725000000, "interestIncome": 0, "interestExpense": 4854000000, "depreciationAndAmortization": 3102000000, "ebitda": 13402000000, "ebitdaratio": 0.2360712336, "operatingIncome": 10300000000, "operatingIncomeRatio": 0.18143066, "totalOtherIncomeExpensesNet": 4048000000, "incomeBeforeTax": 7240000000, "incomeBeforeTaxRatio": 0.1275299008, "incomeTaxExpense": -248000000, "netIncome": 3584000000, "netIncomeRatio": 0.0631308238, "eps": 2.5, "epsdiluted": 2.44, "weightedAverageShsOut": 1436400000, "weightedAverageShsOutDil": 1466100000, "link": null, "finalLink": null, "calculatedOtherExpenses": 848000000, "calculatedOperatingExpenses": 952000000, "calculatedNetInterest": -4854000000, "calculatedOtherIncome": 1794000000, "calculatedIncomeNonControlling": 3904000000, "calculatedEbitda": 13402000000}, {"date": "2017-12-31", "symbol": "BN", "reportedCurrency": "USD", "cik": "0001001085", "fillingDate": "2017-12-31", "acceptedDate": "2017-12-31 00:00:00", "calendarYear": "2017", "period": "FY", "revenue": 40786000000, "costOfRevenue": 32388000000, "grossProfit": 8398000000, "grossProfitRatio": 0.2059039867, "researchAndDevelopmentExpenses": 0, "generalAndAdministrativeExpenses": 95000000, "sellingAndMarketingExpenses": 0, "sellingGeneralAndAdministrativeExpenses": 95000000, "otherExpenses": 1180000000, "operatingExpenses": 2440000000, "costAndExpenses": 34828000000, "interestIncome": 0, "interestExpense": 3608000000, "depreciationAndAmortization": 2345000000, "ebitda": 10696000000, "ebitdaratio": 0.2622468494, "operatingIncome": 8351000000, "operatingIncomeRatio": 0.2047516305, "totalOtherIncomeExpensesNet": 2814000000, "incomeBeforeTax": 5164000000, "incomeBeforeTaxRatio": 0.1266120728, "incomeTaxExpense": 613000000, "netIncome": 1462000000, "netIncomeRatio": 0.0358456333, "eps": 0.91, "epsdiluted": 0.89, "weightedAverageShsOut": 1438200000, "weightedAverageShsOutDil": 1470000000, "link": null, "finalLink": null, "calculatedOtherExpenses": -48000000, "calculatedOperatingExpenses": 47000000, "calculatedNetInterest": -3608000000, "calculatedOtherIncome": 421000000, "calculatedIncomeNonControlling": 3089000000, "calculatedEbitda": 10696000000}, {"date": "2016-12-31", "symbol": "BN", "reportedCurrency": "USD", "cik": "0001001085", "fillingDate": "2016-12-31", "acceptedDate": "2016-12-31 00:00:00", "calendarYear": "2016", "period": "FY", "revenue": 24411000000, "costOfRevenue": 17718000000, "grossProfit": 6693000000, "grossProfitRatio": 0.2741796731, "researchAndDevelopmentExpenses": 0, "generalAndAdministrativeExpenses": 92000000, "sellingAndMarketingExpenses": 0, "sellingGeneralAndAdministrativeExpenses": 92000000, "otherExpenses": 482000000, "operatingExpenses": 2112000000, "costAndExpenses": 19830000000, "interestIncome": 0, "interestExpense": 3233000000, "depreciationAndAmortization": 2020000000, "ebitda": 8376000000, "ebitdaratio": 0.3431240015, "operatingIncome": 6356000000, "operatingIncomeRatio": 0.2603744214, "totalOtherIncomeExpensesNet": 1645000000, "incomeBeforeTax": 2993000000, "incomeBeforeTaxRatio": 0.12260866, "incomeTaxExpense": -345000000, "netIncome": 1651000000, "netIncomeRatio": 0.0676334439, "eps": 1.05, "epsdiluted": 1.03, "weightedAverageShsOut": 1438500000, "weightedAverageShsOutDil": 1464900000, "link": null, "finalLink": null, "calculatedOtherExpenses": 245000000, "calculatedOperatingExpenses": 337000000, "calculatedNetInterest": -3233000000, "calculatedOtherIncome": -130000000, "calculatedIncomeNonControlling": 1687000000, "calculatedEbitda": 8376000000}, {"date": "2015-12-31", "symbol": "BN", "reportedCurrency": "USD", "cik": "0001001085", "fillingDate": "2015-12-31", "acceptedDate": "2015-12-31 00:00:00", "calendarYear": "2015", "period": "FY", "revenue": 19913000000, "costOfRevenue": 14433000000, "grossProfit": 5480000000, "grossProfitRatio": 0.2751971074, "researchAndDevelopmentExpenses": 0, "generalAndAdministrativeExpenses": 106000000, "sellingAndMarketingExpenses": 0, "sellingGeneralAndAdministrativeExpenses": 106000000, "otherExpenses": 145000000, "operatingExpenses": 1801000000, "costAndExpenses": 16234000000, "interestIncome": 0, "interestExpense": 2820000000, "depreciationAndAmortization": 1695000000, "ebitda": 7214000000, "ebitdaratio": 0.3622759002, "operatingIncome": 5519000000, "operatingIncomeRatio": 0.277155627, "totalOtherIncomeExpensesNet": 4006000000, "incomeBeforeTax": 4865000000, "incomeBeforeTaxRatio": 0.2443127605, "incomeTaxExpense": 196000000, "netIncome": 2341000000, "netIncomeRatio": 0.1175613921, "eps": 1.55, "epsdiluted": 1.51, "weightedAverageShsOut": 1424550000, "weightedAverageShsOutDil": 1463550000, "link": null, "finalLink": null, "calculatedOtherExpenses": -145000000, "calculatedOperatingExpenses": -39000000, "calculatedNetInterest": -2820000000, "calculatedOtherIncome": 2166000000, "calculatedIncomeNonControlling": 2328000000, "calculatedEbitda": 7214000000}, {"date": "2014-12-31", "symbol": "BN", "reportedCurrency": "USD", "cik": "0001001085", "fillingDate": "2014-12-31", "acceptedDate": "2014-12-31 00:00:00", "calendarYear": "2014", "period": "FY", "revenue": 18364000000, "costOfRevenue": 13118000000, "grossProfit": 5246000000, "grossProfitRatio": 0.2856676105, "researchAndDevelopmentExpenses": 0, "generalAndAdministrativeExpenses": 123000000, "sellingAndMarketingExpenses": 0, "sellingGeneralAndAdministrativeExpenses": 123000000, "otherExpenses": 190000000, "operatingExpenses": 1593000000, "costAndExpenses": 14711000000, "interestIncome": 0, "interestExpense": 2579000000, "depreciationAndAmortization": 1470000000, "ebitda": 6907000000, "ebitdaratio": 0.3761163145, "operatingIncome": 5437000000, "operatingIncomeRatio": 0.2960683947, "totalOtherIncomeExpensesNet": 5458000000, "incomeBeforeTax": 6532000000, "incomeBeforeTaxRatio": 0.3556959268, "incomeTaxExpense": 1323000000, "netIncome": 3110000000, "netIncomeRatio": 0.1693530821, "eps": 2.13, "epsdiluted": 2.07, "weightedAverageShsOut": 1387350000, "weightedAverageShsOutDil": 1425600000, "link": null, "finalLink": null, "calculatedOtherExpenses": -314000000, "calculatedOperatingExpenses": -191000000, "calculatedNetInterest": -2579000000, "calculatedOtherIncome": 3674000000, "calculatedIncomeNonControlling": 2099000000, "calculatedEbitda": 6907000000}, {"date": "2013-12-31", "symbol": "BN", "reportedCurrency": "USD", "cik": "0001001085", "fillingDate": "2013-12-31", "acceptedDate": "2013-12-31 00:00:00", "calendarYear": "2013", "period": "FY", "revenue": 20830000000, "costOfRevenue": 13928000000, "grossProfit": 6902000000, "grossProfitRatio": 0.3313490158, "researchAndDevelopmentExpenses": 0, "generalAndAdministrativeExpenses": 152000000, "sellingAndMarketingExpenses": 0, "sellingGeneralAndAdministrativeExpenses": 152000000, "otherExpenses": 525000000, "operatingExpenses": 1607000000, "costAndExpenses": 15535000000, "interestIncome": 0, "interestExpense": 2553000000, "depreciationAndAmortization": 1455000000, "ebitda": 8034000000, "ebitdaratio": 0.385693711, "operatingIncome": 6579000000, "operatingIncomeRatio": 0.3158425348, "totalOtherIncomeExpensesNet": 1947000000, "incomeBeforeTax": 4689000000, "incomeBeforeTaxRatio": 0.2251080173, "incomeTaxExpense": 845000000, "netIncome": 2120000000, "netIncomeRatio": 0.1017762842, "eps": 1.43, "epsdiluted": 1.39, "weightedAverageShsOut": 1386225000, "weightedAverageShsOutDil": 1432800000, "link": null, "finalLink": null, "calculatedOtherExpenses": 171000000, "calculatedOperatingExpenses": 323000000, "calculatedNetInterest": -2553000000, "calculatedOtherIncome": 663000000, "calculatedIncomeNonControlling": 1724000000, "calculatedEbitda": 8034000000}, {"date": "2012-12-31", "symbol": "BN", "reportedCurrency": "USD", "cik": "0001001085", "fillingDate": "2012-12-31", "acceptedDate": "2012-12-31 00:00:00", "calendarYear": "2012", "period": "FY", "revenue": 18590000000, "costOfRevenue": 13849000000, "grossProfit": 4741000000, "grossProfitRatio": 0.2550295858, "researchAndDevelopmentExpenses": 0, "generalAndAdministrativeExpenses": 158000000, "sellingAndMarketingExpenses": 0, "sellingGeneralAndAdministrativeExpenses": 158000000, "otherExpenses": -158000000, "operatingExpenses": 1421000000, "costAndExpenses": 15270000000, "interestIncome": 0, "interestExpense": 2497000000, "depreciationAndAmortization": 1263000000, "ebitda": 5826000000, "ebitdaratio": 0.313394298, "operatingIncome": 4610000000, "operatingIncomeRatio": 0.2479827864, "totalOtherIncomeExpensesNet": 2440000000, "incomeBeforeTax": 3263000000, "incomeBeforeTaxRatio": 0.1755244755, "incomeTaxExpense": 516000000, "netIncome": 1380000000, "netIncomeRatio": 0.0742334588, "eps": 0.9, "epsdiluted": 0.88, "weightedAverageShsOut": 1392525000, "weightedAverageShsOutDil": 1460250000, "link": null, "finalLink": null, "calculatedOtherExpenses": -27000000, "calculatedOperatingExpenses": 131000000, "calculatedNetInterest": -2497000000, "calculatedOtherIncome": 1150000000, "calculatedIncomeNonControlling": 1367000000, "calculatedEbitda": 5873000000}, {"date": "2011-12-31", "symbol": "BN", "reportedCurrency": "USD", "cik": "0001001085", "fillingDate": "2011-12-31", "acceptedDate": "2011-12-31 00:00:00", "calendarYear": "2011", "period": "FY", "revenue": 15921000000, "costOfRevenue": 11821000000, "grossProfit": 4100000000, "grossProfitRatio": 0.2575215125, "researchAndDevelopmentExpenses": 0, "generalAndAdministrativeExpenses": 0, "sellingAndMarketingExpenses": 0, "sellingGeneralAndAdministrativeExpenses": 481000000, "otherExpenses": 1001000000, "operatingExpenses": 1385000000, "costAndExpenses": 13206000000, "interestIncome": 0, "interestExpense": 2352000000, "depreciationAndAmortization": 904000000, "ebitda": 5824000000, "ebitdaratio": 0.365806168, "operatingIncome": 4823000000, "operatingIncomeRatio": 0.3029332328, "totalOtherIncomeExpensesNet": 3819000000, "incomeBeforeTax": 4182000000, "incomeBeforeTaxRatio": 0.2626719427, "incomeTaxExpense": 508000000, "netIncome": 1957000000, "netIncomeRatio": 0.1229194146, "eps": 1.33, "epsdiluted": 1.28, "weightedAverageShsOut": 1386450000, "weightedAverageShsOutDil": 1469250000, "link": null, "finalLink": null, "calculatedOtherExpenses": -1204000000, "calculatedOperatingExpenses": -723000000, "calculatedNetInterest": -2352000000, "calculatedOtherIncome": 1711000000, "calculatedIncomeNonControlling": 1717000000, "calculatedEbitda": 5727000000}, {"date": "2010-12-31", "symbol": "BN", "reportedCurrency": "USD", "cik": "0001001085", "fillingDate": "2010-12-31", "acceptedDate": "2010-12-31 00:00:00", "calendarYear": "2010", "period": "FY", "revenue": 13988000000, "costOfRevenue": 10564000000, "grossProfit": 3424000000, "grossProfitRatio": 0.2447812411, "researchAndDevelopmentExpenses": 0, "generalAndAdministrativeExpenses": 0, "sellingAndMarketingExpenses": 0, "sellingGeneralAndAdministrativeExpenses": 417000000, "otherExpenses": 795000000, "operatingExpenses": 1212000000, "costAndExpenses": 11776000000, "interestIncome": 0, "interestExpense": 1829000000, "depreciationAndAmortization": 795000000, "ebitda": 3501000000, "ebitdaratio": 0.2502859594, "operatingIncome": 2706000000, "operatingIncomeRatio": 0.1934515299, "totalOtherIncomeExpensesNet": 2952000000, "incomeBeforeTax": 3335000000, "incomeBeforeTaxRatio": 0.2384186446, "incomeTaxExpense": 140000000, "netIncome": 1454000000, "netIncomeRatio": 0.1039462396, "eps": 1.07, "epsdiluted": 1.04, "weightedAverageShsOut": 1293525000, "weightedAverageShsOutDil": 1366875000, "link": null, "finalLink": null, "calculatedOtherExpenses": 301000000, "calculatedOperatingExpenses": 718000000, "calculatedNetInterest": -1829000000, "calculatedOtherIncome": 2458000000, "calculatedIncomeNonControlling": 1741000000, "calculatedEbitda": 3501000000}, {"date": "2009-12-31", "symbol": "BN", "reportedCurrency": "USD", "cik": "0001001085", "fillingDate": "2009-12-31", "acceptedDate": "2009-12-31 00:00:00", "calendarYear": "2009", "period": "FY", "revenue": 12082000000, "costOfRevenue": 7567000000, "grossProfit": 4515000000, "grossProfitRatio": 0.3736964079, "researchAndDevelopmentExpenses": 0, "generalAndAdministrativeExpenses": 0, "sellingAndMarketingExpenses": 0, "sellingGeneralAndAdministrativeExpenses": 393000000, "otherExpenses": 1271000000, "operatingExpenses": 1664000000, "costAndExpenses": 9231000000, "interestIncome": 0, "interestExpense": 1784000000, "depreciationAndAmortization": 1275000000, "ebitda": 5424000000, "ebitdaratio": 0.448932296, "operatingIncome": 4149000000, "operatingIncomeRatio": 0.34340341, "totalOtherIncomeExpensesNet": -370000000, "incomeBeforeTax": 1995000000, "incomeBeforeTaxRatio": 0.1651216686, "incomeTaxExpense": -24000000, "netIncome": 454000000, "netIncomeRatio": 0.0375765602, "eps": 0.32, "epsdiluted": 0.32, "weightedAverageShsOut": 1287450000, "weightedAverageShsOutDil": 1305675000, "link": null, "finalLink": null, "calculatedOtherExpenses": -27000000, "calculatedOperatingExpenses": 366000000, "calculatedNetInterest": -1784000000, "calculatedOtherIncome": -370000000, "calculatedIncomeNonControlling": 1565000000, "calculatedEbitda": 5424000000}, {"date": "2008-12-31", "symbol": "BN", "reportedCurrency": "USD", "cik": "0001001085", "fillingDate": "2008-12-31", "acceptedDate": "2008-12-31 00:00:00", "calendarYear": "2008", "period": "FY", "revenue": 12868000000, "costOfRevenue": 8059000000, "grossProfit": 4809000000, "grossProfitRatio": 0.3737177495, "researchAndDevelopmentExpenses": 0, "generalAndAdministrativeExpenses": 0, "sellingAndMarketingExpenses": 0, "sellingGeneralAndAdministrativeExpenses": 640000000, "otherExpenses": 1323000000, "operatingExpenses": 1963000000, "costAndExpenses": 10022000000, "interestIncome": 0, "interestExpense": 1984000000, "depreciationAndAmortization": 1330000000, "ebitda": 5912000000, "ebitdaratio": 0.4594342555, "operatingIncome": 4582000000, "operatingIncomeRatio": 0.3560770905, "totalOtherIncomeExpensesNet": -313000000, "incomeBeforeTax": 2331000000, "incomeBeforeTaxRatio": 0.1811470314, "incomeTaxExpense": 461000000, "netIncome": 649000000, "netIncomeRatio": 0.0504351881, "eps": 0.46, "epsdiluted": 0.45, "weightedAverageShsOut": 1307475000, "weightedAverageShsOutDil": 1331775000, "link": null, "finalLink": null, "calculatedOtherExpenses": -413000000, "calculatedOperatingExpenses": 227000000, "calculatedNetInterest": -1984000000, "calculatedOtherIncome": -267000000, "calculatedIncomeNonControlling": 1221000000, "calculatedEbitda": 5912000000}, {"date": "2007-12-31", "symbol": "BN", "reportedCurrency": "USD", "cik": "0001001085", "fillingDate": "2007-12-31", "acceptedDate": "2007-12-31 00:00:00", "calendarYear": "2007", "period": "FY", "revenue": 9343000000, "costOfRevenue": 5691000000, "grossProfit": 3652000000, "grossProfitRatio": 0.3908808734, "researchAndDevelopmentExpenses": 0, "generalAndAdministrativeExpenses": 0, "sellingAndMarketingExpenses": 0, "sellingGeneralAndAdministrativeExpenses": 464000000, "otherExpenses": 1034000000, "operatingExpenses": 1498000000, "costAndExpenses": 7189000000, "interestIncome": 0, "interestExpense": 466000000, "depreciationAndAmortization": 1034000000, "ebitda": 2443000000, "ebitdaratio": 0.2614791823, "operatingIncome": 1409000000, "operatingIncomeRatio": 0.1508080916, "totalOtherIncomeExpensesNet": 673000000, "incomeBeforeTax": 943000000, "incomeBeforeTaxRatio": 0.1009311784, "incomeTaxExpense": 156000000, "netIncome": 787000000, "netIncomeRatio": 0.084234186, "eps": 0.56, "epsdiluted": 0.55, "weightedAverageShsOut": 1310400000, "weightedAverageShsOutDil": 1348875000, "link": null, "finalLink": null, "calculatedOtherExpenses": 1779000000, "calculatedOperatingExpenses": 2243000000, "calculatedNetInterest": -466000000, "calculatedOtherIncome": 0, "calculatedIncomeNonControlling": 0, "calculatedEbitda": 2443000000}, {"date": "2006-12-31", "symbol": "BN", "reportedCurrency": "USD", "cik": "0001001085", "fillingDate": "2006-12-31", "acceptedDate": "2006-12-31 00:00:00", "calendarYear": "2006", "period": "FY", "revenue": 6897000000, "costOfRevenue": 0, "grossProfit": 6897000000, "grossProfitRatio": 1, "researchAndDevelopmentExpenses": 0, "generalAndAdministrativeExpenses": 0, "sellingAndMarketingExpenses": 0, "sellingGeneralAndAdministrativeExpenses": 333000000, "otherExpenses": 600000000, "operatingExpenses": 933000000, "costAndExpenses": 933000000, "interestIncome": 0, "interestExpense": 3811000000, "depreciationAndAmortization": 600000000, "ebitda": 5926000000, "ebitdaratio": 0.8592141511, "operatingIncome": 5326000000, "operatingIncomeRatio": 0.7722198057, "totalOtherIncomeExpensesNet": 602000000, "incomeBeforeTax": 1515000000, "incomeBeforeTaxRatio": 0.2196607221, "incomeTaxExpense": 345000000, "netIncome": 1170000000, "netIncomeRatio": 0.1696389735, "eps": 0.87, "epsdiluted": 0.84, "weightedAverageShsOut": 1350000000, "weightedAverageShsOutDil": 1385526316, "link": null, "finalLink": null, "calculatedOtherExpenses": 1238000000, "calculatedOperatingExpenses": 1571000000, "calculatedNetInterest": -3811000000, "calculatedOtherIncome": 0, "calculatedIncomeNonControlling": 0, "calculatedEbitda": 5926000000}, {"date": "2005-12-31", "symbol": "BN", "reportedCurrency": "USD", "cik": "0001001085", "fillingDate": "2005-12-31", "acceptedDate": "2005-12-31 00:00:00", "calendarYear": "2005", "period": "FY", "revenue": 5256000000, "costOfRevenue": 2950000000, "grossProfit": 2306000000, "grossProfitRatio": 0.4387366819, "researchAndDevelopmentExpenses": 0, "generalAndAdministrativeExpenses": 0, "sellingAndMarketingExpenses": 0, "sellingGeneralAndAdministrativeExpenses": 287000000, "otherExpenses": 374000000, "operatingExpenses": 661000000, "costAndExpenses": 3611000000, "interestIncome": 0, "interestExpense": -2184000000, "depreciationAndAmortization": 374000000, "ebitda": 338000000, "ebitdaratio": 0.0643074581, "operatingIncome": -36000000, "operatingIncomeRatio": -0.0068493151, "totalOtherIncomeExpensesNet": 1900000000, "incomeBeforeTax": 2148000000, "incomeBeforeTaxRatio": 0.4086757991, "incomeTaxExpense": 486000000, "netIncome": 1662000000, "netIncomeRatio": 0.3162100457, "eps": 1.24, "epsdiluted": 1.21, "weightedAverageShsOut": 1341925837, "weightedAverageShsOutDil": 1374816176, "link": null, "finalLink": null, "calculatedOtherExpenses": 2055000000, "calculatedOperatingExpenses": 2342000000, "calculatedNetInterest": 2184000000, "calculatedOtherIncome": 0, "calculatedIncomeNonControlling": 0, "calculatedEbitda": 338000000}, {"date": "2004-12-31", "symbol": "BN", "reportedCurrency": "USD", "cik": "0001001085", "fillingDate": "2004-12-31", "acceptedDate": "2004-12-31 00:00:00", "calendarYear": "2004", "period": "FY", "revenue": 4027000000, "costOfRevenue": 2323000000, "grossProfit": 1704000000, "grossProfitRatio": 0.4231437795, "researchAndDevelopmentExpenses": 0, "generalAndAdministrativeExpenses": 0, "sellingAndMarketingExpenses": 0, "sellingGeneralAndAdministrativeExpenses": 83000000, "otherExpenses": 251000000, "operatingExpenses": 334000000, "costAndExpenses": 2657000000, "interestIncome": 0, "interestExpense": 443000000, "depreciationAndAmortization": 251000000, "ebitda": 1621000000, "ebitdaratio": 0.4025329029, "operatingIncome": 1370000000, "operatingIncomeRatio": 0.3402036255, "totalOtherIncomeExpensesNet": 345000000, "incomeBeforeTax": 606000000, "incomeBeforeTaxRatio": 0.1504842314, "incomeTaxExpense": 239000000, "netIncome": 688000000, "netIncomeRatio": 0.1708467842, "eps": 0.41, "epsdiluted": 0.4, "weightedAverageShsOut": 1363925971, "weightedAverageShsOutDil": 1390934406, "link": null, "finalLink": null, "calculatedOtherExpenses": 251000000, "calculatedOperatingExpenses": 334000000, "calculatedNetInterest": -443000000, "calculatedOtherIncome": -321000000, "calculatedIncomeNonControlling": -321000000, "calculatedEbitda": 1621000000}, {"date": "2003-12-31", "symbol": "BN", "reportedCurrency": "USD", "cik": "0001001085", "fillingDate": "2003-12-31", "acceptedDate": "2003-12-31 00:00:00", "calendarYear": "2003", "period": "FY", "revenue": 3370000000, "costOfRevenue": 1935000000, "grossProfit": 1435000000, "grossProfitRatio": 0.4258160237, "researchAndDevelopmentExpenses": 0, "generalAndAdministrativeExpenses": 0, "sellingAndMarketingExpenses": 0, "sellingGeneralAndAdministrativeExpenses": 88000000, "otherExpenses": 149000000, "operatingExpenses": 237000000, "costAndExpenses": 2172000000, "interestIncome": 0, "interestExpense": 625000000, "depreciationAndAmortization": 149000000, "ebitda": 1347000000, "ebitdaratio": 0.3997032641, "operatingIncome": 1198000000, "operatingIncomeRatio": 0.3554896142, "totalOtherIncomeExpensesNet": 65000000, "incomeBeforeTax": 573000000, "incomeBeforeTaxRatio": 0.1700296736, "incomeTaxExpense": 165000000, "netIncome": 408000000, "netIncomeRatio": 0.1210682493, "eps": 0.26, "epsdiluted": 0.26, "weightedAverageShsOut": 1304167765, "weightedAverageShsOutDil": 1379991478, "link": null, "finalLink": null, "calculatedOtherExpenses": 149000000, "calculatedOperatingExpenses": 237000000, "calculatedNetInterest": -625000000, "calculatedOtherIncome": 0, "calculatedIncomeNonControlling": 0, "calculatedEbitda": 1347000000}, {"date": "2002-12-31", "symbol": "BN", "reportedCurrency": "USD", "cik": "0001001085", "fillingDate": "2002-12-31", "acceptedDate": "2002-12-31 00:00:00", "calendarYear": "2002", "period": "FY", "revenue": 3055032856, "costOfRevenue": 1844416106, "grossProfit": 1210616750, "grossProfitRatio": 0.3962696335, "researchAndDevelopmentExpenses": 0, "generalAndAdministrativeExpenses": 0, "sellingAndMarketingExpenses": 0, "sellingGeneralAndAdministrativeExpenses": 55982277, "otherExpenses": 118962339, "operatingExpenses": 174944617, "costAndExpenses": 2019360723, "interestIncome": 0, "interestExpense": 848731314, "depreciationAndAmortization": 118962339, "ebitda": 1154634472, "ebitdaratio": 0.3779450262, "operatingIncome": 1035672133, "operatingIncomeRatio": 0.3390052356, "totalOtherIncomeExpensesNet": -179943034.726325, "incomeBeforeTax": 186940819, "incomeBeforeTaxRatio": 0.0611910994, "incomeTaxExpense": 103967086, "netIncome": 82973732, "netIncomeRatio": 0.0271596858, "eps": 0.0277, "epsdiluted": 0.0277, "weightedAverageShsOut": 1304167765, "weightedAverageShsOutDil": 1379991478, "link": null, "finalLink": null, "calculatedOtherExpenses": 118962340, "calculatedOperatingExpenses": 174944617, "calculatedNetInterest": -848731314, "calculatedOtherIncome": 0, "calculatedIncomeNonControlling": 1, "calculatedEbitda": 1154634472}, {"date": "2001-12-31", "symbol": "BN", "reportedCurrency": "USD", "cik": "0001001085", "fillingDate": "2001-12-31", "acceptedDate": "2001-12-31 00:00:00", "calendarYear": "2001", "period": "FY", "revenue": 771936827, "costOfRevenue": 389968086, "grossProfit": 381968741, "grossProfitRatio": 0.4948186532, "researchAndDevelopmentExpenses": 0, "generalAndAdministrativeExpenses": 0, "sellingAndMarketingExpenses": 0, "sellingGeneralAndAdministrativeExpenses": 6999427, "otherExpenses": 23998036, "operatingExpenses": 30997463, "costAndExpenses": 420965549, "interestIncome": 0, "interestExpense": 159986907, "depreciationAndAmortization": 23998036, "ebitda": 374969314, "ebitdaratio": 0.4857512958, "operatingIncome": 350971277, "operatingIncomeRatio": 0.4546632125, "totalOtherIncomeExpensesNet": 79993453, "incomeBeforeTax": 190984370, "incomeBeforeTaxRatio": 0.2474093262, "incomeTaxExpense": -3999672.734582, "netIncome": 194984043, "netIncomeRatio": 0.2525906734, "eps": 0.13, "epsdiluted": 0.13, "weightedAverageShsOut": 1318702789, "weightedAverageShsOutDil": 1336054142, "link": null, "finalLink": null, "calculatedOtherExpenses": 23998037, "calculatedOperatingExpenses": 30997464, "calculatedNetInterest": -159986907, "calculatedOtherIncome": 0, "calculatedIncomeNonControlling": -0.26541799306869507, "calculatedEbitda": 374969313}, {"date": "2000-12-31", "symbol": "BN", "reportedCurrency": "USD", "cik": "0001001085", "fillingDate": "2000-12-31", "acceptedDate": "2000-12-31 00:00:00", "calendarYear": "2000", "period": "FY", "revenue": 9019203161, "costOfRevenue": 8223096960, "grossProfit": 796106200, "grossProfitRatio": 0.0882679086, "researchAndDevelopmentExpenses": 0, "generalAndAdministrativeExpenses": 0, "sellingAndMarketingExpenses": 0, "sellingGeneralAndAdministrativeExpenses": 405054034, "otherExpenses": 0, "operatingExpenses": 405054034, "costAndExpenses": 8628150994, "interestIncome": 0, "interestExpense": -393052432.810936, "depreciationAndAmortization": 31004136, "ebitda": 171022814, "ebitdaratio": 0.0189620759, "operatingIncome": 140018678, "operatingIncomeRatio": 0.0155245066, "totalOtherIncomeExpensesNet": 251033487, "incomeBeforeTax": 360048030, "incomeBeforeTaxRatio": 0.0399201597, "incomeTaxExpense": 101013475, "netIncome": 432057636, "netIncomeRatio": 0.0479041916, "eps": 0.67, "epsdiluted": 0.67, "weightedAverageShsOut": 1288002156, "weightedAverageShsOutDil": 1288002156, "link": null, "finalLink": null, "calculatedOtherExpenses": 251033488, "calculatedOperatingExpenses": 656087522, "calculatedNetInterest": 393052432.810936, "calculatedOtherIncome": -173023080.81093597, "calculatedIncomeNonControlling": -173023081, "calculatedEbitda": 171022814}, {"date": "1999-12-31", "symbol": "BN", "reportedCurrency": "USD", "cik": "0001001085", "fillingDate": "1999-12-31", "acceptedDate": "1999-12-31 00:00:00", "calendarYear": "1999", "period": "FY", "revenue": 980935003, "costOfRevenue": 0, "grossProfit": 980935003, "grossProfitRatio": 1, "researchAndDevelopmentExpenses": 0, "generalAndAdministrativeExpenses": 0, "sellingAndMarketingExpenses": 0, "sellingGeneralAndAdministrativeExpenses": 0, "otherExpenses": 387579207, "operatingExpenses": 387579207, "costAndExpenses": 387579207, "interestIncome": 0, "interestExpense": 271705010, "depreciationAndAmortization": 0, "ebitda": 593355795, "ebitdaratio": 0.6048879835, "operatingIncome": 593355795, "operatingIncomeRatio": 0.6048879835, "totalOtherIncomeExpensesNet": -271705010.598413, "incomeBeforeTax": 321650785, "incomeBeforeTaxRatio": 0.3279022406, "incomeTaxExpense": 29967464, "netIncome": 291683320, "netIncomeRatio": 0.2973523423, "eps": 0.2, "epsdiluted": -0.13, "weightedAverageShsOut": 1349771349, "weightedAverageShsOutDil": 1349771349, "link": null, "finalLink": null, "calculatedOtherExpenses": 387579208, "calculatedOperatingExpenses": 387579208, "calculatedNetInterest": -271705010, "calculatedOtherIncome": 0, "calculatedIncomeNonControlling": 1, "calculatedEbitda": 593355795}, {"date": "1998-12-31", "symbol": "BN", "reportedCurrency": "USD", "cik": "0001001085", "fillingDate": "1998-12-31", "acceptedDate": "1998-12-31 00:00:00", "calendarYear": "1998", "period": "FY", "revenue": 1045271419, "costOfRevenue": 0, "grossProfit": 1045271419, "grossProfitRatio": 1, "researchAndDevelopmentExpenses": 0, "generalAndAdministrativeExpenses": 0, "sellingAndMarketingExpenses": 0, "sellingGeneralAndAdministrativeExpenses": 0, "otherExpenses": 520120620, "operatingExpenses": 520120620, "costAndExpenses": 520120620, "interestIncome": 0, "interestExpense": 239436571, "depreciationAndAmortization": 0, "ebitda": 525150799, "ebitdaratio": 0.5024061594, "operatingIncome": 525150799, "operatingIncomeRatio": 0.5024061594, "totalOtherIncomeExpensesNet": -239436571.13147503, "incomeBeforeTax": 285714228, "incomeBeforeTaxRatio": 0.2733397498, "incomeTaxExpense": 16096576, "netIncome": 269617651, "netIncomeRatio": 0.2579403272, "eps": 0.18, "epsdiluted": 0.18, "weightedAverageShsOut": 1355936862, "weightedAverageShsOutDil": 1355936862, "link": null, "finalLink": null, "calculatedOtherExpenses": 520120620, "calculatedOperatingExpenses": 520120620, "calculatedNetInterest": -239436571, "calculatedOtherIncome": 0, "calculatedIncomeNonControlling": 1, "calculatedEbitda": 525150799}, {"date": "1997-12-31", "symbol": "BN", "reportedCurrency": "USD", "cik": "0001001085", "fillingDate": "1997-12-31", "acceptedDate": "1997-12-31 00:00:00", "calendarYear": "1997", "period": "FY", "revenue": 1165852218, "costOfRevenue": 0, "grossProfit": 1165852218, "grossProfitRatio": 1, "researchAndDevelopmentExpenses": 0, "generalAndAdministrativeExpenses": 0, "sellingAndMarketingExpenses": 0, "sellingGeneralAndAdministrativeExpenses": 0, "otherExpenses": 652357754, "operatingExpenses": 652357754, "costAndExpenses": 652357754, "interestIncome": 0, "interestExpense": 34965576, "depreciationAndAmortization": -226776738.644305, "ebitda": 286717726, "ebitdaratio": 0.245929734, "operatingIncome": 513494464, "operatingIncomeRatio": 0.4404455869, "totalOtherIncomeExpensesNet": 226776738, "incomeBeforeTax": 478528888, "incomeBeforeTaxRatio": 0.4104541558, "incomeTaxExpense": 44955740, "netIncome": 433573147, "netIncomeRatio": 0.3718937448, "eps": 0.31, "epsdiluted": 0.31, "weightedAverageShsOut": 1342269403, "weightedAverageShsOutDil": 1342269403, "link": null, "finalLink": null, "calculatedOtherExpenses": 652357754, "calculatedOperatingExpenses": 652357754, "calculatedNetInterest": -34965576, "calculatedOtherIncome": 0, "calculatedIncomeNonControlling": 1, "calculatedEbitda": 286717725.355695}, {"date": "1996-12-31", "symbol": "BN", "reportedCurrency": "USD", "cik": "0001001085", "fillingDate": "1996-12-31", "acceptedDate": "1996-12-31 00:00:00", "calendarYear": "1996", "period": "FY", "revenue": 4500186043, "costOfRevenue": 0, "grossProfit": 4500186043, "grossProfitRatio": 1, "researchAndDevelopmentExpenses": 0, "generalAndAdministrativeExpenses": 0, "sellingAndMarketingExpenses": 0, "sellingGeneralAndAdministrativeExpenses": 0, "otherExpenses": 0, "operatingExpenses": 0, "costAndExpenses": 0, "interestIncome": 0, "interestExpense": 0, "depreciationAndAmortization": 0, "ebitda": 4500186043, "ebitdaratio": 1, "operatingIncome": 4500186043, "operatingIncomeRatio": 1, "totalOtherIncomeExpensesNet": 0, "incomeBeforeTax": 0, "incomeBeforeTaxRatio": 0, "incomeTaxExpense": 4313182467, "netIncome": 187003575, "netIncomeRatio": 0.0415546321, "eps": 0.13, "epsdiluted": 0.13, "weightedAverageShsOut": 1389882912, "weightedAverageShsOutDil": 1389882912, "link": null, "finalLink": null, "calculatedOtherExpenses": 0, "calculatedOperatingExpenses": 0, "calculatedNetInterest": 0, "calculatedOtherIncome": -4500186043, "calculatedIncomeNonControlling": -4500186042, "calculatedEbitda": 4500186043}]}