{"originalCurrency": "USD", "convertedCurrency": "USD", "report": [{"date": "2023-12-31", "symbol": "BNL", "reportedCurrency": "USD", "cik": "0001424182", "fillingDate": "2024-02-22", "acceptedDate": "2024-02-22 16:01:24", "calendarYear": "2023", "period": "FY", "revenue": 442888000, "costOfRevenue": 22576000, "grossProfit": 420312000, "grossProfitRatio": 0.9490254873, "researchAndDevelopmentExpenses": 0, "generalAndAdministrativeExpenses": 39425000, "sellingAndMarketingExpenses": 0, "sellingGeneralAndAdministrativeExpenses": 39425000, "otherExpenses": -1681000, "operatingExpenses": 198051000, "costAndExpenses": 220627000, "interestIncome": 512000, "interestExpense": 80053000, "depreciationAndAmortization": 152781000, "ebitda": 379718000, "ebitdaratio": 0.8573680027, "operatingIncome": 372189000, "operatingIncomeRatio": 0.8403682195, "totalOtherIncomeExpensesNet": 21355000, "incomeBeforeTax": 164075000, "incomeBeforeTaxRatio": 0.3704661224, "incomeTaxExpense": 763000, "netIncome": 155478000, "netIncomeRatio": 0.3510548942, "eps": 0.83, "epsdiluted": 0.83, "weightedAverageShsOut": 186617000, "weightedAverageShsOutDil": 196315000, "link": "https://www.sec.gov/Archives/edgar/data/1424182/000095017024018725/0000950170-24-018725-index.htm", "finalLink": "https://www.sec.gov/Archives/edgar/data/1424182/000095017024018725/bnl-20231231.htm", "calculatedOtherExpenses": 8698000, "calculatedOperatingExpenses": 48123000, "calculatedNetInterest": -79541000, "calculatedOtherIncome": -128573000, "calculatedIncomeNonControlling": 7834000, "calculatedEbitda": 524970000}, {"date": "2022-12-31", "symbol": "BNL", "reportedCurrency": "USD", "cik": "0001424182", "fillingDate": "2023-02-23", "acceptedDate": "2023-02-23 16:15:20", "calendarYear": "2022", "period": "FY", "revenue": 407513000, "costOfRevenue": 21773000, "grossProfit": 385740000, "grossProfitRatio": 0.9465710296, "researchAndDevelopmentExpenses": 0, "generalAndAdministrativeExpenses": 37375000, "sellingAndMarketingExpenses": 0, "sellingGeneralAndAdministrativeExpenses": 37375000, "otherExpenses": 154807000, "operatingExpenses": 192182000, "costAndExpenses": 213955000, "interestIncome": 44000, "interestExpense": 78652000, "depreciationAndAmortization": 154807000, "ebitda": 354099000, "ebitdaratio": 0.8689268809, "operatingIncome": 199292000, "operatingIncomeRatio": 0.4890445213, "totalOtherIncomeExpensesNet": -68542000, "incomeBeforeTax": 130750000, "incomeBeforeTaxRatio": 0.32084866, "incomeTaxExpense": 1275000, "netIncome": 122115000, "netIncomeRatio": 0.299659152, "eps": 0.72, "epsdiluted": 0.72, "weightedAverageShsOut": 169840000, "weightedAverageShsOutDil": 180201000, "link": "https://www.sec.gov/Archives/edgar/data/1424182/000095017023004115/0000950170-23-004115-index.htm", "finalLink": "https://www.sec.gov/Archives/edgar/data/1424182/000095017023004115/bnl-20221231.htm", "calculatedOtherExpenses": 149073000, "calculatedOperatingExpenses": 186448000, "calculatedNetInterest": -78608000, "calculatedOtherIncome": 10066000, "calculatedIncomeNonControlling": 7360000, "calculatedEbitda": 354099000}, {"date": "2021-12-31", "symbol": "BNL", "reportedCurrency": "USD", "cik": "0001424182", "fillingDate": "2022-02-23", "acceptedDate": "2022-02-23 16:18:37", "calendarYear": "2021", "period": "FY", "revenue": 382876000, "costOfRevenue": 18459000, "grossProfit": 364417000, "grossProfitRatio": 0.9517885686, "researchAndDevelopmentExpenses": 0, "generalAndAdministrativeExpenses": 36366000, "sellingAndMarketingExpenses": 0, "sellingGeneralAndAdministrativeExpenses": 36366000, "otherExpenses": 132096000, "operatingExpenses": 168462000, "costAndExpenses": 186921000, "interestIncome": 17000, "interestExpense": 64146000, "depreciationAndAmortization": 132096000, "ebitda": 328006000, "ebitdaratio": 0.8566898944, "operatingIncome": 195910000, "operatingIncomeRatio": 0.5116800217, "totalOtherIncomeExpensesNet": -84738000, "incomeBeforeTax": 111172000, "incomeBeforeTaxRatio": 0.2903603255, "incomeTaxExpense": 1644000, "netIncome": 102426000, "netIncomeRatio": 0.2675174208, "eps": 0.67, "epsdiluted": 0.67, "weightedAverageShsOut": 153057000, "weightedAverageShsOutDil": 163970000, "link": "https://www.sec.gov/Archives/edgar/data/1424182/000119312522049969/0001193125-22-049969-index.htm", "finalLink": "https://www.sec.gov/Archives/edgar/data/1424182/000119312522049969/d248996d10k.htm", "calculatedOtherExpenses": 132141000, "calculatedOperatingExpenses": 168507000, "calculatedNetInterest": -64129000, "calculatedOtherIncome": -20609000, "calculatedIncomeNonControlling": 7102000, "calculatedEbitda": 328006000}, {"date": "2020-12-31", "symbol": "BNL", "reportedCurrency": "USD", "cik": "0001424182", "fillingDate": "2021-02-25", "acceptedDate": "2021-02-25 16:14:27", "calendarYear": "2020", "period": "FY", "revenue": 321637000, "costOfRevenue": 17478000, "grossProfit": 304159000, "grossProfitRatio": 0.945659237, "researchAndDevelopmentExpenses": 0, "generalAndAdministrativeExpenses": 31724000, "sellingAndMarketingExpenses": 0, "sellingGeneralAndAdministrativeExpenses": 31724000, "otherExpenses": 132685000, "operatingExpenses": 164409000, "costAndExpenses": 181887000, "interestIncome": 24000, "interestExpense": 76138000, "depreciationAndAmortization": 132685000, "ebitda": 272452000, "ebitdaratio": 0.8470791607, "operatingIncome": 139767000, "operatingIncomeRatio": 0.4345488859, "totalOtherIncomeExpensesNet": -82552000, "incomeBeforeTax": 57215000, "incomeBeforeTaxRatio": 0.1778868725, "incomeTaxExpense": 939000, "netIncome": 51181000, "netIncomeRatio": 0.159126593, "eps": 0.44, "epsdiluted": 0.44, "weightedAverageShsOut": 117150000, "weightedAverageShsOutDil": 128799000, "link": "https://www.sec.gov/Archives/edgar/data/1424182/000156459021008838/0001564590-21-008838-index.htm", "finalLink": "https://www.sec.gov/Archives/edgar/data/1424182/000156459021008838/ck1424182-10k_20201231.htm", "calculatedOtherExpenses": 132668000, "calculatedOperatingExpenses": 164392000, "calculatedNetInterest": -76114000, "calculatedOtherIncome": -6438000, "calculatedIncomeNonControlling": 5095000, "calculatedEbitda": 272452000}, {"date": "2019-12-31", "symbol": "BNL", "reportedCurrency": "USD", "cik": "0001424182", "fillingDate": "2020-02-27", "acceptedDate": "2020-02-27 09:28:44", "calendarYear": "2019", "period": "FY", "revenue": 298815000, "costOfRevenue": 15990000, "grossProfit": 282825000, "grossProfitRatio": 0.9464886301, "researchAndDevelopmentExpenses": 0, "generalAndAdministrativeExpenses": 35575000, "sellingAndMarketingExpenses": 0, "sellingGeneralAndAdministrativeExpenses": 35575000, "otherExpenses": 108818000, "operatingExpenses": 144393000, "costAndExpenses": 160383000, "interestIncome": 9000, "interestExpense": 72534000, "depreciationAndAmortization": 105408000, "ebitda": 247253000, "ebitdaratio": 0.8274450747, "operatingIncome": 141845000, "operatingIncomeRatio": 0.4746916989, "totalOtherIncomeExpensesNet": -54316000, "incomeBeforeTax": 87529000, "incomeBeforeTaxRatio": 0.2929203688, "incomeTaxExpense": 2415000, "netIncome": 79394000, "netIncomeRatio": 0.2656961665, "eps": 0.56, "epsdiluted": 0.52, "weightedAverageShsOut": 153116000, "weightedAverageShsOutDil": 153116000, "link": "https://www.sec.gov/Archives/edgar/data/1424182/000156459020007050/0001564590-20-007050-index.htm", "finalLink": "https://www.sec.gov/Archives/edgar/data/1424182/000156459020007050/ck1424182-10k_20191231.htm", "calculatedOtherExpenses": 105405000, "calculatedOperatingExpenses": 140980000, "calculatedNetInterest": -72525000, "calculatedOtherIncome": 18209000, "calculatedIncomeNonControlling": 5720000, "calculatedEbitda": 247253000}, {"date": "2018-12-31", "symbol": "BNL", "reportedCurrency": "USD", "cik": "0001424182", "fillingDate": "2019-03-14", "acceptedDate": "2019-03-14 08:52:32", "calendarYear": "2018", "period": "FY", "revenue": 237479000, "costOfRevenue": 11157000, "grossProfit": 226322000, "grossProfitRatio": 0.9530190038, "researchAndDevelopmentExpenses": 0, "generalAndAdministrativeExpenses": 30864000, "sellingAndMarketingExpenses": 0, "sellingGeneralAndAdministrativeExpenses": 30864000, "otherExpenses": -100000, "operatingExpenses": 115715000, "costAndExpenses": 126872000, "interestIncome": 179000, "interestExpense": 52855000, "depreciationAndAmortization": 83690000, "ebitda": 194680000, "ebitdaratio": 0.8197777488, "operatingIncome": 110607000, "operatingIncomeRatio": 0.4657548667, "totalOtherIncomeExpensesNet": 17174000, "incomeBeforeTax": 75105000, "incomeBeforeTaxRatio": 0.3162595429, "incomeTaxExpense": 857000, "netIncome": 69375000, "netIncomeRatio": 0.2921310937, "eps": 0.45, "epsdiluted": 0.45, "weightedAverageShsOut": 153116000, "weightedAverageShsOutDil": 153116000, "link": "https://www.sec.gov/Archives/edgar/data/1424182/000156459019007675/0001564590-19-007675-index.htm", "finalLink": "https://www.sec.gov/Archives/edgar/data/1424182/000156459019007675/ck0001424182-10k_20181231.htm", "calculatedOtherExpenses": 84851000, "calculatedOperatingExpenses": 115715000, "calculatedNetInterest": -52676000, "calculatedOtherIncome": 17174000, "calculatedIncomeNonControlling": 4873000, "calculatedEbitda": 194297000}, {"date": "2017-12-31", "symbol": "BNL", "reportedCurrency": "USD", "cik": "0001424182", "fillingDate": "2018-03-15", "acceptedDate": "2018-03-15 12:42:46", "calendarYear": "2017", "period": "FY", "revenue": 181563000, "costOfRevenue": 6505000, "grossProfit": 175058000, "grossProfitRatio": 0.9641722157, "researchAndDevelopmentExpenses": 0, "generalAndAdministrativeExpenses": 24681000, "sellingAndMarketingExpenses": 0, "sellingGeneralAndAdministrativeExpenses": 24681000, "otherExpenses": 379000, "operatingExpenses": 87568000, "costAndExpenses": 94073000, "interestIncome": 467000, "interestExpense": 34751000, "depreciationAndAmortization": 62759000, "ebitda": 151095000, "ebitdaratio": 0.8321904793, "operatingIncome": 84882000, "operatingIncomeRatio": 0.4675071463, "totalOtherIncomeExpensesNet": 6349000, "incomeBeforeTax": 59555000, "incomeBeforeTaxRatio": 0.3280128661, "incomeTaxExpense": 624000, "netIncome": 54799000, "netIncomeRatio": 0.3018181017, "eps": 0.41, "epsdiluted": 0.37, "weightedAverageShsOut": 133908000, "weightedAverageShsOutDil": 146136000, "link": "https://www.sec.gov/Archives/edgar/data/1424182/000156459018005758/0001564590-18-005758-index.htm", "finalLink": "https://www.sec.gov/Archives/edgar/data/1424182/000156459018005758/ck0001424182-10k_20171231.htm", "calculatedOtherExpenses": 65495000, "calculatedOperatingExpenses": 90176000, "calculatedNetInterest": -34284000, "calculatedOtherIncome": 8957000, "calculatedIncomeNonControlling": 4132000, "calculatedEbitda": 147641000}, {"date": "2016-12-31", "symbol": "BNL", "reportedCurrency": "USD", "cik": "0001424182", "fillingDate": "2016-12-31", "acceptedDate": "2016-12-30 19:00:00", "calendarYear": "2016", "period": "FY", "revenue": 142869000, "costOfRevenue": 3900000, "grossProfit": 138969000, "grossProfitRatio": 0.9727022657, "researchAndDevelopmentExpenses": 0, "generalAndAdministrativeExpenses": 17684000, "sellingAndMarketingExpenses": 0, "sellingGeneralAndAdministrativeExpenses": 17684000, "otherExpenses": 46767000, "operatingExpenses": 64451000, "costAndExpenses": 68351000, "interestIncome": 88000, "interestExpense": 29963000, "depreciationAndAmortization": 45839000, "ebitda": 120927000, "ebitdaratio": 0.8464187472, "operatingIncome": 74518000, "operatingIncomeRatio": 0.5215827086, "totalOtherIncomeExpensesNet": -4375000, "incomeBeforeTax": 40268000, "incomeBeforeTaxRatio": 0.2818526062, "incomeTaxExpense": 34359000, "netIncome": 36354000, "netIncomeRatio": 0.2544568801, "eps": 0.26, "epsdiluted": 0.26, "weightedAverageShsOut": 140892000, "weightedAverageShsOutDil": 153116000, "link": "", "finalLink": "", "calculatedOtherExpenses": 46767000, "calculatedOperatingExpenses": 64451000, "calculatedNetInterest": -29875000, "calculatedOtherIncome": -4375000, "calculatedIncomeNonControlling": -30445000, "calculatedEbitda": 120357000}, {"date": "2015-12-31", "symbol": "BNL", "reportedCurrency": "USD", "cik": "0001424182", "fillingDate": "2015-12-31", "acceptedDate": "2015-12-30 19:00:00", "calendarYear": "2015", "period": "FY", "revenue": 98086000, "costOfRevenue": 3384000, "grossProfit": 94702000, "grossProfitRatio": 0.9654996636, "researchAndDevelopmentExpenses": 0, "generalAndAdministrativeExpenses": 12855000, "sellingAndMarketingExpenses": 0, "sellingGeneralAndAdministrativeExpenses": 12855000, "otherExpenses": 262000, "operatingExpenses": 42372000, "costAndExpenses": 45756000, "interestIncome": 0, "interestExpense": 22605000, "depreciationAndAmortization": 28819000, "ebitda": 81979000, "ebitdaratio": 0.8357869625, "operatingIncome": 42383000, "operatingIncomeRatio": 0.4321004017, "totalOtherIncomeExpensesNet": -8835000, "incomeBeforeTax": 20890000, "incomeBeforeTaxRatio": 0.2129763677, "incomeTaxExpense": 25038000, "netIncome": 19287000, "netIncomeRatio": 0.1966335665, "eps": 0.14, "epsdiluted": 0.14, "weightedAverageShsOut": 140892000, "weightedAverageShsOutDil": 153116000, "link": "", "finalLink": "", "calculatedOtherExpenses": 39464000, "calculatedOperatingExpenses": 52319000, "calculatedNetInterest": -22605000, "calculatedOtherIncome": 1112000, "calculatedIncomeNonControlling": -23435000, "calculatedEbitda": 71202000}]}