{"originalCurrency": "CAD", "convertedCurrency": "CAD", "report": [{"date": "2023-10-31", "symbol": "BNS", "reportedCurrency": "CAD", "cik": "0000009631", "fillingDate": "2023-10-31", "acceptedDate": "2023-10-30 20:00:00", "calendarYear": "2023", "period": "FY", "revenue": 31787000000, "costOfRevenue": 0, "grossProfit": 31787000000, "grossProfitRatio": 1, "researchAndDevelopmentExpenses": 0, "generalAndAdministrativeExpenses": 9596000000, "sellingAndMarketingExpenses": 576000000, "sellingGeneralAndAdministrativeExpenses": 10172000000, "otherExpenses": -32323000000, "operatingExpenses": -22151000000, "costAndExpenses": -22151000000, "interestIncome": 56824000000, "interestExpense": 38537000000, "depreciationAndAmortization": 1820000000, "ebitda": 11456000000, "ebitdaratio": 0.3603989052, "operatingIncome": 9636000000, "operatingIncomeRatio": 0.3031427942, "totalOtherIncomeExpensesNet": 118000000, "incomeBeforeTax": 9754000000, "incomeBeforeTaxRatio": 0.3068550036, "incomeTaxExpense": 2226000000, "netIncome": 7410000000, "netIncomeRatio": 0.2331141662, "eps": 5.84, "epsdiluted": 5.81, "weightedAverageShsOut": 1197000000, "weightedAverageShsOutDil": 1204000000, "link": null, "finalLink": null, "calculatedOtherExpenses": 11979000000, "calculatedOperatingExpenses": 22151000000, "calculatedNetInterest": 18287000000, "calculatedOtherIncome": -18169000000, "calculatedIncomeNonControlling": 118000000, "calculatedEbitda": 11456000000}, {"date": "2022-10-31", "symbol": "BNS", "reportedCurrency": "CAD", "cik": "0000009631", "fillingDate": "2022-10-31", "acceptedDate": "2022-10-30 20:00:00", "calendarYear": "2022", "period": "FY", "revenue": 31148000000, "costOfRevenue": 0, "grossProfit": 31148000000, "grossProfitRatio": 1, "researchAndDevelopmentExpenses": 0, "generalAndAdministrativeExpenses": 8836000000, "sellingAndMarketingExpenses": 480000000, "sellingGeneralAndAdministrativeExpenses": 9316000000, "otherExpenses": -15105000000, "operatingExpenses": -5789000000, "costAndExpenses": -5789000000, "interestIncome": 33558000000, "interestExpense": 15443000000, "depreciationAndAmortization": 1531000000, "ebitda": 26890000000, "ebitdaratio": 0.863297804, "operatingIncome": 25359000000, "operatingIncomeRatio": 0.8141453705, "totalOtherIncomeExpensesNet": -12427000000, "incomeBeforeTax": 12932000000, "incomeBeforeTaxRatio": 0.4151791447, "incomeTaxExpense": 2758000000, "netIncome": 9916000000, "netIncomeRatio": 0.318351098, "eps": 8.05, "epsdiluted": 8.02, "weightedAverageShsOut": 1199000000, "weightedAverageShsOutDil": 1208000000, "link": "", "finalLink": "", "calculatedOtherExpenses": -3527000000, "calculatedOperatingExpenses": 5789000000, "calculatedNetInterest": 18115000000, "calculatedOtherIncome": -30542000000, "calculatedIncomeNonControlling": 258000000, "calculatedEbitda": 26890000000}, {"date": "2021-10-31", "symbol": "BNS", "reportedCurrency": "CAD", "cik": "0000009631", "fillingDate": "2021-10-31", "acceptedDate": "2021-10-31 00:00:00", "calendarYear": "2021", "period": "FY", "revenue": 30913000000, "costOfRevenue": 0, "grossProfit": 30913000000, "grossProfitRatio": 1, "researchAndDevelopmentExpenses": 0, "generalAndAdministrativeExpenses": 8541000000, "sellingAndMarketingExpenses": 404000000, "sellingGeneralAndAdministrativeExpenses": 8945000000, "otherExpenses": -27363000000, "operatingExpenses": -18418000000, "costAndExpenses": -18418000000, "interestIncome": 24986000000, "interestExpense": 8025000000, "depreciationAndAmortization": 1511000000, "ebitda": 14006000000, "ebitdaratio": 0.4530779931, "operatingIncome": 12495000000, "operatingIncomeRatio": 0.4041988807, "totalOtherIncomeExpensesNet": 331000000, "incomeBeforeTax": 12826000000, "incomeBeforeTaxRatio": 0.4149063501, "incomeTaxExpense": 2871000000, "netIncome": 9624000000, "netIncomeRatio": 0.3113253324, "eps": 7.74, "epsdiluted": 7.7, "weightedAverageShsOut": 1214000000, "weightedAverageShsOutDil": 1225000000, "link": null, "finalLink": null, "calculatedOtherExpenses": 9473000000, "calculatedOperatingExpenses": 18418000000, "calculatedNetInterest": 16961000000, "calculatedOtherIncome": -16630000000, "calculatedIncomeNonControlling": 331000000, "calculatedEbitda": 14006000000}, {"date": "2020-10-31", "symbol": "BNS", "reportedCurrency": "CAD", "cik": "0000009631", "fillingDate": "2021-01-29", "acceptedDate": "2021-01-29 12:49:47", "calendarYear": "2020", "period": "FY", "revenue": 31292000000, "costOfRevenue": 0, "grossProfit": 31292000000, "grossProfitRatio": 1, "researchAndDevelopmentExpenses": 0, "generalAndAdministrativeExpenses": 8624000000, "sellingAndMarketingExpenses": 445000000, "sellingGeneralAndAdministrativeExpenses": 9069000000, "otherExpenses": -32040000000, "operatingExpenses": -22971000000, "costAndExpenses": -22971000000, "interestIncome": 29712000000, "interestExpense": 12392000000, "depreciationAndAmortization": 1546000000, "ebitda": 9867000000, "ebitdaratio": 0.3153202096, "operatingIncome": 8321000000, "operatingIncomeRatio": 0.2659146108, "totalOtherIncomeExpensesNet": 75000000, "incomeBeforeTax": 8396000000, "incomeBeforeTaxRatio": 0.2683113895, "incomeTaxExpense": 1543000000, "netIncome": 6778000000, "netIncomeRatio": 0.216604883, "eps": 5.43, "epsdiluted": 5.3, "weightedAverageShsOut": 1212000000, "weightedAverageShsOutDil": 1243000000, "link": "https://www.sec.gov/Archives/edgar/data/9631/000114036121002628/0001140361-21-002628-index.htm", "finalLink": "https://www.sec.gov/Archives/edgar/data/9631/000114036121002628/brhc10019393_10k.htm", "calculatedOtherExpenses": 13902000000, "calculatedOperatingExpenses": 22971000000, "calculatedNetInterest": 17320000000, "calculatedOtherIncome": -17245000000, "calculatedIncomeNonControlling": 75000000, "calculatedEbitda": 9867000000}, {"date": "2019-10-31", "symbol": "BNS", "reportedCurrency": "CAD", "cik": "0000009631", "fillingDate": "2020-01-29", "acceptedDate": "2020-01-29 15:03:42", "calendarYear": "2019", "period": "FY", "revenue": 30236000000, "costOfRevenue": 0, "grossProfit": 30236000000, "grossProfitRatio": 1, "researchAndDevelopmentExpenses": 0, "generalAndAdministrativeExpenses": 8443000000, "sellingAndMarketingExpenses": 625000000, "sellingGeneralAndAdministrativeExpenses": 9068000000, "otherExpenses": -28442000000, "operatingExpenses": -19374000000, "costAndExpenses": -19374000000, "interestIncome": 32784000000, "interestExpense": 15607000000, "depreciationAndAmortization": 1053000000, "ebitda": 11915000000, "ebitdaratio": 0.3940666755, "operatingIncome": 10862000000, "operatingIncomeRatio": 0.3592406403, "totalOtherIncomeExpensesNet": 408000000, "incomeBeforeTax": 11270000000, "incomeBeforeTaxRatio": 0.3727344887, "incomeTaxExpense": 2472000000, "netIncome": 8390000000, "netIncomeRatio": 0.2774837942, "eps": 6.72, "epsdiluted": 6.67, "weightedAverageShsOut": 1222000000, "weightedAverageShsOutDil": 1251000000, "link": "https://www.sec.gov/Archives/edgar/data/9631/000089109220000862/0000891092-20-000862-index.htm", "finalLink": "https://www.sec.gov/Archives/edgar/data/9631/000089109220000862/e8102-10k.htm", "calculatedOtherExpenses": 10306000000, "calculatedOperatingExpenses": 19374000000, "calculatedNetInterest": 17177000000, "calculatedOtherIncome": -16769000000, "calculatedIncomeNonControlling": 408000000, "calculatedEbitda": 11915000000}, {"date": "2018-10-31", "symbol": "BNS", "reportedCurrency": "CAD", "cik": "0000009631", "fillingDate": "2019-01-29", "acceptedDate": "2019-01-29 11:34:34", "calendarYear": "2018", "period": "FY", "revenue": 28216000000, "costOfRevenue": 0, "grossProfit": 28216000000, "grossProfitRatio": 1, "researchAndDevelopmentExpenses": 0, "generalAndAdministrativeExpenses": 7455000000, "sellingAndMarketingExpenses": 581000000, "sellingGeneralAndAdministrativeExpenses": 8036000000, "otherExpenses": -13446000000, "operatingExpenses": -5410000000, "costAndExpenses": -5410000000, "interestIncome": 28067000000, "interestExpense": 11876000000, "depreciationAndAmortization": 848000000, "ebitda": 23654000000, "ebitdaratio": 0.8383186844, "operatingIncome": 22806000000, "operatingIncomeRatio": 0.8082648143, "totalOtherIncomeExpensesNet": -11700000000, "incomeBeforeTax": 11106000000, "incomeBeforeTaxRatio": 0.3936064644, "incomeTaxExpense": 2382000000, "netIncome": 8548000000, "netIncomeRatio": 0.3029486816, "eps": 7.05, "epsdiluted": 6.96, "weightedAverageShsOut": 1213000000, "weightedAverageShsOutDil": 1229000000, "link": "https://www.sec.gov/Archives/edgar/data/9631/000089109219000800/0000891092-19-000800-index.htm", "finalLink": "https://www.sec.gov/Archives/edgar/data/9631/000089109219000800/e3701_10k.htm", "calculatedOtherExpenses": -2626000000, "calculatedOperatingExpenses": 5410000000, "calculatedNetInterest": 16191000000, "calculatedOtherIncome": -27891000000, "calculatedIncomeNonControlling": 176000000, "calculatedEbitda": 23654000000}, {"date": "2017-10-31", "symbol": "BNS", "reportedCurrency": "CAD", "cik": "0000009631", "fillingDate": "2018-01-26", "acceptedDate": "2018-01-26 16:49:59", "calendarYear": "2017", "period": "FY", "revenue": 26748000000, "costOfRevenue": 0, "grossProfit": 26748000000, "grossProfitRatio": 1, "researchAndDevelopmentExpenses": 0, "generalAndAdministrativeExpenses": 7375000000, "sellingAndMarketingExpenses": 581000000, "sellingGeneralAndAdministrativeExpenses": 7956000000, "otherExpenses": -15774000000, "operatingExpenses": -7818000000, "costAndExpenses": -7818000000, "interestIncome": 23927000000, "interestExpense": 8892000000, "depreciationAndAmortization": 761000000, "ebitda": 19691000000, "ebitdaratio": 0.7361671901, "operatingIncome": 18930000000, "operatingIncomeRatio": 0.7077164648, "totalOtherIncomeExpensesNet": -8654000000, "incomeBeforeTax": 10276000000, "incomeBeforeTaxRatio": 0.3841782563, "incomeTaxExpense": 2033000000, "netIncome": 8005000000, "netIncomeRatio": 0.2992747121, "eps": 6.55, "epsdiluted": 6.49, "weightedAverageShsOut": 1203000000, "weightedAverageShsOutDil": 1223000000, "link": "https://www.sec.gov/Archives/edgar/data/9631/000089109218000500/0000891092-18-000500-index.htm", "finalLink": "https://www.sec.gov/Archives/edgar/data/9631/000089109218000500/e77302_10k.htm", "calculatedOtherExpenses": -138000000, "calculatedOperatingExpenses": 7818000000, "calculatedNetInterest": 15035000000, "calculatedOtherIncome": -23689000000, "calculatedIncomeNonControlling": 238000000, "calculatedEbitda": 19691000000}, {"date": "2016-10-31", "symbol": "BNS", "reportedCurrency": "CAD", "cik": "0000009631", "fillingDate": "2017-01-27", "acceptedDate": "2017-01-27 13:46:27", "calendarYear": "2016", "period": "FY", "revenue": 25936000000, "costOfRevenue": 0, "grossProfit": 25936000000, "grossProfitRatio": 1, "researchAndDevelopmentExpenses": 0, "generalAndAdministrativeExpenses": 7025000000, "sellingAndMarketingExpenses": 617000000, "sellingGeneralAndAdministrativeExpenses": 7642000000, "otherExpenses": -16515000000, "operatingExpenses": -8873000000, "costAndExpenses": -8873000000, "interestIncome": 22208000000, "interestExpense": 7916000000, "depreciationAndAmortization": 684000000, "ebitda": 17747000000, "ebitdaratio": 0.6842612585, "operatingIncome": 17063000000, "operatingIncomeRatio": 0.657888649, "totalOtherIncomeExpensesNet": -7665000000, "incomeBeforeTax": 9398000000, "incomeBeforeTaxRatio": 0.3623534855, "incomeTaxExpense": 2030000000, "netIncome": 7117000000, "netIncomeRatio": 0.2744062307, "eps": 5.8, "epsdiluted": 5.77, "weightedAverageShsOut": 1204000000, "weightedAverageShsOutDil": 1226000000, "link": "https://www.sec.gov/Archives/edgar/data/9631/000089109217000606/0000891092-17-000606-index.htm", "finalLink": "https://www.sec.gov/Archives/edgar/data/9631/000089109217000606/e72655-10k.htm", "calculatedOtherExpenses": 1231000000, "calculatedOperatingExpenses": 8873000000, "calculatedNetInterest": 14292000000, "calculatedOtherIncome": -21957000000, "calculatedIncomeNonControlling": 251000000, "calculatedEbitda": 17747000000}, {"date": "2015-10-31", "symbol": "BNS", "reportedCurrency": "CAD", "cik": "0000009631", "fillingDate": "2016-01-29", "acceptedDate": "2016-01-29 15:07:11", "calendarYear": "2015", "period": "FY", "revenue": 23644000000, "costOfRevenue": 0, "grossProfit": 23644000000, "grossProfitRatio": 1, "researchAndDevelopmentExpenses": 0, "generalAndAdministrativeExpenses": 6681000000, "sellingAndMarketingExpenses": 592000000, "sellingGeneralAndAdministrativeExpenses": 7273000000, "otherExpenses": -14855000000, "operatingExpenses": -7582000000, "costAndExpenses": -7582000000, "interestIncome": 20287000000, "interestExpense": 7195000000, "depreciationAndAmortization": 584000000, "ebitda": 16646000000, "ebitdaratio": 0.7040263915, "operatingIncome": 16062000000, "operatingIncomeRatio": 0.6793266791, "totalOtherIncomeExpensesNet": -6996000000, "incomeBeforeTax": 9066000000, "incomeBeforeTaxRatio": 0.3834376586, "incomeTaxExpense": 1853000000, "netIncome": 7014000000, "netIncomeRatio": 0.296650313, "eps": 5.7, "epsdiluted": 5.67, "weightedAverageShsOut": 1210000000, "weightedAverageShsOutDil": 1232000000, "link": "https://www.sec.gov/Archives/edgar/data/9631/000089109216011848/0000891092-16-011848-index.htm", "finalLink": "https://www.sec.gov/Archives/edgar/data/9631/000089109216011848/e68022-10k.htm", "calculatedOtherExpenses": 309000000, "calculatedOperatingExpenses": 7582000000, "calculatedNetInterest": 13092000000, "calculatedOtherIncome": -20088000000, "calculatedIncomeNonControlling": 199000000, "calculatedEbitda": 16646000000}, {"date": "2014-10-31", "symbol": "BNS", "reportedCurrency": "CAD", "cik": "0000009631", "fillingDate": "2014-12-05", "acceptedDate": "2014-12-05 16:55:09", "calendarYear": "2014", "period": "FY", "revenue": 23176000000, "costOfRevenue": 0, "grossProfit": 23176000000, "grossProfitRatio": 1, "researchAndDevelopmentExpenses": 0, "generalAndAdministrativeExpenses": 6743000000, "sellingAndMarketingExpenses": 571000000, "sellingGeneralAndAdministrativeExpenses": 7314000000, "otherExpenses": -14182000000, "operatingExpenses": -6868000000, "costAndExpenses": -6868000000, "interestIncome": 19540000000, "interestExpense": 7235000000, "depreciationAndAmortization": 526000000, "ebitda": 16834000000, "ebitdaratio": 0.7263548498, "operatingIncome": 16308000000, "operatingIncomeRatio": 0.7036589575, "totalOtherIncomeExpensesNet": -7008000000, "incomeBeforeTax": 9300000000, "incomeBeforeTaxRatio": 0.4012771833, "incomeTaxExpense": 2002000000, "netIncome": 7071000000, "netIncomeRatio": 0.3051001036, "eps": 5.69, "epsdiluted": 5.66, "weightedAverageShsOut": 1214000000, "weightedAverageShsOutDil": 1222000000, "link": "https://www.sec.gov/Archives/edgar/data/9631/000119312514434960/0001193125-14-434960-index.html", "finalLink": "https://www.sec.gov/Archives/edgar/data/9631/000119312514434960/d700336d40f.htm", "calculatedOtherExpenses": -446000000, "calculatedOperatingExpenses": 6868000000, "calculatedNetInterest": 12305000000, "calculatedOtherIncome": -19313000000, "calculatedIncomeNonControlling": 227000000, "calculatedEbitda": 16834000000}, {"date": "2013-10-31", "symbol": "BNS", "reportedCurrency": "CAD", "cik": "0000009631", "fillingDate": "2014-01-29", "acceptedDate": "2014-01-29 12:57:33", "calendarYear": "2013", "period": "FY", "revenue": 20663000000, "costOfRevenue": 0, "grossProfit": 20663000000, "grossProfitRatio": 1, "researchAndDevelopmentExpenses": 0, "generalAndAdministrativeExpenses": 6313000000, "sellingAndMarketingExpenses": 505000000, "sellingGeneralAndAdministrativeExpenses": 6818000000, "otherExpenses": -11840000000, "operatingExpenses": -5022000000, "costAndExpenses": -5022000000, "interestIncome": 18822000000, "interestExpense": 7456000000, "depreciationAndAmortization": 520000000, "ebitda": 16161000000, "ebitdaratio": 0.7821226347, "operatingIncome": 15641000000, "operatingIncomeRatio": 0.7569568794, "totalOtherIncomeExpensesNet": -7181000000, "incomeBeforeTax": 8460000000, "incomeBeforeTaxRatio": 0.4094274791, "incomeTaxExpense": 1763000000, "netIncome": 6422000000, "netIncomeRatio": 0.3107970769, "eps": 5.15, "epsdiluted": 5.11, "weightedAverageShsOut": 1195000000, "weightedAverageShsOutDil": 1209000000, "link": "https://www.sec.gov/Archives/edgar/data/9631/000089109214000570/0000891092-14-000570-index.htm", "finalLink": "https://www.sec.gov/Archives/edgar/data/9631/000089109214000570/e57015_10k.htm", "calculatedOtherExpenses": -1796000000, "calculatedOperatingExpenses": 5022000000, "calculatedNetInterest": 11366000000, "calculatedOtherIncome": -18547000000, "calculatedIncomeNonControlling": 275000000, "calculatedEbitda": 16161000000}, {"date": "2012-10-31", "symbol": "BNS", "reportedCurrency": "CAD", "cik": "0000009631", "fillingDate": "2012-10-31", "acceptedDate": "2012-10-30 20:00:00", "calendarYear": "2012", "period": "FY", "revenue": 19963000000, "costOfRevenue": 1542000000, "grossProfit": 18421000000, "grossProfitRatio": 0.9227571006, "researchAndDevelopmentExpenses": 0, "generalAndAdministrativeExpenses": 621000000, "sellingAndMarketingExpenses": 450000000, "sellingGeneralAndAdministrativeExpenses": 1071000000, "otherExpenses": -4518000000, "operatingExpenses": -3447000000, "costAndExpenses": -1905000000, "interestIncome": 17154000000, "interestExpense": 7151000000, "depreciationAndAmortization": 450000000, "ebitda": 15424000000, "ebitdaratio": 0.7726293643, "operatingIncome": 14974000000, "operatingIncomeRatio": 0.7500876622, "totalOtherIncomeExpensesNet": -6928000000, "incomeBeforeTax": 8046000000, "incomeBeforeTaxRatio": 0.4030456344, "incomeTaxExpense": 1580000000, "netIncome": 6243000000, "netIncomeRatio": 0.3127285478, "eps": 5.27, "epsdiluted": 5.18, "weightedAverageShsOut": 1133000000, "weightedAverageShsOutDil": 1160000000, "link": "", "finalLink": "", "calculatedOtherExpenses": 2376000000, "calculatedOperatingExpenses": 3447000000, "calculatedNetInterest": 10003000000, "calculatedOtherIncome": -16931000000, "calculatedIncomeNonControlling": 223000000, "calculatedEbitda": 15424000000}, {"date": "2011-10-31", "symbol": "BNS", "reportedCurrency": "CAD", "cik": "0000009631", "fillingDate": "2011-10-31", "acceptedDate": "2011-10-30 20:00:00", "calendarYear": "2011", "period": "FY", "revenue": 17288000000, "costOfRevenue": 0, "grossProfit": 17288000000, "grossProfitRatio": 1, "researchAndDevelopmentExpenses": 0, "generalAndAdministrativeExpenses": 527000000, "sellingAndMarketingExpenses": 429000000, "sellingGeneralAndAdministrativeExpenses": 956000000, "otherExpenses": -2217000000, "operatingExpenses": -1261000000, "costAndExpenses": -1261000000, "interestIncome": 18712000000, "interestExpense": 9442000000, "depreciationAndAmortization": 411000000, "ebitda": 16438000000, "ebitdaratio": 0.9508329477, "operatingIncome": 16027000000, "operatingIncomeRatio": 0.9270592318, "totalOtherIncomeExpensesNet": -9349000000, "incomeBeforeTax": 6678000000, "incomeBeforeTaxRatio": 0.3862795002, "incomeTaxExpense": 1410000000, "netIncome": 5175000000, "netIncomeRatio": 0.2993405831, "eps": 4.63, "epsdiluted": 4.53, "weightedAverageShsOut": 1072000000, "weightedAverageShsOutDil": 1108000000, "link": "", "finalLink": "", "calculatedOtherExpenses": 305000000, "calculatedOperatingExpenses": 1261000000, "calculatedNetInterest": 9270000000, "calculatedOtherIncome": -18619000000, "calculatedIncomeNonControlling": 93000000, "calculatedEbitda": 16438000000}, {"date": "2010-10-31", "symbol": "BNS", "reportedCurrency": "CAD", "cik": "0000009631", "fillingDate": "2010-10-31", "acceptedDate": "2010-10-30 20:00:00", "calendarYear": "2010", "period": "FY", "revenue": 15505000000, "costOfRevenue": 0, "grossProfit": 15505000000, "grossProfitRatio": 1, "researchAndDevelopmentExpenses": 0, "generalAndAdministrativeExpenses": 340000000, "sellingAndMarketingExpenses": 364000000, "sellingGeneralAndAdministrativeExpenses": 704000000, "otherExpenses": -1955000000, "operatingExpenses": -1251000000, "costAndExpenses": -1251000000, "interestIncome": 16891000000, "interestExpense": 8270000000, "depreciationAndAmortization": 334000000, "ebitda": 14588000000, "ebitdaratio": 0.9408577878, "operatingIncome": 14254000000, "operatingIncomeRatio": 0.9193163496, "totalOtherIncomeExpensesNet": -8170000000, "incomeBeforeTax": 6084000000, "incomeBeforeTaxRatio": 0.3923895518, "incomeTaxExpense": 1745000000, "netIncome": 4239000000, "netIncomeRatio": 0.2733956788, "eps": 3.91, "epsdiluted": 3.91, "weightedAverageShsOut": 1032000000, "weightedAverageShsOutDil": 1034000000, "link": "", "finalLink": "", "calculatedOtherExpenses": 547000000, "calculatedOperatingExpenses": 1251000000, "calculatedNetInterest": 8621000000, "calculatedOtherIncome": -16791000000, "calculatedIncomeNonControlling": 100000000, "calculatedEbitda": 14588000000}, {"date": "2009-10-31", "symbol": "BNS", "reportedCurrency": "CAD", "cik": "0000009631", "fillingDate": "2009-10-31", "acceptedDate": "2009-10-30 20:00:00", "calendarYear": "2009", "period": "FY", "revenue": 14457000000, "costOfRevenue": 0, "grossProfit": 14457000000, "grossProfitRatio": 1, "researchAndDevelopmentExpenses": 0, "generalAndAdministrativeExpenses": 4344000000, "sellingAndMarketingExpenses": 307000000, "sellingGeneralAndAdministrativeExpenses": 4651000000, "otherExpenses": -3821000000, "operatingExpenses": 830000000, "costAndExpenses": 830000000, "interestIncome": 18935000000, "interestExpense": 10607000000, "depreciationAndAmortization": 330000000, "ebitda": 15617000000, "ebitdaratio": 1.080237947, "operatingIncome": 15287000000, "operatingIncomeRatio": 1.0574116345, "totalOtherIncomeExpensesNet": -10493000000, "incomeBeforeTax": 4794000000, "incomeBeforeTaxRatio": 0.3316040672, "incomeTaxExpense": 1133000000, "netIncome": 3547000000, "netIncomeRatio": 0.2453482742, "eps": 3.32, "epsdiluted": 3.31, "weightedAverageShsOut": 1013000000, "weightedAverageShsOutDil": 1016000000, "link": "", "finalLink": "", "calculatedOtherExpenses": -5481000000, "calculatedOperatingExpenses": -830000000, "calculatedNetInterest": 8328000000, "calculatedOtherIncome": -18821000000, "calculatedIncomeNonControlling": 114000000, "calculatedEbitda": 15617000000}, {"date": "2008-10-31", "symbol": "BNS", "reportedCurrency": "CAD", "cik": "0000009631", "fillingDate": "2008-10-31", "acceptedDate": "2008-10-30 20:00:00", "calendarYear": "2008", "period": "FY", "revenue": 11877104377, "costOfRevenue": 0, "grossProfit": 11877104377, "grossProfitRatio": 1, "researchAndDevelopmentExpenses": 0, "generalAndAdministrativeExpenses": 4108946609, "sellingAndMarketingExpenses": 319865320, "sellingGeneralAndAdministrativeExpenses": 4428811929, "otherExpenses": 2266714766, "operatingExpenses": 6695526695, "costAndExpenses": 6695526695, "interestIncome": 22316017316, "interestExpense": 14741462241, "depreciationAndAmortization": 291005291, "ebitda": 18863636363, "ebitdaratio": 1.5882352941, "operatingIncome": 18572631072, "operatingIncomeRatio": 1.5637339273, "totalOtherIncomeExpensesNet": -14741462241, "incomeBeforeTax": 3831168831, "incomeBeforeTaxRatio": 0.3225675812, "incomeTaxExpense": 691438191, "netIncome": 3139730640, "netIncomeRatio": 0.2643515238, "eps": 3.07, "epsdiluted": 3.05, "weightedAverageShsOut": 987000000, "weightedAverageShsOutDil": 993000000, "link": "", "finalLink": "", "calculatedOtherExpenses": -11124338624, "calculatedOperatingExpenses": -6695526695, "calculatedNetInterest": 7574555075, "calculatedOtherIncome": -22316017316, "calculatedIncomeNonControlling": 0, "calculatedEbitda": 18863636363}, {"date": "2007-10-31", "symbol": "BNS", "reportedCurrency": "CAD", "cik": "0000009631", "fillingDate": "2007-10-31", "acceptedDate": "2007-10-30 20:00:00", "calendarYear": "2007", "period": "FY", "revenue": 12489830669, "costOfRevenue": 0, "grossProfit": 12489830669, "grossProfitRatio": 1, "researchAndDevelopmentExpenses": 0, "generalAndAdministrativeExpenses": 3982593889, "sellingAndMarketingExpenses": 311228834, "sellingGeneralAndAdministrativeExpenses": 4293822723, "otherExpenses": 2261848453, "operatingExpenses": 6555671176, "costAndExpenses": 6555671176, "interestIncome": 21034906821, "interestExpense": 13937186643, "depreciationAndAmortization": 266767572, "ebitda": 19312269417, "ebitdaratio": 1.5462394911, "operatingIncome": 19045501845, "operatingIncomeRatio": 1.5248807089, "totalOtherIncomeExpensesNet": -13937186643, "incomeBeforeTax": 5108315202, "incomeBeforeTaxRatio": 0.408997955, "incomeTaxExpense": 1063286349, "netIncome": 4045028853, "netIncomeRatio": 0.3238657881, "eps": 4.04, "epsdiluted": 4.01, "weightedAverageShsOut": 989000000, "weightedAverageShsOutDil": 997000000, "link": "", "finalLink": "", "calculatedOtherExpenses": -10849493899, "calculatedOperatingExpenses": -6555671176, "calculatedNetInterest": 7097720178, "calculatedOtherIncome": -21034906821, "calculatedIncomeNonControlling": 0, "calculatedEbitda": 19312269417}, {"date": "2006-10-31", "symbol": "BNS", "reportedCurrency": "CAD", "cik": "0000009631", "fillingDate": "2006-10-31", "acceptedDate": "2006-10-30 19:00:00", "calendarYear": "2006", "period": "FY", "revenue": 11207225401, "costOfRevenue": 0, "grossProfit": 11207225401, "grossProfitRatio": 1, "researchAndDevelopmentExpenses": 0, "generalAndAdministrativeExpenses": 3767530574, "sellingAndMarketingExpenses": 232245035, "sellingGeneralAndAdministrativeExpenses": 3999775609, "otherExpenses": 518343992, "operatingExpenses": 4518119601, "costAndExpenses": 4518119601, "interestIncome": 17682037474, "interestExpense": 11274542803, "depreciationAndAmortization": 230001122, "ebitda": 15955346124, "ebitdaratio": 1.4236660327, "operatingIncome": 15725345002, "operatingIncomeRatio": 1.4031434578, "totalOtherIncomeExpensesNet": -11274542803, "incomeBeforeTax": 4450802199, "incomeBeforeTaxRatio": 0.3971368505, "incomeTaxExpense": 871760350, "netIncome": 3579041849, "netIncomeRatio": 0.3193512864, "eps": 3.59, "epsdiluted": 3.55, "weightedAverageShsOut": 988000000, "weightedAverageShsOutDil": 1001000000, "link": "", "finalLink": "", "calculatedOtherExpenses": -8517895210, "calculatedOperatingExpenses": -4518119601, "calculatedNetInterest": 6407494671, "calculatedOtherIncome": -17682037474, "calculatedIncomeNonControlling": 0, "calculatedEbitda": 15955346124}, {"date": "2005-10-31", "symbol": "BNS", "reportedCurrency": "CAD", "cik": "0000009631", "fillingDate": "2005-10-31", "acceptedDate": "2005-10-30 19:00:00", "calendarYear": "2005", "period": "FY", "revenue": 10400283386, "costOfRevenue": 0, "grossProfit": 10400283386, "grossProfitRatio": 1, "researchAndDevelopmentExpenses": 0, "generalAndAdministrativeExpenses": 3488015114, "sellingAndMarketingExpenses": 231432282, "sellingGeneralAndAdministrativeExpenses": 3719447396, "otherExpenses": -2131302397, "operatingExpenses": 1588144999, "costAndExpenses": 1588144999, "interestIncome": 13803282560, "interestExpense": 7932459558, "depreciationAndAmortization": 201912859, "ebitda": 12190341244, "ebitdaratio": 1.1721162579, "operatingIncome": 11988428385, "operatingIncomeRatio": 1.152702089, "totalOtherIncomeExpensesNet": -7932459558, "incomeBeforeTax": 4055968827, "incomeBeforeTaxRatio": 0.389986376, "incomeTaxExpense": 846617074, "netIncome": 3209351753, "netIncomeRatio": 0.3085831062, "eps": 3.19, "epsdiluted": 3.15, "weightedAverageShsOut": 998000000, "weightedAverageShsOutDil": 1012000000, "link": "", "finalLink": "", "calculatedOtherExpenses": -5307592395, "calculatedOperatingExpenses": -1588144999, "calculatedNetInterest": 5870823002, "calculatedOtherIncome": -13803282560, "calculatedIncomeNonControlling": 0, "calculatedEbitda": 12190341244}, {"date": "2004-10-31", "symbol": "BNS", "reportedCurrency": "CAD", "cik": "0000009631", "fillingDate": "2004-10-31", "acceptedDate": "2004-10-30 20:00:00", "calendarYear": "2004", "period": "FY", "revenue": 10184101438, "costOfRevenue": 0, "grossProfit": 10184101438, "grossProfitRatio": 1, "researchAndDevelopmentExpenses": 0, "generalAndAdministrativeExpenses": 3451597171, "sellingAndMarketingExpenses": 209704950, "sellingGeneralAndAdministrativeExpenses": 3661302121, "otherExpenses": -3808827113, "operatingExpenses": -147524992, "costAndExpenses": -147524992, "interestIncome": 12177517679, "interestExpense": 6313094368, "depreciationAndAmortization": 215801024, "ebitda": 10252377470, "ebitdaratio": 1.0067041783, "operatingIncome": 10036576446, "operatingIncomeRatio": 0.9855141867, "totalOtherIncomeExpensesNet": -6313094368, "incomeBeforeTax": 3723482078, "incomeBeforeTaxRatio": 0.3656171436, "incomeTaxExpense": 792489637, "netIncome": 2930992441, "netIncomeRatio": 0.2878007902, "eps": 2.87, "epsdiluted": 2.82, "weightedAverageShsOut": 1010000000, "weightedAverageShsOutDil": 1026000000, "link": "", "finalLink": "", "calculatedOtherExpenses": -3513777129, "calculatedOperatingExpenses": 147524992, "calculatedNetInterest": 5864423311, "calculatedOtherIncome": -12177517679, "calculatedIncomeNonControlling": 0, "calculatedEbitda": 10252377470}, {"date": "2003-10-31", "symbol": "BNS", "reportedCurrency": "CAD", "cik": "0000009631", "fillingDate": "2003-10-31", "acceptedDate": "2003-10-30 19:00:00", "calendarYear": "2003", "period": "FY", "revenue": 10166161150, "costOfRevenue": 0, "grossProfit": 10166161150, "grossProfitRatio": 1, "researchAndDevelopmentExpenses": 0, "generalAndAdministrativeExpenses": 3361466438, "sellingAndMarketingExpenses": 0, "sellingGeneralAndAdministrativeExpenses": 3361466438, "otherExpenses": -3170249241, "operatingExpenses": 191217197, "costAndExpenses": 191217197, "interestIncome": 13246736120, "interestExpense": 7096136094, "depreciationAndAmortization": 237373071, "ebitda": 10594751418, "ebitdaratio": 1.042158516, "operatingIncome": 10357378347, "operatingIncomeRatio": 1.0188091841, "totalOtherIncomeExpensesNet": -7096136094, "incomeBeforeTax": 3261242253, "incomeBeforeTaxRatio": 0.3207938773, "incomeTaxExpense": 784649875, "netIncome": 2476592378, "netIncomeRatio": 0.2436113634, "eps": 2.38, "epsdiluted": 2.34, "weightedAverageShsOut": 1010000000, "weightedAverageShsOutDil": 1026000000, "link": "", "finalLink": "", "calculatedOtherExpenses": -3552683635, "calculatedOperatingExpenses": -191217197, "calculatedNetInterest": 6150600026, "calculatedOtherIncome": -13246736120, "calculatedIncomeNonControlling": 0, "calculatedEbitda": 10594751418}, {"date": "2002-10-31", "symbol": "BNS", "reportedCurrency": "CAD", "cik": "0000009631", "fillingDate": "2002-10-31", "acceptedDate": "2002-10-30 19:00:00", "calendarYear": "2002", "period": "FY", "revenue": 10616822430, "costOfRevenue": 0, "grossProfit": 10616822430, "grossProfitRatio": 1, "researchAndDevelopmentExpenses": 0, "generalAndAdministrativeExpenses": 3344236760, "sellingAndMarketingExpenses": 0, "sellingGeneralAndAdministrativeExpenses": 3344236760, "otherExpenses": -3869158879, "operatingExpenses": -524922119, "costAndExpenses": -524922119, "interestIncome": 14367601246, "interestExpense": 7693146417, "depreciationAndAmortization": 271028037, "ebitda": 10362928348, "ebitdaratio": 0.9760856807, "operatingIncome": 10091900311, "operatingIncomeRatio": 0.9505575117, "totalOtherIncomeExpensesNet": -7693146417, "incomeBeforeTax": 2398753894, "incomeBeforeTaxRatio": 0.2259389671, "incomeTaxExpense": 601246106, "netIncome": 1797507788, "netIncomeRatio": 0.1693075117, "eps": 1.68, "epsdiluted": 1.65, "weightedAverageShsOut": 1008680000, "weightedAverageShsOutDil": 1025504000, "link": "", "finalLink": "", "calculatedOtherExpenses": -2819314641, "calculatedOperatingExpenses": 524922119, "calculatedNetInterest": 6674454829, "calculatedOtherIncome": -14367601246, "calculatedIncomeNonControlling": 0, "calculatedEbitda": 10362928348}, {"date": "2001-10-31", "symbol": "BNS", "reportedCurrency": "CAD", "cik": "0000009631", "fillingDate": "2001-10-31", "acceptedDate": "2001-10-30 19:00:00", "calendarYear": "2001", "period": "FY", "revenue": 10271385494, "costOfRevenue": 0, "grossProfit": 10271385494, "grossProfitRatio": 1, "researchAndDevelopmentExpenses": 0, "generalAndAdministrativeExpenses": 3220123790, "sellingAndMarketingExpenses": 0, "sellingGeneralAndAdministrativeExpenses": 3220123790, "otherExpenses": 336454531, "operatingExpenses": 3556578321, "costAndExpenses": 3556578321, "interestIncome": 16983018569, "interestExpense": 10782415490, "depreciationAndAmortization": 295191239, "ebitda": 14123155054, "ebitdaratio": 1.375, "operatingIncome": 13827963815, "operatingIncomeRatio": 1.3462608158, "totalOtherIncomeExpensesNet": -10782415490, "incomeBeforeTax": 3045548325, "incomeBeforeTaxRatio": 0.2965080346, "incomeTaxExpense": 876051420, "netIncome": 2169496905, "netIncomeRatio": 0.2112175525, "eps": 2.06, "epsdiluted": 2.03, "weightedAverageShsOut": 1001238000, "weightedAverageShsOutDil": 1017990000, "link": "", "finalLink": "", "calculatedOtherExpenses": -6776702111, "calculatedOperatingExpenses": -3556578321, "calculatedNetInterest": 6200603079, "calculatedOtherIncome": -16983018569, "calculatedIncomeNonControlling": 0, "calculatedEbitda": 14123155054}, {"date": "2000-10-31", "symbol": "BNS", "reportedCurrency": "CAD", "cik": "0000009631", "fillingDate": "2000-10-31", "acceptedDate": "2000-10-30 19:00:00", "calendarYear": "2000", "period": "FY", "revenue": 8864000000, "costOfRevenue": 0, "grossProfit": 8864000000, "grossProfitRatio": 1, "researchAndDevelopmentExpenses": 0, "generalAndAdministrativeExpenses": 2944000000, "sellingAndMarketingExpenses": 0, "sellingGeneralAndAdministrativeExpenses": 2944000000, "otherExpenses": 1240000000, "operatingExpenses": 4184000000, "costAndExpenses": 4184000000, "interestIncome": 15331000000, "interestExpense": 10132000000, "depreciationAndAmortization": 295000000, "ebitda": 13343000000, "ebitdaratio": 1.5053023466, "operatingIncome": 13048000000, "operatingIncomeRatio": 1.4720216606, "totalOtherIncomeExpensesNet": -10132000000, "incomeBeforeTax": 2916000000, "incomeBeforeTaxRatio": 0.3289711191, "incomeTaxExpense": 990000000, "netIncome": 1926000000, "netIncomeRatio": 0.2172833935, "eps": 1.84, "epsdiluted": 1.81, "weightedAverageShsOut": 990944000, "weightedAverageShsOutDil": 1041938000, "link": "", "finalLink": "", "calculatedOtherExpenses": -7128000000, "calculatedOperatingExpenses": -4184000000, "calculatedNetInterest": 5199000000, "calculatedOtherIncome": -15331000000, "calculatedIncomeNonControlling": 0, "calculatedEbitda": 13343000000}, {"date": "1999-10-31", "symbol": "BNS", "reportedCurrency": "CAD", "cik": "0000009631", "fillingDate": "1999-10-31", "acceptedDate": "1999-10-30 20:00:00", "calendarYear": "1999", "period": "FY", "revenue": 7855000000, "costOfRevenue": 0, "grossProfit": 7855000000, "grossProfitRatio": 1, "researchAndDevelopmentExpenses": 0, "generalAndAdministrativeExpenses": 2627000000, "sellingAndMarketingExpenses": 0, "sellingGeneralAndAdministrativeExpenses": 2627000000, "otherExpenses": 735000000, "operatingExpenses": 3362000000, "costAndExpenses": 3362000000, "interestIncome": 13471000000, "interestExpense": 8799000000, "depreciationAndAmortization": 277000000, "ebitda": 11494000000, "ebitdaratio": 1.4632718014, "operatingIncome": 11217000000, "operatingIncomeRatio": 1.4280076384, "totalOtherIncomeExpensesNet": -8799000000, "incomeBeforeTax": 2418000000, "incomeBeforeTaxRatio": 0.307829408, "incomeTaxExpense": 867000000, "netIncome": 1551000000, "netIncomeRatio": 0.1974538511, "eps": 1.47, "epsdiluted": 1.47, "weightedAverageShsOut": 984982935, "weightedAverageShsOutDil": 984982935, "link": "", "finalLink": "", "calculatedOtherExpenses": -5989000000, "calculatedOperatingExpenses": -3362000000, "calculatedNetInterest": 4672000000, "calculatedOtherIncome": -13471000000, "calculatedIncomeNonControlling": 0, "calculatedEbitda": 11494000000}, {"date": "1998-10-31", "symbol": "BNS", "reportedCurrency": "CAD", "cik": "0000009631", "fillingDate": "1998-10-31", "acceptedDate": "1998-10-30 19:00:00", "calendarYear": "1998", "period": "FY", "revenue": 7235000000, "costOfRevenue": 0, "grossProfit": 7235000000, "grossProfitRatio": 1, "researchAndDevelopmentExpenses": 0, "generalAndAdministrativeExpenses": 2501000000, "sellingAndMarketingExpenses": 0, "sellingGeneralAndAdministrativeExpenses": 2501000000, "otherExpenses": 1134000000, "operatingExpenses": 3635000000, "costAndExpenses": 3635000000, "interestIncome": 13091000000, "interestExpense": 8714000000, "depreciationAndAmortization": 248000000, "ebitda": 11118000000, "ebitdaratio": 1.5366966137, "operatingIncome": 10870000000, "operatingIncomeRatio": 1.5024187975, "totalOtherIncomeExpensesNet": -8714000000, "incomeBeforeTax": 2156000000, "incomeBeforeTaxRatio": 0.2979958535, "incomeTaxExpense": 762000000, "netIncome": 1394000000, "netIncomeRatio": 0.192674499, "eps": 1.32, "epsdiluted": 1.32, "weightedAverageShsOut": 981828000, "weightedAverageShsOutDil": 981828000, "link": "", "finalLink": "", "calculatedOtherExpenses": -6136000000, "calculatedOperatingExpenses": -3635000000, "calculatedNetInterest": 4377000000, "calculatedOtherIncome": -13091000000, "calculatedIncomeNonControlling": 0, "calculatedEbitda": 11118000000}, {"date": "1997-10-31", "symbol": "BNS", "reportedCurrency": "CAD", "cik": "0000009631", "fillingDate": "1997-10-31", "acceptedDate": "1997-10-30 19:00:00", "calendarYear": "1997", "period": "FY", "revenue": 6400000000, "costOfRevenue": 0, "grossProfit": 6400000000, "grossProfitRatio": 1, "researchAndDevelopmentExpenses": 0, "generalAndAdministrativeExpenses": 2202000000, "sellingAndMarketingExpenses": 0, "sellingGeneralAndAdministrativeExpenses": 2202000000, "otherExpenses": 441000000, "operatingExpenses": 2643000000, "costAndExpenses": 2643000000, "interestIncome": 10488000000, "interestExpense": 6771000000, "depreciationAndAmortization": 185000000, "ebitda": 9228000000, "ebitdaratio": 1.441875, "operatingIncome": 9043000000, "operatingIncomeRatio": 1.41296875, "totalOtherIncomeExpensesNet": -6771000000, "incomeBeforeTax": 2272000000, "incomeBeforeTaxRatio": 0.355, "incomeTaxExpense": 758000000, "netIncome": 1514000000, "netIncomeRatio": 0.2365625, "eps": 1.48, "epsdiluted": 1.48, "weightedAverageShsOut": 957944000, "weightedAverageShsOutDil": 957944000, "link": "", "finalLink": "", "calculatedOtherExpenses": -4845000000, "calculatedOperatingExpenses": -2643000000, "calculatedNetInterest": 3717000000, "calculatedOtherIncome": -10488000000, "calculatedIncomeNonControlling": 0, "calculatedEbitda": 9228000000}, {"date": "1996-10-31", "symbol": "BNS", "reportedCurrency": "CAD", "cik": "0000009631", "fillingDate": "1996-10-31", "acceptedDate": "1996-10-30 19:00:00", "calendarYear": "1996", "period": "FY", "revenue": 5362000000, "costOfRevenue": 0, "grossProfit": 5362000000, "grossProfitRatio": 1, "researchAndDevelopmentExpenses": 0, "generalAndAdministrativeExpenses": 1910000000, "sellingAndMarketingExpenses": 0, "sellingGeneralAndAdministrativeExpenses": 1910000000, "otherExpenses": 1502000000, "operatingExpenses": 3412000000, "costAndExpenses": 3412000000, "interestIncome": 10622000000, "interestExpense": 7040000000, "depreciationAndAmortization": 162000000, "ebitda": 8936000000, "ebitdaratio": 1.6665423349, "operatingIncome": 8774000000, "operatingIncomeRatio": 1.6363297277, "totalOtherIncomeExpensesNet": -7040000000, "incomeBeforeTax": 1734000000, "incomeBeforeTaxRatio": 0.323386796, "incomeTaxExpense": 665000000, "netIncome": 1069000000, "netIncomeRatio": 0.1993659082, "eps": 1.02, "epsdiluted": 1.02, "weightedAverageShsOut": 937254902, "weightedAverageShsOutDil": 937254902, "link": "", "finalLink": "", "calculatedOtherExpenses": -5322000000, "calculatedOperatingExpenses": -3412000000, "calculatedNetInterest": 3582000000, "calculatedOtherIncome": -10622000000, "calculatedIncomeNonControlling": 0, "calculatedEbitda": 8936000000}, {"date": "1995-10-31", "symbol": "BNS", "reportedCurrency": "CAD", "cik": "0000009631", "fillingDate": "1995-10-31", "acceptedDate": "1995-10-30 19:00:00", "calendarYear": "1995", "period": "FY", "revenue": 4672000000, "costOfRevenue": 0, "grossProfit": 4672000000, "grossProfitRatio": 1, "researchAndDevelopmentExpenses": 0, "generalAndAdministrativeExpenses": 1652000000, "sellingAndMarketingExpenses": 0, "sellingGeneralAndAdministrativeExpenses": 1652000000, "otherExpenses": 2344000000, "operatingExpenses": 3996000000, "costAndExpenses": 3996000000, "interestIncome": 10536000000, "interestExpense": 7421000000, "depreciationAndAmortization": 141000000, "ebitda": 8809000000, "ebitdaratio": 1.8854880137, "operatingIncome": 8668000000, "operatingIncomeRatio": 1.8553082192, "totalOtherIncomeExpensesNet": -7421000000, "incomeBeforeTax": 1247000000, "incomeBeforeTaxRatio": 0.2669092466, "incomeTaxExpense": 371000000, "netIncome": 876000000, "netIncomeRatio": 0.1875, "eps": 0.85, "epsdiluted": 0.85, "weightedAverageShsOut": 913609467, "weightedAverageShsOutDil": 913609467, "link": "", "finalLink": "", "calculatedOtherExpenses": -5648000000, "calculatedOperatingExpenses": -3996000000, "calculatedNetInterest": 3115000000, "calculatedOtherIncome": -10536000000, "calculatedIncomeNonControlling": 0, "calculatedEbitda": 8809000000}]}