{"originalCurrency": "USD", "convertedCurrency": "USD", "report": [{"date": "2023-12-31", "symbol": "BOH", "reportedCurrency": "USD", "cik": "0000046195", "fillingDate": "2024-02-29", "acceptedDate": "2024-02-29 16:44:43", "calendarYear": "2023", "period": "FY", "revenue": 982712000, "costOfRevenue": -4272000, "grossProfit": 986984000, "grossProfitRatio": 1.0043471536, "researchAndDevelopmentExpenses": 0, "generalAndAdministrativeExpenses": 277092000, "sellingAndMarketingExpenses": 8171000, "sellingGeneralAndAdministrativeExpenses": 285263000, "otherExpenses": -123264000, "operatingExpenses": 123264000, "costAndExpenses": 757015000, "interestIncome": 810375000, "interestExpense": 45309000, "depreciationAndAmortization": 32991000, "ebitda": 32991000, "ebitdaratio": 0.0335713821, "operatingIncome": 863720000, "operatingIncomeRatio": 0.8789146769, "totalOtherIncomeExpensesNet": 227116000, "incomeBeforeTax": 227116000, "incomeBeforeTaxRatio": 0.2311114548, "incomeTaxExpense": 55914000, "netIncome": 171202000, "netIncomeRatio": 0.1742138083, "eps": 4.16, "epsdiluted": 4.14, "weightedAverageShsOut": 39274291, "weightedAverageShsOutDil": 39428912, "link": "https://www.sec.gov/Archives/edgar/data/46195/000095017024023196/0000950170-24-023196-index.htm", "finalLink": "https://www.sec.gov/Archives/edgar/data/46195/000095017024023196/boh-20231231.htm", "calculatedOtherExpenses": -161999000, "calculatedOperatingExpenses": 123264000, "calculatedNetInterest": 765066000, "calculatedOtherIncome": -1401670000, "calculatedIncomeNonControlling": 0, "calculatedEbitda": 896711000}, {"date": "2022-12-31", "symbol": "BOH", "reportedCurrency": "USD", "cik": "0000046195", "fillingDate": "2023-03-01", "acceptedDate": "2023-03-01 14:17:23", "calendarYear": "2022", "period": "FY", "revenue": 698099000, "costOfRevenue": 0, "grossProfit": 698099000, "grossProfitRatio": 1, "researchAndDevelopmentExpenses": 0, "generalAndAdministrativeExpenses": 241816000, "sellingAndMarketingExpenses": 9976000, "sellingGeneralAndAdministrativeExpenses": 241816000, "otherExpenses": -102180000, "operatingExpenses": 14557000, "costAndExpenses": 14557000, "interestIncome": 597366000, "interestExpense": 56808000, "depreciationAndAmortization": 33220000, "ebitda": 347442000, "ebitdaratio": 0.497697318, "operatingIncome": 314222000, "operatingIncomeRatio": 0.4501109441, "totalOtherIncomeExpensesNet": -23588000, "incomeBeforeTax": 290634000, "incomeBeforeTaxRatio": 0.4163220403, "incomeTaxExpense": 64830000, "netIncome": 225804000, "netIncomeRatio": 0.3234555557, "eps": 5.5, "epsdiluted": 5.48, "weightedAverageShsOut": 39601089, "weightedAverageShsOutDil": 39788002, "link": "https://www.sec.gov/Archives/edgar/data/46195/000156459023002876/0001564590-23-002876-index.htm", "finalLink": "https://www.sec.gov/Archives/edgar/data/46195/000156459023002876/boh-10k_20221231.htm", "calculatedOtherExpenses": 142061000, "calculatedOperatingExpenses": 383877000, "calculatedNetInterest": 540558000, "calculatedOtherIncome": -564146000, "calculatedIncomeNonControlling": 0, "calculatedEbitda": 347442000}, {"date": "2021-12-31", "symbol": "BOH", "reportedCurrency": "USD", "cik": "0000046195", "fillingDate": "2022-03-01", "acceptedDate": "2022-02-28 22:02:17", "calendarYear": "2021", "period": "FY", "revenue": 668643000, "costOfRevenue": 0, "grossProfit": 668643000, "grossProfitRatio": 1, "researchAndDevelopmentExpenses": 0, "generalAndAdministrativeExpenses": 234829000, "sellingAndMarketingExpenses": 9606000, "sellingGeneralAndAdministrativeExpenses": 234829000, "otherExpenses": -577918000, "operatingExpenses": -343089000, "costAndExpenses": -343089000, "interestIncome": 526716000, "interestExpense": 29426000, "depreciationAndAmortization": 32577000, "ebitda": 358131000, "ebitdaratio": 0.535608688, "operatingIncome": 325554000, "operatingIncomeRatio": 0.4868876216, "totalOtherIncomeExpensesNet": 325554000, "incomeBeforeTax": 325554000, "incomeBeforeTaxRatio": 0.4868876216, "incomeTaxExpense": 72182000, "netIncome": 253372000, "netIncomeRatio": 0.3789346482, "eps": 6.29, "epsdiluted": 6.25, "weightedAverageShsOut": 39837798, "weightedAverageShsOutDil": 40053664, "link": "https://www.sec.gov/Archives/edgar/data/46195/000156459022007841/0001564590-22-007841-index.htm", "finalLink": "https://www.sec.gov/Archives/edgar/data/46195/000156459022007841/boh-10k_20211231.htm", "calculatedOtherExpenses": 108260000, "calculatedOperatingExpenses": 343089000, "calculatedNetInterest": 497290000, "calculatedOtherIncome": -497290000, "calculatedIncomeNonControlling": 0, "calculatedEbitda": 358131000}, {"date": "2020-12-31", "symbol": "BOH", "reportedCurrency": "USD", "cik": "0000046195", "fillingDate": "2021-03-01", "acceptedDate": "2021-03-01 17:12:01", "calendarYear": "2020", "period": "FY", "revenue": 680731000, "costOfRevenue": 0, "grossProfit": 680731000, "grossProfitRatio": 1, "researchAndDevelopmentExpenses": 0, "generalAndAdministrativeExpenses": 213109000, "sellingAndMarketingExpenses": 8331000, "sellingGeneralAndAdministrativeExpenses": 213109000, "otherExpenses": -704716000, "operatingExpenses": -491607000, "costAndExpenses": -491607000, "interestIncome": 546424000, "interestExpense": 50102000, "depreciationAndAmortization": 32486000, "ebitda": 221610000, "ebitdaratio": 0.3255470957, "operatingIncome": 189124000, "operatingIncomeRatio": 0.2778248677, "totalOtherIncomeExpensesNet": 189124000, "incomeBeforeTax": 189124000, "incomeBeforeTaxRatio": 0.2778248677, "incomeTaxExpense": 35320000, "netIncome": 153804000, "netIncomeRatio": 0.225939468, "eps": 3.87, "epsdiluted": 3.86, "weightedAverageShsOut": 39726210, "weightedAverageShsOutDil": 39892107, "link": "https://www.sec.gov/Archives/edgar/data/46195/000156459021009934/0001564590-21-009934-index.htm", "finalLink": "https://www.sec.gov/Archives/edgar/data/46195/000156459021009934/boh-10k_20201231.htm", "calculatedOtherExpenses": 278498000, "calculatedOperatingExpenses": 491607000, "calculatedNetInterest": 496322000, "calculatedOtherIncome": -496322000, "calculatedIncomeNonControlling": 0, "calculatedEbitda": 221610000}, {"date": "2019-12-31", "symbol": "BOH", "reportedCurrency": "USD", "cik": "0000046195", "fillingDate": "2020-03-02", "acceptedDate": "2020-03-02 17:22:14", "calendarYear": "2019", "period": "FY", "revenue": 681053000, "costOfRevenue": 0, "grossProfit": 681053000, "grossProfitRatio": 1, "researchAndDevelopmentExpenses": 0, "generalAndAdministrativeExpenses": 221298000, "sellingAndMarketingExpenses": 6126000, "sellingGeneralAndAdministrativeExpenses": 221298000, "otherExpenses": -616525000, "operatingExpenses": -395227000, "costAndExpenses": -395227000, "interestIncome": 587397000, "interestExpense": 89682000, "depreciationAndAmortization": 29884000, "ebitda": 315710000, "ebitdaratio": 0.463561573, "operatingIncome": 285826000, "operatingIncomeRatio": 0.4196824623, "totalOtherIncomeExpensesNet": 285826000, "incomeBeforeTax": 285826000, "incomeBeforeTaxRatio": 0.4196824623, "incomeTaxExpense": 59913000, "netIncome": 225913000, "netIncomeRatio": 0.3317113352, "eps": 5.59, "epsdiluted": 5.56, "weightedAverageShsOut": 40384328, "weightedAverageShsOutDil": 40649570, "link": "https://www.sec.gov/Archives/edgar/data/46195/000004619520000023/0000046195-20-000023-index.htm", "finalLink": "https://www.sec.gov/Archives/edgar/data/46195/000004619520000023/bankofhawaii10k12312019.htm", "calculatedOtherExpenses": 173929000, "calculatedOperatingExpenses": 395227000, "calculatedNetInterest": 497715000, "calculatedOtherIncome": -497715000, "calculatedIncomeNonControlling": 0, "calculatedEbitda": 315710000}, {"date": "2018-12-31", "symbol": "BOH", "reportedCurrency": "USD", "cik": "0000046195", "fillingDate": "2019-03-01", "acceptedDate": "2019-03-01 16:38:50", "calendarYear": "2018", "period": "FY", "revenue": 655275000, "costOfRevenue": 5247000, "grossProfit": 650028000, "grossProfitRatio": 0.9919926748, "researchAndDevelopmentExpenses": 0, "generalAndAdministrativeExpenses": 220940000, "sellingAndMarketingExpenses": 5987000, "sellingGeneralAndAdministrativeExpenses": 220940000, "otherExpenses": -542908000, "operatingExpenses": -315981000, "costAndExpenses": -315981000, "interestIncome": 550173000, "interestExpense": 63821000, "depreciationAndAmortization": 14389000, "ebitda": 348436000, "ebitdaratio": 0.5317401091, "operatingIncome": 334047000, "operatingIncomeRatio": 0.5097813895, "totalOtherIncomeExpensesNet": -63821000, "incomeBeforeTax": 270226000, "incomeBeforeTaxRatio": 0.4123856396, "incomeTaxExpense": 50624000, "netIncome": 219602000, "netIncomeRatio": 0.3351295258, "eps": 5.26, "epsdiluted": 5.23, "weightedAverageShsOut": 41714770, "weightedAverageShsOutDil": 41999399, "link": "https://www.sec.gov/Archives/edgar/data/46195/000004619519000042/0000046195-19-000042-index.htm", "finalLink": "https://www.sec.gov/Archives/edgar/data/46195/000004619519000042/bankofhawaii10k12312018.htm", "calculatedOtherExpenses": 95041000, "calculatedOperatingExpenses": 315981000, "calculatedNetInterest": 486352000, "calculatedOtherIncome": -550173000, "calculatedIncomeNonControlling": 0, "calculatedEbitda": 348436000}, {"date": "2017-12-31", "symbol": "BOH", "reportedCurrency": "USD", "cik": "0000046195", "fillingDate": "2018-02-28", "acceptedDate": "2018-02-28 15:31:46", "calendarYear": "2017", "period": "FY", "revenue": 642655000, "costOfRevenue": 0, "grossProfit": 642655000, "grossProfitRatio": 1, "researchAndDevelopmentExpenses": 0, "generalAndAdministrativeExpenses": 214202000, "sellingAndMarketingExpenses": 5982000, "sellingGeneralAndAdministrativeExpenses": 214202000, "otherExpenses": -88558000, "operatingExpenses": 88558000, "costAndExpenses": 403802000, "interestIncome": 503794000, "interestExpense": 46556000, "depreciationAndAmortization": 13048000, "ebitda": 281112000, "ebitdaratio": 0.4374228785, "operatingIncome": 268064000, "operatingIncomeRatio": 0.4171196054, "totalOtherIncomeExpensesNet": 268064000, "incomeBeforeTax": 268064000, "incomeBeforeTaxRatio": 0.4171196054, "incomeTaxExpense": 83392000, "netIncome": 184672000, "netIncomeRatio": 0.2873579137, "eps": 4.37, "epsdiluted": 4.33, "weightedAverageShsOut": 42280931, "weightedAverageShsOutDil": 42607057, "link": "https://www.sec.gov/Archives/edgar/data/46195/000004619518000025/0000046195-18-000025-index.htm", "finalLink": "https://www.sec.gov/Archives/edgar/data/46195/000004619518000025/bankofhawaii10k12312017.htm", "calculatedOtherExpenses": 160389000, "calculatedOperatingExpenses": 374591000, "calculatedNetInterest": 457238000, "calculatedOtherIncome": -457238000, "calculatedIncomeNonControlling": 0, "calculatedEbitda": 281112000}, {"date": "2016-12-31", "symbol": "BOH", "reportedCurrency": "USD", "cik": "0000046195", "fillingDate": "2017-02-27", "acceptedDate": "2017-02-27 17:28:50", "calendarYear": "2016", "period": "FY", "revenue": 614922000, "costOfRevenue": 0, "grossProfit": 614922000, "grossProfitRatio": 1, "researchAndDevelopmentExpenses": 0, "generalAndAdministrativeExpenses": 209765000, "sellingAndMarketingExpenses": 5992000, "sellingGeneralAndAdministrativeExpenses": 209765000, "otherExpenses": -98598000, "operatingExpenses": 98598000, "costAndExpenses": 380125000, "interestIncome": 457900000, "interestExpense": 40321000, "depreciationAndAmortization": 12871000, "ebitda": 272465000, "ebitdaratio": 0.4430887169, "operatingIncome": 259594000, "operatingIncomeRatio": 0.422157607, "totalOtherIncomeExpensesNet": 259594000, "incomeBeforeTax": 259594000, "incomeBeforeTaxRatio": 0.422157607, "incomeTaxExpense": 78133000, "netIncome": 181461000, "netIncomeRatio": 0.2950959634, "eps": 4.26, "epsdiluted": 4.23, "weightedAverageShsOut": 42644100, "weightedAverageShsOutDil": 42879783, "link": "https://www.sec.gov/Archives/edgar/data/46195/000004619517000013/0000046195-17-000013-index.htm", "finalLink": "https://www.sec.gov/Archives/edgar/data/46195/000004619517000013/bankofhawaii10k12312016.htm", "calculatedOtherExpenses": 145563000, "calculatedOperatingExpenses": 355328000, "calculatedNetInterest": 417579000, "calculatedOtherIncome": -417579000, "calculatedIncomeNonControlling": 0, "calculatedEbitda": 272465000}, {"date": "2015-12-31", "symbol": "BOH", "reportedCurrency": "USD", "cik": "0000046195", "fillingDate": "2016-02-29", "acceptedDate": "2016-02-29 14:42:08", "calendarYear": "2015", "period": "FY", "revenue": 580306000, "costOfRevenue": 0, "grossProfit": 580306000, "grossProfitRatio": 1, "researchAndDevelopmentExpenses": 0, "generalAndAdministrativeExpenses": 200632000, "sellingAndMarketingExpenses": 5344000, "sellingGeneralAndAdministrativeExpenses": 200632000, "otherExpenses": 0, "operatingExpenses": 345734000, "costAndExpenses": 345734000, "interestIncome": 432110000, "interestExpense": 38023000, "depreciationAndAmortization": 12785000, "ebitda": 243987000, "ebitdaratio": 0.4204454202, "operatingIncome": 231202000, "operatingIncomeRatio": 0.3984139402, "totalOtherIncomeExpensesNet": -21463000, "incomeBeforeTax": 231202000, "incomeBeforeTaxRatio": 0.3984139402, "incomeTaxExpense": 70498000, "netIncome": 160704000, "netIncomeRatio": 0.2769297577, "eps": 3.72, "epsdiluted": 3.7, "weightedAverageShsOut": 43217818, "weightedAverageShsOutDil": 43454877, "link": "https://www.sec.gov/Archives/edgar/data/46195/000004619516000109/0000046195-16-000109-index.htm", "finalLink": "https://www.sec.gov/Archives/edgar/data/46195/000004619516000109/bankofhawaii10k12312015.htm", "calculatedOtherExpenses": 148472000, "calculatedOperatingExpenses": 349104000, "calculatedNetInterest": 394087000, "calculatedOtherIncome": -394087000, "calculatedIncomeNonControlling": 0, "calculatedEbitda": 243987000}, {"date": "2014-12-31", "symbol": "BOH", "reportedCurrency": "USD", "cik": "0000046195", "fillingDate": "2015-02-24", "acceptedDate": "2015-02-24 15:46:49", "calendarYear": "2014", "period": "FY", "revenue": 559673000, "costOfRevenue": 0, "grossProfit": 559673000, "grossProfitRatio": 1, "researchAndDevelopmentExpenses": 0, "generalAndAdministrativeExpenses": 190964000, "sellingAndMarketingExpenses": 5273000, "sellingGeneralAndAdministrativeExpenses": 190964000, "otherExpenses": 0, "operatingExpenses": 326899000, "costAndExpenses": 326899000, "interestIncome": 417633000, "interestExpense": 37977000, "depreciationAndAmortization": 12442000, "ebitda": 250080000, "ebitdaratio": 0.4468323467, "operatingIncome": 237638000, "operatingIncomeRatio": 0.4246015084, "totalOtherIncomeExpensesNet": -7936000, "incomeBeforeTax": 237638000, "incomeBeforeTaxRatio": 0.4246015084, "incomeTaxExpense": 74596000, "netIncome": 163042000, "netIncomeRatio": 0.2913165366, "eps": 3.71, "epsdiluted": 3.69, "weightedAverageShsOut": 43899208, "weightedAverageShsOutDil": 44125456, "link": "https://www.sec.gov/Archives/edgar/data/46195/000004619515000017/0000046195-15-000017-index.htm", "finalLink": "https://www.sec.gov/Archives/edgar/data/46195/000004619515000017/bankofhawaii10k12312014.htm", "calculatedOtherExpenses": 131071000, "calculatedOperatingExpenses": 322035000, "calculatedNetInterest": 379656000, "calculatedOtherIncome": -379656000, "calculatedIncomeNonControlling": 0, "calculatedEbitda": 250080000}, {"date": "2013-12-31", "symbol": "BOH", "reportedCurrency": "USD", "cik": "0000046195", "fillingDate": "2014-02-25", "acceptedDate": "2014-02-25 16:01:00", "calendarYear": "2013", "period": "FY", "revenue": 545130000, "costOfRevenue": 0, "grossProfit": 545130000, "grossProfitRatio": 1, "researchAndDevelopmentExpenses": 0, "generalAndAdministrativeExpenses": 191976000, "sellingAndMarketingExpenses": 5021000, "sellingGeneralAndAdministrativeExpenses": 191976000, "otherExpenses": 0, "operatingExpenses": 330969000, "costAndExpenses": 330969000, "interestIncome": 398505000, "interestExpense": 39598000, "depreciationAndAmortization": 12128000, "ebitda": 226289000, "ebitdaratio": 0.4151101572, "operatingIncome": 214161000, "operatingIncomeRatio": 0.392862253, "totalOtherIncomeExpensesNet": -7765000, "incomeBeforeTax": 214161000, "incomeBeforeTaxRatio": 0.392862253, "incomeTaxExpense": 63659000, "netIncome": 150502000, "netIncomeRatio": 0.2760846037, "eps": 3.39, "epsdiluted": 3.38, "weightedAverageShsOut": 44380948, "weightedAverageShsOutDil": 44572725, "link": "https://www.sec.gov/Archives/edgar/data/46195/000004619514000012/0000046195-14-000012-index.htm", "finalLink": "https://www.sec.gov/Archives/edgar/data/46195/000004619514000012/bankofhawaii10k12312013.htm", "calculatedOtherExpenses": 138993000, "calculatedOperatingExpenses": 330969000, "calculatedNetInterest": 358907000, "calculatedOtherIncome": -358907000, "calculatedIncomeNonControlling": 0, "calculatedEbitda": 226289000}, {"date": "2012-12-31", "symbol": "BOH", "reportedCurrency": "USD", "cik": "0000046195", "fillingDate": "2013-02-26", "acceptedDate": "2013-02-26 13:46:55", "calendarYear": "2012", "period": "FY", "revenue": 577557000, "costOfRevenue": 0, "grossProfit": 577557000, "grossProfitRatio": 1, "researchAndDevelopmentExpenses": 0, "generalAndAdministrativeExpenses": 192281000, "sellingAndMarketingExpenses": 4659000, "sellingGeneralAndAdministrativeExpenses": 192281000, "otherExpenses": 0, "operatingExpenses": 333688000, "costAndExpenses": 333688000, "interestIncome": 420489000, "interestExpense": 43218000, "depreciationAndAmortization": 13826000, "ebitda": 256116000, "ebitdaratio": 0.4434471403, "operatingIncome": 242290000, "operatingIncomeRatio": 0.4195083775, "totalOtherIncomeExpensesNet": -8373000, "incomeBeforeTax": 242290000, "incomeBeforeTaxRatio": 0.4195083775, "incomeTaxExpense": 76214000, "netIncome": 166076000, "netIncomeRatio": 0.2875491077, "eps": 3.68, "epsdiluted": 3.67, "weightedAverageShsOut": 45115441, "weightedAverageShsOutDil": 45249300, "link": "https://www.sec.gov/Archives/edgar/data/46195/000004619513000008/0000046195-13-000008-index.htm", "finalLink": "https://www.sec.gov/Archives/edgar/data/46195/000004619513000008/bankofhawaii10k12312012.htm", "calculatedOtherExpenses": 142986000, "calculatedOperatingExpenses": 335267000, "calculatedNetInterest": 377271000, "calculatedOtherIncome": -377271000, "calculatedIncomeNonControlling": 0, "calculatedEbitda": 256116000}, {"date": "2011-12-31", "symbol": "BOH", "reportedCurrency": "USD", "cik": "0000046195", "fillingDate": "2012-02-28", "acceptedDate": "2012-02-28 14:05:44", "calendarYear": "2011", "period": "FY", "revenue": 587863000, "costOfRevenue": 0, "grossProfit": 587863000, "grossProfitRatio": 1, "researchAndDevelopmentExpenses": 0, "generalAndAdministrativeExpenses": 192162000, "sellingAndMarketingExpenses": 0, "sellingGeneralAndAdministrativeExpenses": 192162000, "otherExpenses": 0, "operatingExpenses": 8623000, "costAndExpenses": 8623000, "interestIncome": 439693000, "interestExpense": 49485000, "depreciationAndAmortization": 14624000, "ebitda": 241604000, "ebitdaratio": 0.4109869136, "operatingIncome": 226980000, "operatingIncomeRatio": 0.3861103693, "totalOtherIncomeExpensesNet": 0, "incomeBeforeTax": 226980000, "incomeBeforeTaxRatio": 0.3861103693, "incomeTaxExpense": 66937000, "netIncome": 160043000, "netIncomeRatio": 0.2722454041, "eps": 3.4, "epsdiluted": 3.39, "weightedAverageShsOut": 47064925, "weightedAverageShsOutDil": 47224981, "link": "https://www.sec.gov/Archives/edgar/data/46195/000104746912001729/0001047469-12-001729-index.htm", "finalLink": "https://www.sec.gov/Archives/edgar/data/46195/000104746912001729/a2206955z10-k.htm", "calculatedOtherExpenses": 168721000, "calculatedOperatingExpenses": 360883000, "calculatedNetInterest": 390208000, "calculatedOtherIncome": -390208000, "calculatedIncomeNonControlling": 0, "calculatedEbitda": 241604000}, {"date": "2010-12-31", "symbol": "BOH", "reportedCurrency": "USD", "cik": "0000046195", "fillingDate": "2011-02-23", "acceptedDate": "2011-02-23 16:22:03", "calendarYear": "2010", "period": "FY", "revenue": 661738000, "costOfRevenue": 0, "grossProfit": 661738000, "grossProfitRatio": 1, "researchAndDevelopmentExpenses": 0, "generalAndAdministrativeExpenses": 198277000, "sellingAndMarketingExpenses": 0, "sellingGeneralAndAdministrativeExpenses": 198277000, "otherExpenses": 0, "operatingExpenses": 7104000, "costAndExpenses": 7104000, "interestIncome": 465251000, "interestExpense": 58771000, "depreciationAndAmortization": 13432000, "ebitda": 273647000, "ebitdaratio": 0.4135277104, "operatingIncome": 260215000, "operatingIncomeRatio": 0.3932296468, "totalOtherIncomeExpensesNet": 0, "incomeBeforeTax": 260215000, "incomeBeforeTaxRatio": 0.3932296468, "incomeTaxExpense": 76273000, "netIncome": 183942000, "netIncomeRatio": 0.2779680176, "eps": 3.83, "epsdiluted": 3.8, "weightedAverageShsOut": 48055025, "weightedAverageShsOutDil": 48355965, "link": "https://www.sec.gov/Archives/edgar/data/46195/000104746911001199/0001047469-11-001199-index.htm", "finalLink": "https://www.sec.gov/Archives/edgar/data/46195/000104746911001199/a2202066z10-k.htm", "calculatedOtherExpenses": 203246000, "calculatedOperatingExpenses": 401523000, "calculatedNetInterest": 406480000, "calculatedOtherIncome": -406480000, "calculatedIncomeNonControlling": 0, "calculatedEbitda": 273647000}, {"date": "2009-12-31", "symbol": "BOH", "reportedCurrency": "USD", "cik": "0000046195", "fillingDate": "2010-02-22", "acceptedDate": "2010-02-22 13:56:07", "calendarYear": "2009", "period": "FY", "revenue": 680142000, "costOfRevenue": 0, "grossProfit": 680142000, "grossProfitRatio": 1, "researchAndDevelopmentExpenses": 0, "generalAndAdministrativeExpenses": 205910000, "sellingAndMarketingExpenses": 0, "sellingGeneralAndAdministrativeExpenses": 205910000, "otherExpenses": 0, "operatingExpenses": 12439000, "costAndExpenses": 12439000, "interestIncome": 497794000, "interestExpense": 85460000, "depreciationAndAmortization": 13545000, "ebitda": 235785000, "ebitdaratio": 0.3466702542, "operatingIncome": 222240000, "operatingIncomeRatio": 0.3267552952, "totalOtherIncomeExpensesNet": 0, "incomeBeforeTax": 222240000, "incomeBeforeTaxRatio": 0.3267552952, "incomeTaxExpense": 78207000, "netIncome": 144033000, "netIncomeRatio": 0.2117690129, "eps": 3.02, "epsdiluted": 3, "weightedAverageShsOut": 47702500, "weightedAverageShsOutDil": 48009277, "link": "https://www.sec.gov/Archives/edgar/data/46195/000104746910001089/0001047469-10-001089-index.htm", "finalLink": "https://www.sec.gov/Archives/edgar/data/46195/000104746910001089/a2196580z10-k.htm", "calculatedOtherExpenses": 251992000, "calculatedOperatingExpenses": 457902000, "calculatedNetInterest": 412334000, "calculatedOtherIncome": -412334000, "calculatedIncomeNonControlling": 0, "calculatedEbitda": 235785000}, {"date": "2008-12-31", "symbol": "BOH", "reportedCurrency": "USD", "cik": "0000046195", "fillingDate": "2009-02-25", "acceptedDate": "2009-02-25 15:05:32", "calendarYear": "2008", "period": "FY", "revenue": 676890000, "costOfRevenue": 0, "grossProfit": 676890000, "grossProfitRatio": 1, "researchAndDevelopmentExpenses": 0, "generalAndAdministrativeExpenses": 191958000, "sellingAndMarketingExpenses": 0, "sellingGeneralAndAdministrativeExpenses": 191958000, "otherExpenses": 0, "operatingExpenses": 11511000, "costAndExpenses": 11511000, "interestIncome": 550101000, "interestExpense": 131324000, "depreciationAndAmortization": 14437000, "ebitda": 284038000, "ebitdaratio": 0.4196220952, "operatingIncome": 269601000, "operatingIncomeRatio": 0.3982936666, "totalOtherIncomeExpensesNet": 0, "incomeBeforeTax": 269601000, "incomeBeforeTaxRatio": 0.3982936666, "incomeTaxExpense": 77388000, "netIncome": 192213000, "netIncomeRatio": 0.2839648983, "eps": 4.03, "epsdiluted": 3.99, "weightedAverageShsOut": 47674000, "weightedAverageShsOutDil": 48200650, "link": "https://www.sec.gov/Archives/edgar/data/46195/000104746909001793/0001047469-09-001793-index.htm", "finalLink": "https://www.sec.gov/Archives/edgar/data/46195/000104746909001793/a2190857z10-k.htm", "calculatedOtherExpenses": 215331000, "calculatedOperatingExpenses": 407289000, "calculatedNetInterest": 418777000, "calculatedOtherIncome": -418777000, "calculatedIncomeNonControlling": 0, "calculatedEbitda": 284038000}, {"date": "2007-12-31", "symbol": "BOH", "reportedCurrency": "USD", "cik": "0000046195", "fillingDate": "2008-02-25", "acceptedDate": "2008-02-25 13:38:52", "calendarYear": "2007", "period": "FY", "revenue": 635505000, "costOfRevenue": 0, "grossProfit": 635505000, "grossProfitRatio": 1, "researchAndDevelopmentExpenses": 0, "generalAndAdministrativeExpenses": 194321000, "sellingAndMarketingExpenses": 0, "sellingGeneralAndAdministrativeExpenses": 194321000, "otherExpenses": 0, "operatingExpenses": 11206000, "costAndExpenses": 11206000, "interestIncome": 601875000, "interestExpense": 206857000, "depreciationAndAmortization": 14559000, "ebitda": 299150000, "ebitdaratio": 0.4707280037, "operatingIncome": 284591000, "operatingIncomeRatio": 0.4478186639, "totalOtherIncomeExpensesNet": 0, "incomeBeforeTax": 284591000, "incomeBeforeTaxRatio": 0.4478186639, "incomeTaxExpense": 100888000, "netIncome": 183703000, "netIncomeRatio": 0.2890661757, "eps": 3.75, "epsdiluted": 3.69, "weightedAverageShsOut": 49033208, "weightedAverageShsOutDil": 49833546, "link": "https://www.sec.gov/Archives/edgar/data/46195/000104746908001671/0001047469-08-001671-index.htm", "finalLink": "https://www.sec.gov/Archives/edgar/data/46195/000104746908001671/a2182848z10-k.htm", "calculatedOtherExpenses": 156593000, "calculatedOperatingExpenses": 350914000, "calculatedNetInterest": 395018000, "calculatedOtherIncome": -395018000, "calculatedIncomeNonControlling": 0, "calculatedEbitda": 299150000}, {"date": "2006-12-31", "symbol": "BOH", "reportedCurrency": "USD", "cik": "0000046195", "fillingDate": "2007-02-22", "acceptedDate": "2007-02-22 14:40:41", "calendarYear": "2006", "period": "FY", "revenue": 618789000, "costOfRevenue": 0, "grossProfit": 618789000, "grossProfitRatio": 1, "researchAndDevelopmentExpenses": 0, "generalAndAdministrativeExpenses": 189486000, "sellingAndMarketingExpenses": 0, "sellingGeneralAndAdministrativeExpenses": 189486000, "otherExpenses": 0, "operatingExpenses": 6854000, "costAndExpenses": 6854000, "interestIncome": 572672000, "interestExpense": 170059000, "depreciationAndAmortization": 16088000, "ebitda": 303157000, "ebitdaratio": 0.4899198273, "operatingIncome": 287069000, "operatingIncomeRatio": 0.4639206579, "totalOtherIncomeExpensesNet": 0, "incomeBeforeTax": 287069000, "incomeBeforeTaxRatio": 0.4639206579, "incomeTaxExpense": 106710000, "netIncome": 180359000, "netIncomeRatio": 0.2914709214, "eps": 3.59, "epsdiluted": 3.52, "weightedAverageShsOut": 50176685, "weightedAverageShsOutDil": 51178943, "link": "https://www.sec.gov/Archives/edgar/data/46195/000110465907013082/0001104659-07-013082-index.htm", "finalLink": "https://www.sec.gov/Archives/edgar/data/46195/000110465907013082/a07-4516_110k.htm", "calculatedOtherExpenses": 142234000, "calculatedOperatingExpenses": 331720000, "calculatedNetInterest": 402613000, "calculatedOtherIncome": -402613000, "calculatedIncomeNonControlling": 0, "calculatedEbitda": 303157000}, {"date": "2005-12-31", "symbol": "BOH", "reportedCurrency": "USD", "cik": "0000046195", "fillingDate": "2006-02-28", "acceptedDate": "2006-02-28 14:43:21", "calendarYear": "2005", "period": "FY", "revenue": 616427000, "costOfRevenue": 0, "grossProfit": 616427000, "grossProfitRatio": 1, "researchAndDevelopmentExpenses": 0, "generalAndAdministrativeExpenses": 176310000, "sellingAndMarketingExpenses": 0, "sellingGeneralAndAdministrativeExpenses": 176310000, "otherExpenses": 0, "operatingExpenses": 15702000, "costAndExpenses": 15702000, "interestIncome": 506442000, "interestExpense": 99329000, "depreciationAndAmortization": 26044000, "ebitda": 310241000, "ebitdaratio": 0.5032891161, "operatingIncome": 284197000, "operatingIncomeRatio": 0.4610391823, "totalOtherIncomeExpensesNet": 0, "incomeBeforeTax": 284197000, "incomeBeforeTaxRatio": 0.4610391823, "incomeTaxExpense": 102636000, "netIncome": 181561000, "netIncomeRatio": 0.2945377149, "eps": 3.5, "epsdiluted": 3.41, "weightedAverageShsOut": 51848765, "weightedAverageShsOutDil": 53310816, "link": "https://www.sec.gov/Archives/edgar/data/46195/000104746906002592/0001047469-06-002592-index.htm", "finalLink": "https://www.sec.gov/Archives/edgar/data/46195/000104746906002592/a2167652z10-k.htm", "calculatedOtherExpenses": 155920000, "calculatedOperatingExpenses": 332230000, "calculatedNetInterest": 407113000, "calculatedOtherIncome": -407113000, "calculatedIncomeNonControlling": 0, "calculatedEbitda": 310241000}, {"date": "2004-12-31", "symbol": "BOH", "reportedCurrency": "USD", "cik": "0000046195", "fillingDate": "2005-02-28", "acceptedDate": "2005-02-28 17:07:21", "calendarYear": "2004", "period": "FY", "revenue": 595684000, "costOfRevenue": 0, "grossProfit": 595684000, "grossProfitRatio": 1, "researchAndDevelopmentExpenses": 0, "generalAndAdministrativeExpenses": 184299000, "sellingAndMarketingExpenses": 0, "sellingGeneralAndAdministrativeExpenses": 184299000, "otherExpenses": -508739000, "operatingExpenses": -324440000, "costAndExpenses": -324440000, "interestIncome": 455014000, "interestExpense": 64424000, "depreciationAndAmortization": 31071000, "ebitda": 302315000, "ebitdaratio": 0.5075090148, "operatingIncome": 271244000, "operatingIncomeRatio": 0.4553488091, "totalOtherIncomeExpensesNet": 0, "incomeBeforeTax": 271244000, "incomeBeforeTaxRatio": 0.4553488091, "incomeTaxExpense": 97905000, "netIncome": 173339000, "netIncomeRatio": 0.2909915324, "eps": 3.26, "epsdiluted": 3.08, "weightedAverageShsOut": 53232815, "weightedAverageShsOutDil": 56241044, "link": "https://www.sec.gov/Archives/edgar/data/46195/000104746905004987/0001047469-05-004987-index.htm", "finalLink": "https://www.sec.gov/Archives/edgar/data/46195/000104746905004987/a2152329z10-k.htm", "calculatedOtherExpenses": 140141000, "calculatedOperatingExpenses": 324440000, "calculatedNetInterest": 390590000, "calculatedOtherIncome": -390590000, "calculatedIncomeNonControlling": 0, "calculatedEbitda": 302315000}, {"date": "2003-12-31", "symbol": "BOH", "reportedCurrency": "USD", "cik": "0000046195", "fillingDate": "2004-02-27", "acceptedDate": "2004-02-27 16:44:53", "calendarYear": "2003", "period": "FY", "revenue": 564662000, "costOfRevenue": 0, "grossProfit": 564662000, "grossProfitRatio": 1, "researchAndDevelopmentExpenses": 0, "generalAndAdministrativeExpenses": 186280000, "sellingAndMarketingExpenses": 0, "sellingGeneralAndAdministrativeExpenses": 186280000, "otherExpenses": -544155000, "operatingExpenses": -357875000, "costAndExpenses": -357875000, "interestIncome": 442521000, "interestExpense": 76579000, "depreciationAndAmortization": 56097000, "ebitda": 262884000, "ebitdaratio": 0.4655599279, "operatingIncome": 206787000, "operatingIncomeRatio": 0.3662137704, "totalOtherIncomeExpensesNet": 0, "incomeBeforeTax": 206787000, "incomeBeforeTaxRatio": 0.3662137704, "incomeTaxExpense": 71592000, "netIncome": 135195000, "netIncomeRatio": 0.2394264179, "eps": 2.32, "epsdiluted": 2.21, "weightedAverageShsOut": 58338566, "weightedAverageShsOutDil": 61085567, "link": "https://www.sec.gov/Archives/edgar/data/46195/000104746904005951/0001047469-04-005951-index.htm", "finalLink": "https://www.sec.gov/Archives/edgar/data/46195/000104746904005951/a2129331z10-k.htm", "calculatedOtherExpenses": 171595000, "calculatedOperatingExpenses": 357875000, "calculatedNetInterest": 365942000, "calculatedOtherIncome": -365942000, "calculatedIncomeNonControlling": 0, "calculatedEbitda": 262884000}, {"date": "2002-12-31", "symbol": "BOH", "reportedCurrency": "USD", "cik": "0000046195", "fillingDate": "2003-02-28", "acceptedDate": "2003-02-28 14:16:35", "calendarYear": "2002", "period": "FY", "revenue": 570152000, "costOfRevenue": 0, "grossProfit": 570152000, "grossProfitRatio": 1, "researchAndDevelopmentExpenses": 0, "generalAndAdministrativeExpenses": 186563000, "sellingAndMarketingExpenses": 0, "sellingGeneralAndAdministrativeExpenses": 186563000, "otherExpenses": -569014000, "operatingExpenses": -382451000, "costAndExpenses": -382451000, "interestIncome": 516538000, "interestExpense": 146307000, "depreciationAndAmortization": 24382000, "ebitda": 212083000, "ebitdaratio": 0.3719762449, "operatingIncome": 187701000, "operatingIncomeRatio": 0.3292122101, "totalOtherIncomeExpensesNet": 0, "incomeBeforeTax": 187701000, "incomeBeforeTaxRatio": 0.3292122101, "incomeTaxExpense": 66521000, "netIncome": 121180000, "netIncomeRatio": 0.2125398139, "eps": 1.75, "epsdiluted": 1.7, "weightedAverageShsOut": 69385745, "weightedAverageShsOutDil": 71447333, "link": "https://www.sec.gov/Archives/edgar/data/46195/000101706203000361/0001017062-03-000361-index.htm", "finalLink": "https://www.sec.gov/Archives/edgar/data/46195/000101706203000361/d10k.htm", "calculatedOtherExpenses": 195888000, "calculatedOperatingExpenses": 382451000, "calculatedNetInterest": 370231000, "calculatedOtherIncome": -370231000, "calculatedIncomeNonControlling": 0, "calculatedEbitda": 212083000}, {"date": "2001-12-31", "symbol": "BOH", "reportedCurrency": "USD", "cik": "0000046195", "fillingDate": "2002-03-08", "acceptedDate": "2002-03-08 00:00:00", "calendarYear": "2001", "period": "FY", "revenue": 912297000, "costOfRevenue": 0, "grossProfit": 912297000, "grossProfitRatio": 1, "researchAndDevelopmentExpenses": 0, "generalAndAdministrativeExpenses": 243708000, "sellingAndMarketingExpenses": 0, "sellingGeneralAndAdministrativeExpenses": 243708000, "otherExpenses": -916046000, "operatingExpenses": -672338000, "costAndExpenses": -672338000, "interestIncome": 828262000, "interestExpense": 368584000, "depreciationAndAmortization": 64147000, "ebitda": 304106000, "ebitdaratio": 0.3333410063, "operatingIncome": 239959000, "operatingIncomeRatio": 0.2630272817, "totalOtherIncomeExpensesNet": 0, "incomeBeforeTax": 239959000, "incomeBeforeTaxRatio": 0.2630272817, "incomeTaxExpense": 122164000, "netIncome": 117795000, "netIncomeRatio": 0.1291191355, "eps": 1.49, "epsdiluted": 1.46, "weightedAverageShsOut": 78977011, "weightedAverageShsOutDil": 80577763, "link": "https://www.sec.gov/Archives/edgar/data/46195/000101706202000375/0001017062-02-000375-index.htm", "finalLink": "https://www.sec.gov/Archives/edgar/data/46195/000101706202000375/d10k405.txt", "calculatedOtherExpenses": 428630000, "calculatedOperatingExpenses": 672338000, "calculatedNetInterest": 459678000, "calculatedOtherIncome": -459678000, "calculatedIncomeNonControlling": 0, "calculatedEbitda": 304106000}, {"date": "2000-12-31", "symbol": "BOH", "reportedCurrency": "USD", "cik": "0000046195", "fillingDate": "2001-03-08", "acceptedDate": "2001-03-08 00:00:00", "calendarYear": "2000", "period": "FY", "revenue": 819660000, "costOfRevenue": 0, "grossProfit": 819660000, "grossProfitRatio": 1, "researchAndDevelopmentExpenses": 0, "generalAndAdministrativeExpenses": 229594000, "sellingAndMarketingExpenses": 0, "sellingGeneralAndAdministrativeExpenses": 229594000, "otherExpenses": -869264000, "operatingExpenses": -639670000, "costAndExpenses": -639670000, "interestIncome": 1057493000, "interestExpense": 501262000, "depreciationAndAmortization": 17245000, "ebitda": 197235000, "ebitdaratio": 0.2406302613, "operatingIncome": 179990000, "operatingIncomeRatio": 0.2195910499, "totalOtherIncomeExpensesNet": 0, "incomeBeforeTax": 179990000, "incomeBeforeTaxRatio": 0.2195910499, "incomeTaxExpense": 66329000, "netIncome": 113661000, "netIncomeRatio": 0.1386684723, "eps": 1.43, "epsdiluted": 1.42, "weightedAverageShsOut": 79551296, "weightedAverageShsOutDil": 79813443, "link": "https://www.sec.gov/Archives/edgar/data/46195/000101706201000480/0001017062-01-000480-index.htm", "finalLink": "https://www.sec.gov/Archives/edgar/data/46195/000101706201000480/0001017062-01-000480-0001.txt", "calculatedOtherExpenses": 410076000, "calculatedOperatingExpenses": 639670000, "calculatedNetInterest": 556231000, "calculatedOtherIncome": -556231000, "calculatedIncomeNonControlling": 0, "calculatedEbitda": 197235000}, {"date": "1999-12-31", "symbol": "BOH", "reportedCurrency": "USD", "cik": "0000046195", "fillingDate": "2000-03-02", "acceptedDate": "2000-03-02 00:00:00", "calendarYear": "1999", "period": "FY", "revenue": 840300000, "costOfRevenue": 0, "grossProfit": 840300000, "grossProfitRatio": 1, "researchAndDevelopmentExpenses": 0, "generalAndAdministrativeExpenses": 254000000, "sellingAndMarketingExpenses": 0, "sellingGeneralAndAdministrativeExpenses": 254000000, "otherExpenses": -868600000, "operatingExpenses": -614600000, "costAndExpenses": -614600000, "interestIncome": 1026500000, "interestExpense": 451800000, "depreciationAndAmortization": 14600000, "ebitda": 240300000, "ebitdaratio": 0.2859692967, "operatingIncome": 225700000, "operatingIncomeRatio": 0.2685945496, "totalOtherIncomeExpensesNet": 0, "incomeBeforeTax": 225700000, "incomeBeforeTaxRatio": 0.2685945496, "incomeTaxExpense": 92700000, "netIncome": 133000000, "netIncomeRatio": 0.1582768059, "eps": 1.66, "epsdiluted": 1.64, "weightedAverageShsOut": 80298725, "weightedAverageShsOutDil": 81044558, "link": "https://www.sec.gov/Archives/edgar/data/46195/000107299300000130/0001072993-00-000130-index.html", "finalLink": "https://www.sec.gov/Archives/edgar/data/46195/000107299300000130/", "calculatedOtherExpenses": 360600000, "calculatedOperatingExpenses": 614600000, "calculatedNetInterest": 574700000, "calculatedOtherIncome": -574700000, "calculatedIncomeNonControlling": 0, "calculatedEbitda": 240300000}, {"date": "1998-12-31", "symbol": "BOH", "reportedCurrency": "USD", "cik": "0000046195", "fillingDate": "1999-03-01", "acceptedDate": "1999-03-01 00:00:00", "calendarYear": "1998", "period": "FY", "revenue": 788400000, "costOfRevenue": 0, "grossProfit": 788400000, "grossProfitRatio": 1, "researchAndDevelopmentExpenses": 0, "generalAndAdministrativeExpenses": 250500000, "sellingAndMarketingExpenses": 0, "sellingGeneralAndAdministrativeExpenses": 250500000, "otherExpenses": -875300000, "operatingExpenses": -624800000, "costAndExpenses": -624800000, "interestIncome": 1099800000, "interestExpense": 523200000, "depreciationAndAmortization": 5800000, "ebitda": 169400000, "ebitdaratio": 0.2148655505, "operatingIncome": 163600000, "operatingIncomeRatio": 0.2075088787, "totalOtherIncomeExpensesNet": 0, "incomeBeforeTax": 163600000, "incomeBeforeTaxRatio": 0.2075088787, "incomeTaxExpense": 56600000, "netIncome": 107000000, "netIncomeRatio": 0.1357179097, "eps": 1.33, "epsdiluted": 1.32, "weightedAverageShsOut": 80228424, "weightedAverageShsOutDil": 81142144, "link": "https://www.sec.gov/Archives/edgar/data/46195/0001017062-99-000379-index.html", "finalLink": "https://www.sec.gov/Archives/edgar/data/46195/0001017062-99-000379.txt", "calculatedOtherExpenses": 374300000, "calculatedOperatingExpenses": 624800000, "calculatedNetInterest": 576600000, "calculatedOtherIncome": -576600000, "calculatedIncomeNonControlling": 0, "calculatedEbitda": 169400000}, {"date": "1997-12-31", "symbol": "BOH", "reportedCurrency": "USD", "cik": "0000046195", "fillingDate": "1998-03-12", "acceptedDate": "1998-03-12 00:00:00", "calendarYear": "1997", "period": "FY", "revenue": 724100000, "costOfRevenue": 0, "grossProfit": 724100000, "grossProfitRatio": 1, "researchAndDevelopmentExpenses": 0, "generalAndAdministrativeExpenses": 226700000, "sellingAndMarketingExpenses": 0, "sellingGeneralAndAdministrativeExpenses": 226700000, "otherExpenses": -732800000, "operatingExpenses": -506100000, "costAndExpenses": -506100000, "interestIncome": 1062600000, "interestExpense": 526300000, "depreciationAndAmortization": 2500000, "ebitda": 220500000, "ebitdaratio": 0.3045159508, "operatingIncome": 218000000, "operatingIncomeRatio": 0.301063389, "totalOtherIncomeExpensesNet": 0, "incomeBeforeTax": 218000000, "incomeBeforeTaxRatio": 0.301063389, "incomeTaxExpense": 78500000, "netIncome": 139500000, "netIncomeRatio": 0.1926529485, "eps": 1.75, "epsdiluted": 1.72, "weightedAverageShsOut": 79714286, "weightedAverageShsOutDil": 81104651, "link": "https://www.sec.gov/Archives/edgar/data/46195/000089843098000879/0000898430-98-000879-index.html", "finalLink": "https://www.sec.gov/Archives/edgar/data/46195/", "calculatedOtherExpenses": 279400000, "calculatedOperatingExpenses": 506100000, "calculatedNetInterest": 536300000, "calculatedOtherIncome": -536300000, "calculatedIncomeNonControlling": 0, "calculatedEbitda": 220500000}, {"date": "1996-12-31", "symbol": "BOH", "reportedCurrency": "USD", "cik": "0000046195", "fillingDate": "1997-02-27", "acceptedDate": "1997-02-27 00:00:00", "calendarYear": "1996", "period": "FY", "revenue": 653300000, "costOfRevenue": 0, "grossProfit": 653300000, "grossProfitRatio": 1, "researchAndDevelopmentExpenses": 0, "generalAndAdministrativeExpenses": 208000000, "sellingAndMarketingExpenses": 0, "sellingGeneralAndAdministrativeExpenses": 208000000, "otherExpenses": -651500000, "operatingExpenses": -443500000, "costAndExpenses": -443500000, "interestIncome": 981100000, "interestExpense": 499800000, "depreciationAndAmortization": 4400000, "ebitda": 214200000, "ebitdaratio": 0.3278738711, "operatingIncome": 209800000, "operatingIncomeRatio": 0.3211388336, "totalOtherIncomeExpensesNet": 0, "incomeBeforeTax": 209800000, "incomeBeforeTaxRatio": 0.3211388336, "incomeTaxExpense": 76700000, "netIncome": 133100000, "netIncomeRatio": 0.2037348844, "eps": 1.63, "epsdiluted": 1.62, "weightedAverageShsOut": 81656442, "weightedAverageShsOutDil": 82160494, "link": "https://www.sec.gov/Archives/edgar/data/46195/000089843097000778/0000898430-97-000778-index.html", "finalLink": "https://www.sec.gov/Archives/edgar/data/46195/", "calculatedOtherExpenses": 235500000, "calculatedOperatingExpenses": 443500000, "calculatedNetInterest": 481300000, "calculatedOtherIncome": -481300000, "calculatedIncomeNonControlling": 0, "calculatedEbitda": 214200000}, {"date": "1995-12-31", "symbol": "BOH", "reportedCurrency": "USD", "cik": "0000046195", "fillingDate": "1996-02-28", "acceptedDate": "1996-02-28 00:00:00", "calendarYear": "1995", "period": "FY", "revenue": 574900000, "costOfRevenue": 0, "grossProfit": 574900000, "grossProfitRatio": 1, "researchAndDevelopmentExpenses": 0, "generalAndAdministrativeExpenses": 185700000, "sellingAndMarketingExpenses": 0, "sellingGeneralAndAdministrativeExpenses": 185700000, "otherExpenses": -566800000, "operatingExpenses": -381100000, "costAndExpenses": -381100000, "interestIncome": 896700000, "interestExpense": 468200000, "depreciationAndAmortization": -4500000, "ebitda": 189300000, "ebitdaratio": 0.3292746565, "operatingIncome": 193800000, "operatingIncomeRatio": 0.3371021047, "totalOtherIncomeExpensesNet": 0, "incomeBeforeTax": 193800000, "incomeBeforeTaxRatio": 0.3371021047, "incomeTaxExpense": 72000000, "netIncome": 121800000, "netIncomeRatio": 0.2118629327, "eps": 1.46, "epsdiluted": 1.45, "weightedAverageShsOut": 83424658, "weightedAverageShsOutDil": 84000000, "link": "https://www.sec.gov/Archives/edgar/data/46195/000089843096000696/0000898430-96-000696-index.html", "finalLink": "https://www.sec.gov/Archives/edgar/data/46195/", "calculatedOtherExpenses": 195400000, "calculatedOperatingExpenses": 381100000, "calculatedNetInterest": 428500000, "calculatedOtherIncome": -428500000, "calculatedIncomeNonControlling": 0, "calculatedEbitda": 189300000}, {"date": "1994-12-31", "symbol": "BOH", "reportedCurrency": "USD", "cik": "0000046195", "fillingDate": "1995-03-29", "acceptedDate": "1995-03-29 00:00:00", "calendarYear": "1994", "period": "FY", "revenue": 577700000, "costOfRevenue": 0, "grossProfit": 577700000, "grossProfitRatio": 1, "researchAndDevelopmentExpenses": 0, "generalAndAdministrativeExpenses": 180400000, "sellingAndMarketingExpenses": 0, "sellingGeneralAndAdministrativeExpenses": 180400000, "otherExpenses": -562800000, "operatingExpenses": -382400000, "costAndExpenses": -382400000, "interestIncome": 813000000, "interestExpense": 363700000, "depreciationAndAmortization": -9900000, "ebitda": 185400000, "ebitdaratio": 0.3209278172, "operatingIncome": 195300000, "operatingIncomeRatio": 0.3380647395, "totalOtherIncomeExpensesNet": 0, "incomeBeforeTax": 195300000, "incomeBeforeTaxRatio": 0.3380647395, "incomeTaxExpense": 77600000, "netIncome": 117700000, "netIncomeRatio": 0.2037389649, "eps": 1.38, "epsdiluted": 1.38, "weightedAverageShsOut": 85649062, "weightedAverageShsOutDil": 85897436, "link": "https://www.sec.gov/Archives/edgar/data/46195/000089843095000386/0000898430-95-000386-index.html", "finalLink": "https://www.sec.gov/Archives/edgar/data/46195/", "calculatedOtherExpenses": 202000000, "calculatedOperatingExpenses": 382400000, "calculatedNetInterest": 449300000, "calculatedOtherIncome": -449300000, "calculatedIncomeNonControlling": 0, "calculatedEbitda": 185400000}, {"date": "1993-12-31", "symbol": "BOH", "reportedCurrency": "USD", "cik": "0000046195", "fillingDate": "1994-03-29", "acceptedDate": "1994-03-29 00:00:00", "calendarYear": "1993", "period": "FY", "revenue": 602700000, "costOfRevenue": 0, "grossProfit": 602700000, "grossProfitRatio": 1, "researchAndDevelopmentExpenses": 0, "generalAndAdministrativeExpenses": 177000000, "sellingAndMarketingExpenses": 0, "sellingGeneralAndAdministrativeExpenses": 177000000, "otherExpenses": -567300000, "operatingExpenses": -390300000, "costAndExpenses": -390300000, "interestIncome": 808800000, "interestExpense": 335400000, "depreciationAndAmortization": 25700000, "ebitda": 238100000, "ebitdaratio": 0.3950555832, "operatingIncome": 212400000, "operatingIncomeRatio": 0.3524141364, "totalOtherIncomeExpensesNet": 0, "incomeBeforeTax": 212400000, "incomeBeforeTaxRatio": 0.3524141364, "incomeTaxExpense": 79800000, "netIncome": 132600000, "netIncomeRatio": 0.2200099552, "eps": 1.56, "epsdiluted": 1.54, "weightedAverageShsOut": 85000000, "weightedAverageShsOutDil": 86103896, "link": "https://www.sec.gov/Archives/edgar/data/46195/000089843094000217/0000898430-94-000217-index.html", "finalLink": "https://www.sec.gov/Archives/edgar/data/46195/", "calculatedOtherExpenses": 213300000, "calculatedOperatingExpenses": 390300000, "calculatedNetInterest": 473400000, "calculatedOtherIncome": -473400000, "calculatedIncomeNonControlling": 0, "calculatedEbitda": 238100000}, {"date": "1992-12-31", "symbol": "BOH", "reportedCurrency": "USD", "cik": "0000046195", "fillingDate": "1992-12-31", "acceptedDate": "1992-12-30 19:00:00", "calendarYear": "1992", "period": "FY", "revenue": 553500000, "costOfRevenue": 0, "grossProfit": 553500000, "grossProfitRatio": 1, "researchAndDevelopmentExpenses": 0, "generalAndAdministrativeExpenses": 165200000, "sellingAndMarketingExpenses": 0, "sellingGeneralAndAdministrativeExpenses": 165200000, "otherExpenses": -518900000, "operatingExpenses": -353700000, "costAndExpenses": -353700000, "interestIncome": 827200000, "interestExpense": 386500000, "depreciationAndAmortization": 22600000, "ebitda": 222400000, "ebitdaratio": 0.4018066847, "operatingIncome": 199800000, "operatingIncomeRatio": 0.3609756098, "totalOtherIncomeExpensesNet": -10800000, "incomeBeforeTax": 189000000, "incomeBeforeTaxRatio": 0.3414634146, "incomeTaxExpense": 72200000, "netIncome": 127600000, "netIncomeRatio": 0.230532972, "eps": 1.51, "epsdiluted": 1.51, "weightedAverageShsOut": 84503311, "weightedAverageShsOutDil": 84503311, "link": null, "finalLink": null, "calculatedOtherExpenses": 188500000, "calculatedOperatingExpenses": 353700000, "calculatedNetInterest": 440700000, "calculatedOtherIncome": -451500000, "calculatedIncomeNonControlling": -10800000, "calculatedEbitda": 222400000}, {"date": "1991-12-31", "symbol": "BOH", "reportedCurrency": "USD", "cik": "0000046195", "fillingDate": "1991-12-31", "acceptedDate": "1991-12-30 19:00:00", "calendarYear": "1991", "period": "FY", "revenue": 501700000, "costOfRevenue": 0, "grossProfit": 501700000, "grossProfitRatio": 1, "researchAndDevelopmentExpenses": 0, "generalAndAdministrativeExpenses": 151400000, "sellingAndMarketingExpenses": 0, "sellingGeneralAndAdministrativeExpenses": 151400000, "otherExpenses": -469100000, "operatingExpenses": -317700000, "costAndExpenses": -317700000, "interestIncome": 929000000, "interestExpense": 521100000, "depreciationAndAmortization": 19800000, "ebitda": 203800000, "ebitdaratio": 0.4062188559, "operatingIncome": 184000000, "operatingIncomeRatio": 0.3667530397, "totalOtherIncomeExpensesNet": 0, "incomeBeforeTax": 184000000, "incomeBeforeTaxRatio": 0.3667530397, "incomeTaxExpense": 71300000, "netIncome": 112700000, "netIncomeRatio": 0.2246362368, "eps": 1.35, "epsdiluted": 1.35, "weightedAverageShsOut": 83481481, "weightedAverageShsOutDil": 83481481, "link": null, "finalLink": null, "calculatedOtherExpenses": 166300000, "calculatedOperatingExpenses": 317700000, "calculatedNetInterest": 407900000, "calculatedOtherIncome": -407900000, "calculatedIncomeNonControlling": 0, "calculatedEbitda": 203800000}, {"date": "1990-12-31", "symbol": "BOH", "reportedCurrency": "USD", "cik": "0000046195", "fillingDate": "1990-12-31", "acceptedDate": "1990-12-30 19:00:00", "calendarYear": "1990", "period": "FY", "revenue": 433300000, "costOfRevenue": 0, "grossProfit": 433300000, "grossProfitRatio": 1, "researchAndDevelopmentExpenses": 0, "generalAndAdministrativeExpenses": 132800000, "sellingAndMarketingExpenses": 0, "sellingGeneralAndAdministrativeExpenses": 132800000, "otherExpenses": -408700000, "operatingExpenses": -275900000, "costAndExpenses": -275900000, "interestIncome": 871100000, "interestExpense": 521000000, "depreciationAndAmortization": 15600000, "ebitda": 173000000, "ebitdaratio": 0.3992614817, "operatingIncome": 157400000, "operatingIncomeRatio": 0.3632587122, "totalOtherIncomeExpensesNet": 0, "incomeBeforeTax": 157400000, "incomeBeforeTaxRatio": 0.3632587122, "incomeTaxExpense": 61700000, "netIncome": 95700000, "netIncomeRatio": 0.2208631433, "eps": 1.23, "epsdiluted": 1.22, "weightedAverageShsOut": 77804878, "weightedAverageShsOutDil": 78442623, "link": null, "finalLink": null, "calculatedOtherExpenses": 143100000, "calculatedOperatingExpenses": 275900000, "calculatedNetInterest": 350100000, "calculatedOtherIncome": -350100000, "calculatedIncomeNonControlling": 0, "calculatedEbitda": 173000000}, {"date": "1989-12-31", "symbol": "BOH", "reportedCurrency": "USD", "cik": "0000046195", "fillingDate": "1989-12-31", "acceptedDate": "1989-12-30 19:00:00", "calendarYear": "1989", "period": "FY", "revenue": 362400000, "costOfRevenue": 0, "grossProfit": 362400000, "grossProfitRatio": 1, "researchAndDevelopmentExpenses": 0, "generalAndAdministrativeExpenses": 117300000, "sellingAndMarketingExpenses": 0, "sellingGeneralAndAdministrativeExpenses": 117300000, "otherExpenses": -352100000, "operatingExpenses": -234800000, "costAndExpenses": -234800000, "interestIncome": 685400000, "interestExpense": 399100000, "depreciationAndAmortization": 14600000, "ebitda": 142200000, "ebitdaratio": 0.392384106, "operatingIncome": 127600000, "operatingIncomeRatio": 0.3520971302, "totalOtherIncomeExpensesNet": 0, "incomeBeforeTax": 127600000, "incomeBeforeTaxRatio": 0.3520971302, "incomeTaxExpense": 47700000, "netIncome": 79900000, "netIncomeRatio": 0.2204746137, "eps": 1.21, "epsdiluted": 1.19, "weightedAverageShsOut": 66033058, "weightedAverageShsOutDil": 67142857, "link": null, "finalLink": null, "calculatedOtherExpenses": 117500000, "calculatedOperatingExpenses": 234800000, "calculatedNetInterest": 286300000, "calculatedOtherIncome": -286300000, "calculatedIncomeNonControlling": 0, "calculatedEbitda": 142200000}, {"date": "1988-12-31", "symbol": "BOH", "reportedCurrency": "USD", "cik": "0000046195", "fillingDate": "1988-12-31", "acceptedDate": "1988-12-30 19:00:00", "calendarYear": "1988", "period": "FY", "revenue": 0, "costOfRevenue": 0, "grossProfit": 0, "grossProfitRatio": 0, "researchAndDevelopmentExpenses": 0, "generalAndAdministrativeExpenses": 0, "sellingAndMarketingExpenses": 0, "sellingGeneralAndAdministrativeExpenses": 0, "otherExpenses": 74900000, "operatingExpenses": 74900000, "costAndExpenses": 74900000, "interestIncome": 0, "interestExpense": 0, "depreciationAndAmortization": 0, "ebitda": 74900000, "ebitdaratio": 0, "operatingIncome": 74900000, "operatingIncomeRatio": 0, "totalOtherIncomeExpensesNet": 0, "incomeBeforeTax": 0, "incomeBeforeTaxRatio": 0, "incomeTaxExpense": -74900000, "netIncome": 74900000, "netIncomeRatio": 0, "eps": 1.06, "epsdiluted": 1.05, "weightedAverageShsOut": 70660377, "weightedAverageShsOutDil": 71333333, "link": "", "finalLink": "", "calculatedOtherExpenses": -74900000, "calculatedOperatingExpenses": -74900000, "calculatedNetInterest": 0, "calculatedOtherIncome": -74900000, "calculatedIncomeNonControlling": 0, "calculatedEbitda": 74900000}, {"date": "1987-12-31", "symbol": "BOH", "reportedCurrency": "USD", "cik": "0000046195", "fillingDate": "1987-12-31", "acceptedDate": "1987-12-30 19:00:00", "calendarYear": "1987", "period": "FY", "revenue": 0, "costOfRevenue": 0, "grossProfit": 0, "grossProfitRatio": 0, "researchAndDevelopmentExpenses": 0, "generalAndAdministrativeExpenses": 0, "sellingAndMarketingExpenses": 0, "sellingGeneralAndAdministrativeExpenses": 0, "otherExpenses": 53900000, "operatingExpenses": 53900000, "costAndExpenses": 53900000, "interestIncome": 0, "interestExpense": 0, "depreciationAndAmortization": 0, "ebitda": 53900000, "ebitdaratio": 0, "operatingIncome": 53900000, "operatingIncomeRatio": 0, "totalOtherIncomeExpensesNet": 0, "incomeBeforeTax": 0, "incomeBeforeTaxRatio": 0, "incomeTaxExpense": -53900000, "netIncome": 53900000, "netIncomeRatio": 0, "eps": 0.77, "epsdiluted": 0.76, "weightedAverageShsOut": 70000000, "weightedAverageShsOutDil": 70921053, "link": "", "finalLink": "", "calculatedOtherExpenses": -53900000, "calculatedOperatingExpenses": -53900000, "calculatedNetInterest": 0, "calculatedOtherIncome": -53900000, "calculatedIncomeNonControlling": 0, "calculatedEbitda": 53900000}, {"date": "1986-12-31", "symbol": "BOH", "reportedCurrency": "USD", "cik": "0000046195", "fillingDate": "1986-12-31", "acceptedDate": "1986-12-30 19:00:00", "calendarYear": "1986", "period": "FY", "revenue": 0, "costOfRevenue": 0, "grossProfit": 0, "grossProfitRatio": 0, "researchAndDevelopmentExpenses": 0, "generalAndAdministrativeExpenses": 0, "sellingAndMarketingExpenses": 0, "sellingGeneralAndAdministrativeExpenses": 0, "otherExpenses": 46200000, "operatingExpenses": 46200000, "costAndExpenses": 46200000, "interestIncome": 0, "interestExpense": 0, "depreciationAndAmortization": 0, "ebitda": 46200000, "ebitdaratio": 0, "operatingIncome": 46200000, "operatingIncomeRatio": 0, "totalOtherIncomeExpensesNet": 0, "incomeBeforeTax": 0, "incomeBeforeTaxRatio": 0, "incomeTaxExpense": -46200000, "netIncome": 46200000, "netIncomeRatio": 0, "eps": 0.69, "epsdiluted": 0.67, "weightedAverageShsOut": 66956522, "weightedAverageShsOutDil": 68955224, "link": "", "finalLink": "", "calculatedOtherExpenses": -46200000, "calculatedOperatingExpenses": -46200000, "calculatedNetInterest": 0, "calculatedOtherIncome": -46200000, "calculatedIncomeNonControlling": 0, "calculatedEbitda": 46200000}, {"date": "1985-12-31", "symbol": "BOH", "reportedCurrency": "USD", "cik": "0000046195", "fillingDate": "1985-12-31", "acceptedDate": "1985-12-30 19:00:00", "calendarYear": "1985", "period": "FY", "revenue": 0, "costOfRevenue": 0, "grossProfit": 0, "grossProfitRatio": 0, "researchAndDevelopmentExpenses": 0, "generalAndAdministrativeExpenses": 0, "sellingAndMarketingExpenses": 0, "sellingGeneralAndAdministrativeExpenses": 0, "otherExpenses": 38600000, "operatingExpenses": 38600000, "costAndExpenses": 38600000, "interestIncome": 0, "interestExpense": 0, "depreciationAndAmortization": 0, "ebitda": 38600000, "ebitdaratio": 0, "operatingIncome": 38600000, "operatingIncomeRatio": 0, "totalOtherIncomeExpensesNet": 0, "incomeBeforeTax": 0, "incomeBeforeTaxRatio": 0, "incomeTaxExpense": -38600000, "netIncome": 38600000, "netIncomeRatio": 0, "eps": 0.58, "epsdiluted": 0.57, "weightedAverageShsOut": 66551724, "weightedAverageShsOutDil": 67719298, "link": "", "finalLink": "", "calculatedOtherExpenses": -38600000, "calculatedOperatingExpenses": -38600000, "calculatedNetInterest": 0, "calculatedOtherIncome": -38600000, "calculatedIncomeNonControlling": 0, "calculatedEbitda": 38600000}]}