{"originalCurrency": "USD", "convertedCurrency": "USD", "report": [{"date": "2023-12-31", "symbol": "BOKF", "reportedCurrency": "USD", "cik": "0000875357", "fillingDate": "2024-02-21", "acceptedDate": "2024-02-21 16:45:36", "calendarYear": "2023", "period": "FY", "revenue": 1974810000, "costOfRevenue": 925333000, "grossProfit": 1049477000, "grossProfitRatio": 0.5314318846, "researchAndDevelopmentExpenses": 0, "generalAndAdministrativeExpenses": 841163000, "sellingAndMarketingExpenses": 31796000, "sellingGeneralAndAdministrativeExpenses": 872959000, "otherExpenses": 56795000, "operatingExpenses": 55337000, "costAndExpenses": 980670000, "interestIncome": 2342464000, "interestExpense": 1070284000, "depreciationAndAmortization": 109893000, "ebitda": 1361794000, "ebitdaratio": 0.6895822889, "operatingIncome": 1361794000, "operatingIncomeRatio": 0.6895822889, "totalOtherIncomeExpensesNet": -678546000, "incomeBeforeTax": 683248000, "incomeBeforeTaxRatio": 0.3459816387, "incomeTaxExpense": 152115000, "netIncome": 530746000, "netIncomeRatio": 0.2687580071, "eps": 8.02, "epsdiluted": 8.02, "weightedAverageShsOut": 65651568, "weightedAverageShsOutDil": 65651568, "link": "https://www.sec.gov/Archives/edgar/data/875357/000087535724000008/0000875357-24-000008-index.htm", "finalLink": "https://www.sec.gov/Archives/edgar/data/875357/000087535724000008/bokf-20231231.htm", "calculatedOtherExpenses": -1185276000, "calculatedOperatingExpenses": -312317000, "calculatedNetInterest": 1272180000, "calculatedOtherIncome": -1950726000, "calculatedIncomeNonControlling": 387000, "calculatedEbitda": 1471687000}, {"date": "2022-12-31", "symbol": "BOKF", "reportedCurrency": "USD", "cik": "0000875357", "fillingDate": "2023-03-01", "acceptedDate": "2023-03-01 12:36:09", "calendarYear": "2022", "period": "FY", "revenue": 1818803000, "costOfRevenue": 775816000, "grossProfit": 1042987000, "grossProfitRatio": 0.5734469319, "researchAndDevelopmentExpenses": 0, "generalAndAdministrativeExpenses": 688912000, "sellingAndMarketingExpenses": 26435000, "sellingGeneralAndAdministrativeExpenses": 715347000, "otherExpenses": 123000, "operatingExpenses": 715470000, "costAndExpenses": 933579000, "interestIncome": 1392102000, "interestExpense": 180722000, "depreciationAndAmortization": 15692000, "ebitda": 856551000, "ebitdaratio": 0.4709421526, "operatingIncome": 840859000, "operatingIncomeRatio": 0.4623145003, "totalOtherIncomeExpensesNet": -180702000, "incomeBeforeTax": 660157000, "incomeBeforeTaxRatio": 0.3629623439, "incomeTaxExpense": 139864000, "netIncome": 520273000, "netIncomeRatio": 0.2860524202, "eps": 7.68, "epsdiluted": 7.68, "weightedAverageShsOut": 67212728, "weightedAverageShsOutDil": 67212735, "link": "https://www.sec.gov/Archives/edgar/data/875357/000087535723000009/0000875357-23-000009-index.htm", "finalLink": "https://www.sec.gov/Archives/edgar/data/875357/000087535723000009/bokf-20221231.htm", "calculatedOtherExpenses": -513219000, "calculatedOperatingExpenses": 202128000, "calculatedNetInterest": 1211380000, "calculatedOtherIncome": -1392082000, "calculatedIncomeNonControlling": 20000, "calculatedEbitda": 856551000}, {"date": "2021-12-31", "symbol": "BOKF", "reportedCurrency": "USD", "cik": "0000875357", "fillingDate": "2022-02-23", "acceptedDate": "2022-02-23 13:32:40", "calendarYear": "2021", "period": "FY", "revenue": 1831110000, "costOfRevenue": 882673000, "grossProfit": 948437000, "grossProfitRatio": 0.5179574138, "researchAndDevelopmentExpenses": 0, "generalAndAdministrativeExpenses": 725481000, "sellingAndMarketingExpenses": 16289000, "sellingGeneralAndAdministrativeExpenses": 741770000, "otherExpenses": 63742000, "operatingExpenses": 805512000, "costAndExpenses": 805512000, "interestIncome": 1179929000, "interestExpense": 61896000, "depreciationAndAmortization": 18311000, "ebitda": 816207000, "ebitdaratio": 0.4457443846, "operatingIncome": 797896000, "operatingIncomeRatio": 0.4357444392, "totalOtherIncomeExpensesNet": -1796000, "incomeBeforeTax": 796100000, "incomeBeforeTaxRatio": 0.4347636133, "incomeTaxExpense": 179775000, "netIncome": 618121000, "netIncomeRatio": 0.3375662849, "eps": 8.95, "epsdiluted": 8.95, "weightedAverageShsOut": 68591920, "weightedAverageShsOutDil": 68594322, "link": "https://www.sec.gov/Archives/edgar/data/875357/000087535722000013/0000875357-22-000013-index.htm", "finalLink": "https://www.sec.gov/Archives/edgar/data/875357/000087535722000013/bokf-20211231.htm", "calculatedOtherExpenses": -591229000, "calculatedOperatingExpenses": 150541000, "calculatedNetInterest": 1118033000, "calculatedOtherIncome": -1119829000, "calculatedIncomeNonControlling": -1796000, "calculatedEbitda": 816207000}, {"date": "2020-12-31", "symbol": "BOKF", "reportedCurrency": "USD", "cik": "0000875357", "fillingDate": "2021-02-24", "acceptedDate": "2021-02-24 13:01:39", "calendarYear": "2020", "period": "FY", "revenue": 1888007000, "costOfRevenue": 977114000, "grossProfit": 910893000, "grossProfitRatio": 0.4824627239, "researchAndDevelopmentExpenses": 0, "generalAndAdministrativeExpenses": 723525000, "sellingAndMarketingExpenses": 14511000, "sellingGeneralAndAdministrativeExpenses": 738036000, "otherExpenses": 7675000, "operatingExpenses": 745711000, "costAndExpenses": 745711000, "interestIncome": 1269000000, "interestExpense": 160556000, "depreciationAndAmortization": 20443000, "ebitda": 584266000, "ebitdaratio": 0.3094617764, "operatingIncome": 563823000, "operatingIncomeRatio": 0.2986339563, "totalOtherIncomeExpensesNet": 41000, "incomeBeforeTax": 563864000, "incomeBeforeTaxRatio": 0.2986556724, "incomeTaxExpense": 128793000, "netIncome": 435030000, "netIncomeRatio": 0.2304175779, "eps": 6.19, "epsdiluted": 6.19, "weightedAverageShsOut": 69840977, "weightedAverageShsOutDil": 69844172, "link": "https://www.sec.gov/Archives/edgar/data/875357/000087535721000013/0000875357-21-000013-index.htm", "finalLink": "https://www.sec.gov/Archives/edgar/data/875357/000087535721000013/bokf-20201231.htm", "calculatedOtherExpenses": -390966000, "calculatedOperatingExpenses": 347070000, "calculatedNetInterest": 1108444000, "calculatedOtherIncome": -1108403000, "calculatedIncomeNonControlling": 41000, "calculatedEbitda": 584266000}, {"date": "2019-12-31", "symbol": "BOKF", "reportedCurrency": "USD", "cik": "0000875357", "fillingDate": "2020-02-27", "acceptedDate": "2020-02-27 12:47:47", "calendarYear": "2019", "period": "FY", "revenue": 1747213000, "costOfRevenue": 825263000, "grossProfit": 921950000, "grossProfitRatio": 0.5276689219, "researchAndDevelopmentExpenses": 0, "generalAndAdministrativeExpenses": 697988000, "sellingAndMarketingExpenses": 35662000, "sellingGeneralAndAdministrativeExpenses": 733650000, "otherExpenses": 9351000, "operatingExpenses": 743001000, "costAndExpenses": 743001000, "interestIncome": 1531958000, "interestExpense": 419079000, "depreciationAndAmortization": 20618000, "ebitda": 651559000, "ebitdaratio": 0.3729133197, "operatingIncome": 630941000, "operatingIncomeRatio": 0.3611128122, "totalOtherIncomeExpensesNet": -73000, "incomeBeforeTax": 630868000, "incomeBeforeTaxRatio": 0.3610710314, "incomeTaxExpense": 130183000, "netIncome": 500758000, "netIncomeRatio": 0.2866038657, "eps": 7.03, "epsdiluted": 7.03, "weightedAverageShsOut": 70787700, "weightedAverageShsOutDil": 70802612, "link": "https://www.sec.gov/Archives/edgar/data/875357/000087535720000017/0000875357-20-000017-index.htm", "finalLink": "https://www.sec.gov/Archives/edgar/data/875357/000087535720000017/a20191231bokf10k.htm", "calculatedOtherExpenses": -442641000, "calculatedOperatingExpenses": 291009000, "calculatedNetInterest": 1112879000, "calculatedOtherIncome": -1112952000, "calculatedIncomeNonControlling": -73000, "calculatedEbitda": 651559000}, {"date": "2018-12-31", "symbol": "BOKF", "reportedCurrency": "USD", "cik": "0000875357", "fillingDate": "2019-03-01", "acceptedDate": "2019-03-01 13:29:13", "calendarYear": "2018", "period": "FY", "revenue": 1555353000, "costOfRevenue": 724385000, "grossProfit": 830968000, "grossProfitRatio": 0.534263283, "researchAndDevelopmentExpenses": 0, "generalAndAdministrativeExpenses": 623618000, "sellingAndMarketingExpenses": 30523000, "sellingGeneralAndAdministrativeExpenses": 654141000, "otherExpenses": -1516024000, "operatingExpenses": -747087000, "costAndExpenses": -747087000, "interestIncome": 1228426000, "interestExpense": 243559000, "depreciationAndAmortization": 9620000, "ebitda": 869109000, "ebitdaratio": 0.5587856905, "operatingIncome": 808266000, "operatingIncomeRatio": 0.5196672395, "totalOtherIncomeExpensesNet": -242781000, "incomeBeforeTax": 565485000, "incomeBeforeTaxRatio": 0.3635734139, "incomeTaxExpense": 119061000, "netIncome": 445646000, "netIncomeRatio": 0.2865240238, "eps": 6.69, "epsdiluted": 6.69, "weightedAverageShsOut": 66628640, "weightedAverageShsOutDil": 66662273, "link": "https://www.sec.gov/Archives/edgar/data/875357/000087535719000011/0000875357-19-000011-index.htm", "finalLink": "https://www.sec.gov/Archives/edgar/data/875357/000087535719000011/a20181231bokf10k.htm", "calculatedOtherExpenses": -631439000, "calculatedOperatingExpenses": 22702000, "calculatedNetInterest": 984867000, "calculatedOtherIncome": -1227648000, "calculatedIncomeNonControlling": 778000, "calculatedEbitda": 817886000}, {"date": "2017-12-31", "symbol": "BOKF", "reportedCurrency": "USD", "cik": "0000875357", "fillingDate": "2018-02-27", "acceptedDate": "2018-02-27 16:15:22", "calendarYear": "2017", "period": "FY", "revenue": 1483939000, "costOfRevenue": 788350000, "grossProfit": 695589000, "grossProfitRatio": 0.4687450091, "researchAndDevelopmentExpenses": 0, "generalAndAdministrativeExpenses": 608750000, "sellingAndMarketingExpenses": 28877000, "sellingGeneralAndAdministrativeExpenses": 637627000, "otherExpenses": -365632000, "operatingExpenses": 51067000, "costAndExpenses": 839417000, "interestIncome": 972751000, "interestExpense": 131050000, "depreciationAndAmortization": 6779000, "ebitda": 702753000, "ebitdaratio": 0.4735727008, "operatingIncome": 133334000, "operatingIncomeRatio": 0.0898514022, "totalOtherIncomeExpensesNet": 384944000, "incomeBeforeTax": 518278000, "incomeBeforeTaxRatio": 0.3492582916, "incomeTaxExpense": 182593000, "netIncome": 334644000, "netIncomeRatio": 0.2255106174, "eps": 5.11, "epsdiluted": 5.11, "weightedAverageShsOut": 64745364, "weightedAverageShsOutDil": 64806284, "link": "https://www.sec.gov/Archives/edgar/data/875357/000087535718000013/0000875357-18-000013-index.htm", "finalLink": "https://www.sec.gov/Archives/edgar/data/875357/000087535718000013/a20171231bokf10k.htm", "calculatedOtherExpenses": -75372000, "calculatedOperatingExpenses": 562255000, "calculatedNetInterest": 841701000, "calculatedOtherIncome": -456757000, "calculatedIncomeNonControlling": 1041000, "calculatedEbitda": 140113000}, {"date": "2016-12-31", "symbol": "BOKF", "reportedCurrency": "USD", "cik": "0000875357", "fillingDate": "2017-02-28", "acceptedDate": "2017-02-28 15:26:25", "calendarYear": "2016", "period": "FY", "revenue": 1359861000, "costOfRevenue": 760906000, "grossProfit": 598955000, "grossProfitRatio": 0.4404531051, "researchAndDevelopmentExpenses": 0, "generalAndAdministrativeExpenses": 601192000, "sellingAndMarketingExpenses": 26582000, "sellingGeneralAndAdministrativeExpenses": 627774000, "otherExpenses": -445834000, "operatingExpenses": 56783000, "costAndExpenses": 817689000, "interestIncome": 829117000, "interestExpense": 81889000, "depreciationAndAmortization": 6862000, "ebitda": 467950000, "ebitdaratio": 0.344116053, "operatingIncome": 11428000, "operatingIncomeRatio": 0.0084038001, "totalOtherIncomeExpensesNet": 327230000, "incomeBeforeTax": 338658000, "incomeBeforeTaxRatio": 0.2490386885, "incomeTaxExpense": 106377000, "netIncome": 232668000, "netIncomeRatio": 0.1710968989, "eps": 3.53, "epsdiluted": 3.53, "weightedAverageShsOut": 65085627, "weightedAverageShsOutDil": 65143898, "link": "https://www.sec.gov/Archives/edgar/data/875357/000087535717000007/0000875357-17-000007-index.htm", "finalLink": "https://www.sec.gov/Archives/edgar/data/875357/000087535717000007/a20161231bokf10k.htm", "calculatedOtherExpenses": -40247000, "calculatedOperatingExpenses": 587527000, "calculatedNetInterest": 747228000, "calculatedOtherIncome": -419998000, "calculatedIncomeNonControlling": -387000, "calculatedEbitda": 18290000}, {"date": "2015-12-31", "symbol": "BOKF", "reportedCurrency": "USD", "cik": "0000875357", "fillingDate": "2016-02-29", "acceptedDate": "2016-02-29 15:37:57", "calendarYear": "2015", "period": "FY", "revenue": 1331210000, "costOfRevenue": 747228000, "grossProfit": 583982000, "grossProfitRatio": 0.438685106, "researchAndDevelopmentExpenses": 0, "generalAndAdministrativeExpenses": 557360000, "sellingAndMarketingExpenses": 27851000, "sellingGeneralAndAdministrativeExpenses": 585211000, "otherExpenses": 0, "operatingExpenses": 40123000, "costAndExpenses": 787351000, "interestIncome": 766828000, "interestExpense": 63474000, "depreciationAndAmortization": 4359000, "ebitda": 557405000, "ebitdaratio": 0.4187205625, "operatingIncome": -612522000, "operatingIncomeRatio": -0.4601242479, "totalOtherIncomeExpensesNet": 1044165000, "incomeBeforeTax": 431643000, "incomeBeforeTaxRatio": 0.3242486159, "incomeTaxExpense": 139384000, "netIncome": 288565000, "netIncomeRatio": 0.2167689546, "eps": 4.22, "epsdiluted": 4.21, "weightedAverageShsOut": 67594689, "weightedAverageShsOutDil": 67691658, "link": "https://www.sec.gov/Archives/edgar/data/875357/000087535716000044/0000875357-16-000044-index.htm", "finalLink": "https://www.sec.gov/Archives/edgar/data/875357/000087535716000044/a20151231bokf10k.htm", "calculatedOtherExpenses": 611293000, "calculatedOperatingExpenses": 1196504000, "calculatedNetInterest": 703354000, "calculatedOtherIncome": 340811000, "calculatedIncomeNonControlling": 3694000, "calculatedEbitda": -608163000}, {"date": "2014-12-31", "symbol": "BOKF", "reportedCurrency": "USD", "cik": "0000875357", "fillingDate": "2015-02-27", "acceptedDate": "2015-02-27 15:38:42", "calendarYear": "2014", "period": "FY", "revenue": 1247972000, "costOfRevenue": 693856000, "grossProfit": 554116000, "grossProfitRatio": 0.444013167, "researchAndDevelopmentExpenses": 0, "generalAndAdministrativeExpenses": 509027000, "sellingAndMarketingExpenses": 26649000, "sellingGeneralAndAdministrativeExpenses": 535676000, "otherExpenses": 0, "operatingExpenses": 44440000, "costAndExpenses": 738296000, "interestIncome": 732239000, "interestExpense": 67045000, "depreciationAndAmortization": 3965000, "ebitda": 550364000, "ebitdaratio": 0.4410066893, "operatingIncome": -553189000, "operatingIncomeRatio": -0.4432703618, "totalOtherIncomeExpensesNet": 983520000, "incomeBeforeTax": 430331000, "incomeBeforeTaxRatio": 0.3448242429, "incomeTaxExpense": 134852000, "netIncome": 292435000, "netIncomeRatio": 0.234328174, "eps": 4.23, "epsdiluted": 4.22, "weightedAverageShsOut": 68394194, "weightedAverageShsOutDil": 68544770, "link": "https://www.sec.gov/Archives/edgar/data/875357/000087535715000005/0000875357-15-000005-index.htm", "finalLink": "https://www.sec.gov/Archives/edgar/data/875357/000087535715000005/bokf-20141231x10k.htm", "calculatedOtherExpenses": 571629000, "calculatedOperatingExpenses": 1107305000, "calculatedNetInterest": 665194000, "calculatedOtherIncome": 318326000, "calculatedIncomeNonControlling": 3044000, "calculatedEbitda": -549224000}, {"date": "2013-12-31", "symbol": "BOKF", "reportedCurrency": "USD", "cik": "0000875357", "fillingDate": "2014-02-26", "acceptedDate": "2014-02-26 17:28:08", "calendarYear": "2013", "period": "FY", "revenue": 1257861000, "costOfRevenue": 687673000, "grossProfit": 570188000, "grossProfitRatio": 0.4532996889, "researchAndDevelopmentExpenses": 0, "generalAndAdministrativeExpenses": 535232000, "sellingAndMarketingExpenses": 22598000, "sellingGeneralAndAdministrativeExpenses": 557830000, "otherExpenses": 0, "operatingExpenses": 32552000, "costAndExpenses": 720225000, "interestIncome": 745371000, "interestExpense": 70894000, "depreciationAndAmortization": 3428000, "ebitda": 598062000, "ebitdaratio": 0.4754595301, "operatingIncome": -513015000, "operatingIncomeRatio": -0.407847131, "totalOtherIncomeExpensesNet": 989244000, "incomeBeforeTax": 476229000, "incomeBeforeTaxRatio": 0.3786022462, "incomeTaxExpense": 157298000, "netIncome": 316609000, "netIncomeRatio": 0.2517042821, "eps": 4.61, "epsdiluted": 4.59, "weightedAverageShsOut": 67988897, "weightedAverageShsOutDil": 68205519, "link": "https://www.sec.gov/Archives/edgar/data/875357/000087535714000005/0000875357-14-000005-index.htm", "finalLink": "https://www.sec.gov/Archives/edgar/data/875357/000087535714000005/bokf-20131231x10k.htm", "calculatedOtherExpenses": 525373000, "calculatedOperatingExpenses": 1083203000, "calculatedNetInterest": 674477000, "calculatedOtherIncome": 314767000, "calculatedIncomeNonControlling": 2322000, "calculatedEbitda": -509587000}, {"date": "2012-12-31", "symbol": "BOKF", "reportedCurrency": "USD", "cik": "0000875357", "fillingDate": "2013-02-27", "acceptedDate": "2013-02-27 16:56:50", "calendarYear": "2012", "period": "FY", "revenue": 1331472000, "costOfRevenue": 735764000, "grossProfit": 595708000, "grossProfitRatio": 0.4474055782, "researchAndDevelopmentExpenses": 0, "generalAndAdministrativeExpenses": 520617000, "sellingAndMarketingExpenses": 23338000, "sellingGeneralAndAdministrativeExpenses": 543955000, "otherExpenses": 0, "operatingExpenses": 34015000, "costAndExpenses": 769779000, "interestIncome": 791648000, "interestExpense": 87322000, "depreciationAndAmortization": 2927000, "ebitda": 682188000, "ebitdaratio": 0.5123562493, "operatingIncome": -530057000, "operatingIncomeRatio": -0.3980984955, "totalOtherIncomeExpensesNet": 1072921000, "incomeBeforeTax": 542864000, "incomeBeforeTaxRatio": 0.4077171732, "incomeTaxExpense": 188740000, "netIncome": 351191000, "netIncomeRatio": 0.263761461, "eps": 5.15, "epsdiluted": 5.13, "weightedAverageShsOut": 67684043, "weightedAverageShsOutDil": 67964940, "link": "https://www.sec.gov/Archives/edgar/data/875357/000087535713000008/0000875357-13-000008-index.htm", "finalLink": "https://www.sec.gov/Archives/edgar/data/875357/000087535713000008/bokf-20121231x10k.htm", "calculatedOtherExpenses": 581810000, "calculatedOperatingExpenses": 1125765000, "calculatedNetInterest": 704326000, "calculatedOtherIncome": 368595000, "calculatedIncomeNonControlling": 2933000, "calculatedEbitda": -527130000}, {"date": "2011-12-31", "symbol": "BOKF", "reportedCurrency": "USD", "cik": "0000875357", "fillingDate": "2012-02-28", "acceptedDate": "2012-02-28 17:13:25", "calendarYear": "2011", "period": "FY", "revenue": 1859529000, "costOfRevenue": 640458000, "grossProfit": 1219071000, "grossProfitRatio": 0.655580526, "researchAndDevelopmentExpenses": 0, "generalAndAdministrativeExpenses": 593788000, "sellingAndMarketingExpenses": 20549000, "sellingGeneralAndAdministrativeExpenses": 614337000, "otherExpenses": 23507000, "operatingExpenses": 28798000, "costAndExpenses": 669256000, "interestIncome": 811595000, "interestExpense": 120101000, "depreciationAndAmortization": 3583000, "ebitda": 614454000, "ebitdaratio": 0.3304352876, "operatingIncome": -406991000, "operatingIncomeRatio": -0.2188677886, "totalOtherIncomeExpensesNet": 855326000, "incomeBeforeTax": 448335000, "incomeBeforeTaxRatio": 0.2411013757, "incomeTaxExpense": 158511000, "netIncome": 285875000, "netIncomeRatio": 0.1537351663, "eps": 4.18, "epsdiluted": 4.17, "weightedAverageShsOut": 67787676, "weightedAverageShsOutDil": 68038763, "link": "https://www.sec.gov/Archives/edgar/data/875357/000087535712000010/0000875357-12-000010-index.htm", "finalLink": "https://www.sec.gov/Archives/edgar/data/875357/000087535712000010/form10k.htm", "calculatedOtherExpenses": 1011725000, "calculatedOperatingExpenses": 1626062000, "calculatedNetInterest": 691494000, "calculatedOtherIncome": 163832000, "calculatedIncomeNonControlling": 3949000, "calculatedEbitda": -403408000}, {"date": "2010-12-31", "symbol": "BOKF", "reportedCurrency": "USD", "cik": "0000875357", "fillingDate": "2011-02-28", "acceptedDate": "2011-02-28 15:20:35", "calendarYear": "2010", "period": "FY", "revenue": 1257769000, "costOfRevenue": 590213000, "grossProfit": 667556000, "grossProfitRatio": 0.5307461068, "researchAndDevelopmentExpenses": 0, "generalAndAdministrativeExpenses": 568340000, "sellingAndMarketingExpenses": 17726000, "sellingGeneralAndAdministrativeExpenses": 586066000, "otherExpenses": 27809000, "operatingExpenses": 34483000, "costAndExpenses": 624696000, "interestIncome": 851082000, "interestExpense": 142030000, "depreciationAndAmortization": 5336000, "ebitda": 571128000, "ebitdaratio": 0.4540802007, "operatingIncome": 226386000, "operatingIncomeRatio": 0.1799901254, "totalOtherIncomeExpensesNet": 145265000, "incomeBeforeTax": 371651000, "incomeBeforeTaxRatio": 0.2954843059, "incomeTaxExpense": 123357000, "netIncome": 246754000, "netIncomeRatio": 0.196183878, "eps": 3.63, "epsdiluted": 3.61, "weightedAverageShsOut": 67627735, "weightedAverageShsOutDil": 67831734, "link": "https://www.sec.gov/Archives/edgar/data/875357/000087535711000007/0000875357-11-000007-index.htm", "finalLink": "https://www.sec.gov/Archives/edgar/data/875357/000087535711000007/form10k.htm", "calculatedOtherExpenses": -144896000, "calculatedOperatingExpenses": 441170000, "calculatedNetInterest": 709052000, "calculatedOtherIncome": -563787000, "calculatedIncomeNonControlling": 1540000, "calculatedEbitda": 231722000}, {"date": "2009-12-31", "symbol": "BOKF", "reportedCurrency": "USD", "cik": "0000875357", "fillingDate": "2010-02-26", "acceptedDate": "2010-02-26 16:28:43", "calendarYear": "2009", "period": "FY", "revenue": 1237767000, "costOfRevenue": 0, "grossProfit": 1237767000, "grossProfitRatio": 1, "researchAndDevelopmentExpenses": 0, "generalAndAdministrativeExpenses": 538113000, "sellingAndMarketingExpenses": 19582000, "sellingGeneralAndAdministrativeExpenses": 557695000, "otherExpenses": 34413000, "operatingExpenses": 592108000, "costAndExpenses": 592108000, "interestIncome": 914569000, "interestExpense": 204205000, "depreciationAndAmortization": 87771000, "ebitda": 599259000, "ebitdaratio": 0.484145239, "operatingIncome": 511488000, "operatingIncomeRatio": 0.4132344779, "totalOtherIncomeExpensesNet": -200767000, "incomeBeforeTax": 310721000, "incomeBeforeTaxRatio": 0.2510335144, "incomeTaxExpense": 106705000, "netIncome": 200578000, "netIncomeRatio": 0.1620482692, "eps": 2.96, "epsdiluted": 2.96, "weightedAverageShsOut": 67375387, "weightedAverageShsOutDil": 67487944, "link": "https://www.sec.gov/Archives/edgar/data/875357/000087535710000008/0000875357-10-000008-index.htm", "finalLink": "https://www.sec.gov/Archives/edgar/data/875357/000087535710000008/tenk09.txt", "calculatedOtherExpenses": 168584000, "calculatedOperatingExpenses": 726279000, "calculatedNetInterest": 710364000, "calculatedOtherIncome": -911131000, "calculatedIncomeNonControlling": 3438000, "calculatedEbitda": 599259000}, {"date": "2008-12-31", "symbol": "BOKF", "reportedCurrency": "USD", "cik": "0000875357", "fillingDate": "2009-02-27", "acceptedDate": "2009-02-27 14:18:29", "calendarYear": "2008", "period": "FY", "revenue": 1083138000, "costOfRevenue": 0, "grossProfit": 1083138000, "grossProfitRatio": 1, "researchAndDevelopmentExpenses": 0, "generalAndAdministrativeExpenses": 16433000, "sellingAndMarketingExpenses": 23536000, "sellingGeneralAndAdministrativeExpenses": 39969000, "otherExpenses": -446562000, "operatingExpenses": -406593000, "costAndExpenses": -406593000, "interestIncome": 1061645000, "interestExpense": 414783000, "depreciationAndAmortization": 7661000, "ebitda": 684206000, "ebitdaratio": 0.6316886676, "operatingIncome": 676545000, "operatingIncomeRatio": 0.6246156999, "totalOtherIncomeExpensesNet": -458404000, "incomeBeforeTax": 218141000, "incomeBeforeTaxRatio": 0.2013972365, "incomeTaxExpense": 64909000, "netIncome": 153232000, "netIncomeRatio": 0.1414704313, "eps": 2.28, "epsdiluted": 2.27, "weightedAverageShsOut": 67274457, "weightedAverageShsOutDil": 67557220, "link": "https://www.sec.gov/Archives/edgar/data/875357/000087535709000007/0000875357-09-000007-index.htm", "finalLink": "https://www.sec.gov/Archives/edgar/data/875357/000087535709000007/tenk08.txt", "calculatedOtherExpenses": 366624000, "calculatedOperatingExpenses": 406593000, "calculatedNetInterest": 646862000, "calculatedOtherIncome": -1105266000, "calculatedIncomeNonControlling": 0, "calculatedEbitda": 684206000}, {"date": "2007-12-31", "symbol": "BOKF", "reportedCurrency": "USD", "cik": "0000875357", "fillingDate": "2008-02-29", "acceptedDate": "2008-02-29 16:07:52", "calendarYear": "2007", "period": "FY", "revenue": 943133000, "costOfRevenue": 0, "grossProfit": 943133000, "grossProfitRatio": 1, "researchAndDevelopmentExpenses": 0, "generalAndAdministrativeExpenses": 328705000, "sellingAndMarketingExpenses": 21888000, "sellingGeneralAndAdministrativeExpenses": 350593000, "otherExpenses": -344049000, "operatingExpenses": 6544000, "costAndExpenses": 6544000, "interestIncome": 1160737000, "interestExpense": 616252000, "depreciationAndAmortization": 41120000, "ebitda": 990797000, "ebitdaratio": 1.0505379411, "operatingIncome": 949677000, "operatingIncomeRatio": 1.006938576, "totalOtherIncomeExpensesNet": -616252000, "incomeBeforeTax": 333425000, "incomeBeforeTaxRatio": 0.3535291417, "incomeTaxExpense": 115761000, "netIncome": 217664000, "netIncomeRatio": 0.2307882345, "eps": 3.24, "epsdiluted": 3.22, "weightedAverageShsOut": 67083200, "weightedAverageShsOutDil": 67550538, "link": "https://www.sec.gov/Archives/edgar/data/875357/000087535708000013/0000875357-08-000013-index.htm", "finalLink": "https://www.sec.gov/Archives/edgar/data/875357/000087535708000013/tenk2007.txt", "calculatedOtherExpenses": -357137000, "calculatedOperatingExpenses": -6544000, "calculatedNetInterest": 544485000, "calculatedOtherIncome": -1160737000, "calculatedIncomeNonControlling": 0, "calculatedEbitda": 990797000}, {"date": "2006-12-31", "symbol": "BOKF", "reportedCurrency": "USD", "cik": "0000875357", "fillingDate": "2007-03-01", "acceptedDate": "2007-03-01 16:33:01", "calendarYear": "2006", "period": "FY", "revenue": 858311000, "costOfRevenue": 0, "grossProfit": 858311000, "grossProfitRatio": 1, "researchAndDevelopmentExpenses": 0, "generalAndAdministrativeExpenses": 296260000, "sellingAndMarketingExpenses": 19351000, "sellingGeneralAndAdministrativeExpenses": 315611000, "otherExpenses": -346579000, "operatingExpenses": -30968000, "costAndExpenses": -30968000, "interestIncome": 986429000, "interestExpense": 499741000, "depreciationAndAmortization": 40629000, "ebitda": 867972000, "ebitdaratio": 1.0112558269, "operatingIncome": 827343000, "operatingIncomeRatio": 0.9639198379, "totalOtherIncomeExpensesNet": -499741000, "incomeBeforeTax": 327602000, "incomeBeforeTaxRatio": 0.3816821642, "incomeTaxExpense": 114625000, "netIncome": 212977000, "netIncomeRatio": 0.248135, "eps": 3.19, "epsdiluted": 3.16, "weightedAverageShsOut": 66759384, "weightedAverageShsOutDil": 67310005, "link": "https://www.sec.gov/Archives/edgar/data/875357/000116923207001232/0001169232-07-001232-index.htm", "finalLink": "https://www.sec.gov/Archives/edgar/data/875357/000116923207001232/d71135_10-k.txt", "calculatedOtherExpenses": -284643000, "calculatedOperatingExpenses": 30968000, "calculatedNetInterest": 486688000, "calculatedOtherIncome": -986429000, "calculatedIncomeNonControlling": 0, "calculatedEbitda": 867972000}, {"date": "2005-12-31", "symbol": "BOKF", "reportedCurrency": "USD", "cik": "0000875357", "fillingDate": "2006-03-15", "acceptedDate": "2006-03-15 14:30:35", "calendarYear": "2005", "period": "FY", "revenue": 796287000, "costOfRevenue": 0, "grossProfit": 796287000, "grossProfitRatio": 1, "researchAndDevelopmentExpenses": 0, "generalAndAdministrativeExpenses": 258971000, "sellingAndMarketingExpenses": 17964000, "sellingGeneralAndAdministrativeExpenses": 276935000, "otherExpenses": -437889000, "operatingExpenses": -160954000, "costAndExpenses": -160954000, "interestIncome": 769934000, "interestExpense": 320593000, "depreciationAndAmortization": 44860000, "ebitda": 680193000, "ebitdaratio": 0.8542058328, "operatingIncome": 635333000, "operatingIncomeRatio": 0.7978693612, "totalOtherIncomeExpensesNet": -320593000, "incomeBeforeTax": 314740000, "incomeBeforeTaxRatio": 0.3952594981, "incomeTaxExpense": 113235000, "netIncome": 201505000, "netIncomeRatio": 0.253055745, "eps": 3.14, "epsdiluted": 3.01, "weightedAverageShsOut": 64067873, "weightedAverageShsOutDil": 67047064, "link": "https://www.sec.gov/Archives/edgar/data/875357/000087535706000012/0000875357-06-000012-index.htm", "finalLink": "https://www.sec.gov/Archives/edgar/data/875357/000087535706000012/tenk2005.txt", "calculatedOtherExpenses": -115981000, "calculatedOperatingExpenses": 160954000, "calculatedNetInterest": 449341000, "calculatedOtherIncome": -769934000, "calculatedIncomeNonControlling": 0, "calculatedEbitda": 680193000}, {"date": "2004-12-31", "symbol": "BOKF", "reportedCurrency": "USD", "cik": "0000875357", "fillingDate": "2005-03-16", "acceptedDate": "2005-03-16 15:05:27", "calendarYear": "2004", "period": "FY", "revenue": 732133000, "costOfRevenue": 0, "grossProfit": 732133000, "grossProfitRatio": 1, "researchAndDevelopmentExpenses": 0, "generalAndAdministrativeExpenses": 240661000, "sellingAndMarketingExpenses": 15618000, "sellingGeneralAndAdministrativeExpenses": 256279000, "otherExpenses": -526901000, "operatingExpenses": -270622000, "costAndExpenses": -270622000, "interestIncome": 614284000, "interestExpense": 191041000, "depreciationAndAmortization": 47298000, "ebitda": 508809000, "ebitdaratio": 0.6949679908, "operatingIncome": 461511000, "operatingIncomeRatio": 0.6303649747, "totalOtherIncomeExpensesNet": -191041000, "incomeBeforeTax": 270470000, "incomeBeforeTaxRatio": 0.3694274128, "incomeTaxExpense": 91447000, "netIncome": 179023000, "netIncomeRatio": 0.2445225116, "eps": 3, "epsdiluted": 2.68, "weightedAverageShsOut": 59128395, "weightedAverageShsOutDil": 66732496, "link": "https://www.sec.gov/Archives/edgar/data/875357/000087535705000011/0000875357-05-000011-index.htm", "finalLink": "https://www.sec.gov/Archives/edgar/data/875357/000087535705000011/tenk2004.txt", "calculatedOtherExpenses": 14343000, "calculatedOperatingExpenses": 270622000, "calculatedNetInterest": 423243000, "calculatedOtherIncome": -614284000, "calculatedIncomeNonControlling": 0, "calculatedEbitda": 508809000}, {"date": "2003-12-31", "symbol": "BOKF", "reportedCurrency": "USD", "cik": "0000875357", "fillingDate": "2004-03-12", "acceptedDate": "2004-03-12 15:40:53", "calendarYear": "2003", "period": "FY", "revenue": 693021000, "costOfRevenue": 0, "grossProfit": 693021000, "grossProfitRatio": 1, "researchAndDevelopmentExpenses": 0, "generalAndAdministrativeExpenses": 222922000, "sellingAndMarketingExpenses": 17935000, "sellingGeneralAndAdministrativeExpenses": 240857000, "otherExpenses": -511460000, "operatingExpenses": -270603000, "costAndExpenses": -270603000, "interestIncome": 565173000, "interestExpense": 175144000, "depreciationAndAmortization": 73390000, "ebitda": 495808000, "ebitdaratio": 0.7154299798, "operatingIncome": 422418000, "operatingIncomeRatio": 0.6095313129, "totalOtherIncomeExpensesNet": -175144000, "incomeBeforeTax": 247274000, "incomeBeforeTaxRatio": 0.3568059265, "incomeTaxExpense": 88914000, "netIncome": 158360000, "netIncomeRatio": 0.2285067841, "eps": 2.67, "epsdiluted": 2.38, "weightedAverageShsOut": 58699951, "weightedAverageShsOutDil": 66509120, "link": "https://www.sec.gov/Archives/edgar/data/875357/000087535704000004/0000875357-04-000004-index.htm", "finalLink": "https://www.sec.gov/Archives/edgar/data/875357/000087535704000004/tenk2003.txt", "calculatedOtherExpenses": 29746000, "calculatedOperatingExpenses": 270603000, "calculatedNetInterest": 390029000, "calculatedOtherIncome": -565173000, "calculatedIncomeNonControlling": 0, "calculatedEbitda": 495808000}, {"date": "2002-12-31", "symbol": "BOKF", "reportedCurrency": "USD", "cik": "0000875357", "fillingDate": "2003-03-26", "acceptedDate": "2003-03-26 14:53:02", "calendarYear": "2002", "period": "FY", "revenue": 692198000, "costOfRevenue": 0, "grossProfit": 692198000, "grossProfitRatio": 1, "researchAndDevelopmentExpenses": 0, "generalAndAdministrativeExpenses": 183314000, "sellingAndMarketingExpenses": 11367000, "sellingGeneralAndAdministrativeExpenses": 194681000, "otherExpenses": -447336000, "operatingExpenses": -252655000, "costAndExpenses": -252655000, "interestIncome": 574913000, "interestExpense": 206712000, "depreciationAndAmortization": 71608000, "ebitda": 511151000, "ebitdaratio": 0.7384462249, "operatingIncome": 439543000, "operatingIncomeRatio": 0.634996056, "totalOtherIncomeExpensesNet": -206712000, "incomeBeforeTax": 232831000, "incomeBeforeTaxRatio": 0.3363647396, "incomeTaxExpense": 82422000, "netIncome": 150409000, "netIncomeRatio": 0.2172918731, "eps": 2.58, "epsdiluted": 2.3, "weightedAverageShsOut": 56613689, "weightedAverageShsOutDil": 64353558, "link": "https://www.sec.gov/Archives/edgar/data/875357/000087535703000007/0000875357-03-000007-index.htm", "finalLink": "https://www.sec.gov/Archives/edgar/data/875357/000087535703000007/tenk2002.txt", "calculatedOtherExpenses": 57974000, "calculatedOperatingExpenses": 252655000, "calculatedNetInterest": 368201000, "calculatedOtherIncome": -574913000, "calculatedIncomeNonControlling": 0, "calculatedEbitda": 511151000}, {"date": "2001-12-31", "symbol": "BOKF", "reportedCurrency": "USD", "cik": "0000875357", "fillingDate": "2002-03-27", "acceptedDate": "2002-03-27 00:00:00", "calendarYear": "2001", "period": "FY", "revenue": 590112000, "costOfRevenue": 0, "grossProfit": 590112000, "grossProfitRatio": 1, "researchAndDevelopmentExpenses": 0, "generalAndAdministrativeExpenses": 163835000, "sellingAndMarketingExpenses": 10658000, "sellingGeneralAndAdministrativeExpenses": 174493000, "otherExpenses": -256832000, "operatingExpenses": -82339000, "costAndExpenses": -82339000, "interestIncome": 654633000, "interestExpense": 327859000, "depreciationAndAmortization": 63550000, "ebitda": 571323000, "ebitdaratio": 0.9681602814, "operatingIncome": 507773000, "operatingIncomeRatio": 0.8604688601, "totalOtherIncomeExpensesNet": -328095000, "incomeBeforeTax": 179678000, "incomeBeforeTaxRatio": 0.3044811832, "incomeTaxExpense": 63612000, "netIncome": 116302000, "netIncomeRatio": 0.1970846212, "eps": 2.12, "epsdiluted": 1.89, "weightedAverageShsOut": 54127040, "weightedAverageShsOutDil": 61516094, "link": "https://www.sec.gov/Archives/edgar/data/875357/000087535702000002/0000875357-02-000002-index.htm", "finalLink": "https://www.sec.gov/Archives/edgar/data/875357/000087535702000002/f10k.txt", "calculatedOtherExpenses": -92154000, "calculatedOperatingExpenses": 82339000, "calculatedNetInterest": 326774000, "calculatedOtherIncome": -654869000, "calculatedIncomeNonControlling": -236000, "calculatedEbitda": 571323000}, {"date": "2000-12-31", "symbol": "BOKF", "reportedCurrency": "USD", "cik": "0000875357", "fillingDate": "2001-03-28", "acceptedDate": "2001-03-28 00:00:00", "calendarYear": "2000", "period": "FY", "revenue": 467790000, "costOfRevenue": 0, "grossProfit": 467790000, "grossProfitRatio": 1, "researchAndDevelopmentExpenses": 0, "generalAndAdministrativeExpenses": 146215000, "sellingAndMarketingExpenses": 8395000, "sellingGeneralAndAdministrativeExpenses": 154610000, "otherExpenses": -104786000, "operatingExpenses": 49824000, "costAndExpenses": 49824000, "interestIncome": 638730000, "interestExpense": 369843000, "depreciationAndAmortization": 49469000, "ebitda": 567083000, "ebitdaratio": 1.2122597747, "operatingIncome": 517614000, "operatingIncomeRatio": 1.1065093311, "totalOtherIncomeExpensesNet": -369843000, "incomeBeforeTax": 147771000, "incomeBeforeTaxRatio": 0.3158917463, "incomeTaxExpense": 47631000, "netIncome": 100140000, "netIncomeRatio": 0.2140704162, "eps": 1.84, "epsdiluted": 1.65, "weightedAverageShsOut": 53751055, "weightedAverageShsOutDil": 60820245, "link": "https://www.sec.gov/Archives/edgar/data/875357/000087535701000002/0000875357-01-000002-index.htm", "finalLink": "https://www.sec.gov/Archives/edgar/data/875357/000087535701000002/0000875357-01-000002-0001.txt", "calculatedOtherExpenses": -204434000, "calculatedOperatingExpenses": -49824000, "calculatedNetInterest": 268887000, "calculatedOtherIncome": -638730000, "calculatedIncomeNonControlling": 0, "calculatedEbitda": 567083000}, {"date": "1999-12-31", "symbol": "BOKF", "reportedCurrency": "USD", "cik": "0000875357", "fillingDate": "2000-03-29", "acceptedDate": "2000-03-29 00:00:00", "calendarYear": "1999", "period": "FY", "revenue": 424600000, "costOfRevenue": 0, "grossProfit": 424600000, "grossProfitRatio": 1, "researchAndDevelopmentExpenses": 0, "generalAndAdministrativeExpenses": 136000000, "sellingAndMarketingExpenses": 9100000, "sellingGeneralAndAdministrativeExpenses": 145100000, "otherExpenses": -171800000, "operatingExpenses": -26700000, "costAndExpenses": -26700000, "interestIncome": 500300000, "interestExpense": 264200000, "depreciationAndAmortization": 42500000, "ebitda": 440400000, "ebitdaratio": 1.0372114932, "operatingIncome": 397900000, "operatingIncomeRatio": 0.9371172869, "totalOtherIncomeExpensesNet": -264200000, "incomeBeforeTax": 133700000, "incomeBeforeTaxRatio": 0.3148845973, "incomeTaxExpense": 44500000, "netIncome": 89200000, "netIncomeRatio": 0.2100800754, "eps": 1.63, "epsdiluted": 1.46, "weightedAverageShsOut": 53679790, "weightedAverageShsOutDil": 61107053, "link": "https://www.sec.gov/Archives/edgar/data/875357/000087535700000005/0000875357-00-000005-index.html", "finalLink": "https://www.sec.gov/Archives/edgar/data/875357/000087535700000005/", "calculatedOtherExpenses": -118400000, "calculatedOperatingExpenses": 26700000, "calculatedNetInterest": 236100000, "calculatedOtherIncome": -500300000, "calculatedIncomeNonControlling": 0, "calculatedEbitda": 440400000}, {"date": "1998-12-31", "symbol": "BOKF", "reportedCurrency": "USD", "cik": "0000875357", "fillingDate": "1999-03-22", "acceptedDate": "1999-03-22 00:00:00", "calendarYear": "1998", "period": "FY", "revenue": 355100000, "costOfRevenue": 0, "grossProfit": 355100000, "grossProfitRatio": 1, "researchAndDevelopmentExpenses": 0, "generalAndAdministrativeExpenses": 106000000, "sellingAndMarketingExpenses": 8000000, "sellingGeneralAndAdministrativeExpenses": 114000000, "otherExpenses": -152900000, "operatingExpenses": -38900000, "costAndExpenses": -38900000, "interestIncome": 386600000, "interestExpense": 204300000, "depreciationAndAmortization": 40000000, "ebitda": 356200000, "ebitdaratio": 1.003097719, "operatingIncome": 316200000, "operatingIncomeRatio": 0.8904533934, "totalOtherIncomeExpensesNet": -204300000, "incomeBeforeTax": 111900000, "incomeBeforeTaxRatio": 0.3151225007, "incomeTaxExpense": 37200000, "netIncome": 74700000, "netIncomeRatio": 0.2103632779, "eps": 1.41, "epsdiluted": 1.26, "weightedAverageShsOut": 55124044, "weightedAverageShsOutDil": 62896808, "link": "https://www.sec.gov/Archives/edgar/data/875357/000095013499001835/0000950134-99-001835-index.html", "finalLink": "https://www.sec.gov/Archives/edgar/data/875357/", "calculatedOtherExpenses": -75100000, "calculatedOperatingExpenses": 38900000, "calculatedNetInterest": 182300000, "calculatedOtherIncome": -386600000, "calculatedIncomeNonControlling": 0, "calculatedEbitda": 356200000}, {"date": "1997-12-31", "symbol": "BOKF", "reportedCurrency": "USD", "cik": "0000875357", "fillingDate": "1998-03-23", "acceptedDate": "1998-03-23 00:00:00", "calendarYear": "1997", "period": "FY", "revenue": 285300000, "costOfRevenue": 0, "grossProfit": 285300000, "grossProfitRatio": 1, "researchAndDevelopmentExpenses": 0, "generalAndAdministrativeExpenses": 87700000, "sellingAndMarketingExpenses": 8700000, "sellingGeneralAndAdministrativeExpenses": 96400000, "otherExpenses": -111700000, "operatingExpenses": -15300000, "costAndExpenses": -15300000, "interestIncome": 344500000, "interestExpense": 188900000, "depreciationAndAmortization": 35300000, "ebitda": 305300000, "ebitdaratio": 1.0701016474, "operatingIncome": 270000000, "operatingIncomeRatio": 0.9463722397, "totalOtherIncomeExpensesNet": -188900000, "incomeBeforeTax": 81100000, "incomeBeforeTaxRatio": 0.2842621802, "incomeTaxExpense": 16500000, "netIncome": 64600000, "netIncomeRatio": 0.2264283211, "eps": 1.22, "epsdiluted": 1.09, "weightedAverageShsOut": 56036264, "weightedAverageShsOutDil": 62707166, "link": "https://www.sec.gov/Archives/edgar/data/875357/000087535798000006/0000875357-98-000006-index.html", "finalLink": "https://www.sec.gov/Archives/edgar/data/875357/", "calculatedOtherExpenses": -81100000, "calculatedOperatingExpenses": 15300000, "calculatedNetInterest": 155600000, "calculatedOtherIncome": -344500000, "calculatedIncomeNonControlling": 0, "calculatedEbitda": 305300000}, {"date": "1996-12-31", "symbol": "BOKF", "reportedCurrency": "USD", "cik": "0000875357", "fillingDate": "1997-03-27", "acceptedDate": "1997-03-27 00:00:00", "calendarYear": "1996", "period": "FY", "revenue": 232700000, "costOfRevenue": 0, "grossProfit": 232700000, "grossProfitRatio": 1, "researchAndDevelopmentExpenses": 0, "generalAndAdministrativeExpenses": 71900000, "sellingAndMarketingExpenses": 6400000, "sellingGeneralAndAdministrativeExpenses": 78300000, "otherExpenses": -78500000, "operatingExpenses": -200000, "costAndExpenses": -200000, "interestIncome": 290500000, "interestExpense": 163100000, "depreciationAndAmortization": 26600000, "ebitda": 259100000, "ebitdaratio": 1.113450795, "operatingIncome": 232500000, "operatingIncomeRatio": 0.9991405243, "totalOtherIncomeExpensesNet": -163100000, "incomeBeforeTax": 69400000, "incomeBeforeTaxRatio": 0.2982380748, "incomeTaxExpense": 15300000, "netIncome": 54100000, "netIncomeRatio": 0.2324881822, "eps": 1.01, "epsdiluted": 0.91, "weightedAverageShsOut": 52231176, "weightedAverageShsOutDil": 59540055, "link": "https://www.sec.gov/Archives/edgar/data/875357/000087535797000004/0000875357-97-000004-index.html", "finalLink": "https://www.sec.gov/Archives/edgar/data/875357/", "calculatedOtherExpenses": -78100000, "calculatedOperatingExpenses": 200000, "calculatedNetInterest": 127400000, "calculatedOtherIncome": -290500000, "calculatedIncomeNonControlling": 0, "calculatedEbitda": 259100000}, {"date": "1995-12-31", "symbol": "BOKF", "reportedCurrency": "USD", "cik": "0000875357", "fillingDate": "1996-11-18", "acceptedDate": "1996-11-18 00:00:00", "calendarYear": "1995", "period": "FY", "revenue": 206400000, "costOfRevenue": 0, "grossProfit": 206400000, "grossProfitRatio": 1, "researchAndDevelopmentExpenses": 0, "generalAndAdministrativeExpenses": 67300000, "sellingAndMarketingExpenses": 6000000, "sellingGeneralAndAdministrativeExpenses": 73300000, "otherExpenses": -55500000, "operatingExpenses": 17800000, "costAndExpenses": 17800000, "interestIncome": 275500000, "interestExpense": 160200000, "depreciationAndAmortization": 21500000, "ebitda": 245700000, "ebitdaratio": 1.1904069767, "operatingIncome": 224200000, "operatingIncomeRatio": 1.0862403101, "totalOtherIncomeExpensesNet": -160200000, "incomeBeforeTax": 64000000, "incomeBeforeTaxRatio": 0.3100775194, "incomeTaxExpense": 14800000, "netIncome": 49200000, "netIncomeRatio": 0.238372093, "eps": 0.92, "epsdiluted": 0.84, "weightedAverageShsOut": 51925539, "weightedAverageShsOutDil": 58863172, "link": "https://www.sec.gov/Archives/edgar/data/875357/000093066196001657/0000930661-96-001657-index.html", "finalLink": "https://www.sec.gov/Archives/edgar/data/875357/", "calculatedOtherExpenses": -91100000, "calculatedOperatingExpenses": -17800000, "calculatedNetInterest": 115300000, "calculatedOtherIncome": -275500000, "calculatedIncomeNonControlling": 0, "calculatedEbitda": 245700000}, {"date": "1994-12-31", "symbol": "BOKF", "reportedCurrency": "USD", "cik": "0000875357", "fillingDate": "1994-12-31", "acceptedDate": "1994-12-30 19:00:00", "calendarYear": "1994", "period": "FY", "revenue": 193400000, "costOfRevenue": 0, "grossProfit": 193400000, "grossProfitRatio": 1, "researchAndDevelopmentExpenses": 0, "generalAndAdministrativeExpenses": 63100000, "sellingAndMarketingExpenses": 6200000, "sellingGeneralAndAdministrativeExpenses": 69300000, "otherExpenses": -98900000, "operatingExpenses": -29600000, "costAndExpenses": -29600000, "interestIncome": 223100000, "interestExpense": 104100000, "depreciationAndAmortization": 23800000, "ebitda": 187600000, "ebitdaratio": 0.9700103413, "operatingIncome": 163800000, "operatingIncomeRatio": 0.8469493278, "totalOtherIncomeExpensesNet": -104100000, "incomeBeforeTax": 59700000, "incomeBeforeTaxRatio": 0.3086866598, "incomeTaxExpense": 14600000, "netIncome": 45100000, "netIncomeRatio": 0.2331954498, "eps": 0.84, "epsdiluted": 0.76, "weightedAverageShsOut": 53865218, "weightedAverageShsOutDil": 59374214, "link": "", "finalLink": "", "calculatedOtherExpenses": -39700000, "calculatedOperatingExpenses": 29600000, "calculatedNetInterest": 119000000, "calculatedOtherIncome": -223100000, "calculatedIncomeNonControlling": 0, "calculatedEbitda": 187600000}, {"date": "1993-12-31", "symbol": "BOKF", "reportedCurrency": "USD", "cik": "0000875357", "fillingDate": "1993-12-31", "acceptedDate": "1993-12-30 19:00:00", "calendarYear": "1993", "period": "FY", "revenue": 170200000, "costOfRevenue": 0, "grossProfit": 170200000, "grossProfitRatio": 1, "researchAndDevelopmentExpenses": 0, "generalAndAdministrativeExpenses": 57400000, "sellingAndMarketingExpenses": 5300000, "sellingGeneralAndAdministrativeExpenses": 62700000, "otherExpenses": -113000000, "operatingExpenses": -50300000, "costAndExpenses": -50300000, "interestIncome": 166400000, "interestExpense": 69500000, "depreciationAndAmortization": 13300000, "ebitda": 133200000, "ebitdaratio": 0.7826086957, "operatingIncome": 119900000, "operatingIncomeRatio": 0.7044653349, "totalOtherIncomeExpensesNet": -71100000, "incomeBeforeTax": 48800000, "incomeBeforeTaxRatio": 0.2867215041, "incomeTaxExpense": 14600000, "netIncome": 35800000, "netIncomeRatio": 0.2103407756, "eps": 0.74, "epsdiluted": 0.67, "weightedAverageShsOut": 48226790, "weightedAverageShsOutDil": 53173081, "link": "", "finalLink": "", "calculatedOtherExpenses": -12400000, "calculatedOperatingExpenses": 50300000, "calculatedNetInterest": 96900000, "calculatedOtherIncome": -168000000, "calculatedIncomeNonControlling": -1600000, "calculatedEbitda": 133200000}, {"date": "1992-12-31", "symbol": "BOKF", "reportedCurrency": "USD", "cik": "0000875357", "fillingDate": "1992-12-31", "acceptedDate": "1992-12-30 19:00:00", "calendarYear": "1992", "period": "FY", "revenue": 138900000, "costOfRevenue": 0, "grossProfit": 138900000, "grossProfitRatio": 1, "researchAndDevelopmentExpenses": 0, "generalAndAdministrativeExpenses": 49200000, "sellingAndMarketingExpenses": 3300000, "sellingGeneralAndAdministrativeExpenses": 52500000, "otherExpenses": -98400000, "operatingExpenses": -45900000, "costAndExpenses": -45900000, "interestIncome": 136200000, "interestExpense": 57400000, "depreciationAndAmortization": 8800000, "ebitda": 101800000, "ebitdaratio": 0.7329013679, "operatingIncome": 93000000, "operatingIncomeRatio": 0.6695464363, "totalOtherIncomeExpensesNet": -57400000, "incomeBeforeTax": 35600000, "incomeBeforeTaxRatio": 0.256299496, "incomeTaxExpense": 10000000, "netIncome": 25600000, "netIncomeRatio": 0.1843052556, "eps": 0.63, "epsdiluted": 0.54, "weightedAverageShsOut": 40627569, "weightedAverageShsOutDil": 47076391, "link": "", "finalLink": "", "calculatedOtherExpenses": -6600000, "calculatedOperatingExpenses": 45900000, "calculatedNetInterest": 78800000, "calculatedOtherIncome": -136200000, "calculatedIncomeNonControlling": 0, "calculatedEbitda": 101800000}, {"date": "1991-12-31", "symbol": "BOKF", "reportedCurrency": "USD", "cik": "0000875357", "fillingDate": "1991-12-31", "acceptedDate": "1991-12-30 19:00:00", "calendarYear": "1991", "period": "FY", "revenue": 69600000, "costOfRevenue": 0, "grossProfit": 69600000, "grossProfitRatio": 1, "researchAndDevelopmentExpenses": 0, "generalAndAdministrativeExpenses": 26100000, "sellingAndMarketingExpenses": 2400000, "sellingGeneralAndAdministrativeExpenses": 28500000, "otherExpenses": -38700000, "operatingExpenses": -10200000, "costAndExpenses": -10200000, "interestIncome": 85100000, "interestExpense": 45800000, "depreciationAndAmortization": 3500000, "ebitda": 62900000, "ebitdaratio": 0.9037356322, "operatingIncome": 59400000, "operatingIncomeRatio": 0.8534482759, "totalOtherIncomeExpensesNet": -45800000, "incomeBeforeTax": 13600000, "incomeBeforeTaxRatio": 0.1954022989, "incomeTaxExpense": 5100000, "netIncome": 8500000, "netIncomeRatio": 0.1221264368, "eps": 0.41, "epsdiluted": 0.35, "weightedAverageShsOut": 20515445, "weightedAverageShsOutDil": 24618628, "link": "", "finalLink": "", "calculatedOtherExpenses": -18300000, "calculatedOperatingExpenses": 10200000, "calculatedNetInterest": 39300000, "calculatedOtherIncome": -85100000, "calculatedIncomeNonControlling": 0, "calculatedEbitda": 62900000}]}