{"originalCurrency": "USD", "convertedCurrency": "USD", "report": [{"date": "2024-03-30", "symbol": "BOOT", "reportedCurrency": "USD", "cik": "0001610250", "fillingDate": "2024-05-15", "acceptedDate": "2024-05-14 18:41:48", "calendarYear": "2024", "period": "FY", "revenue": 1667009000, "costOfRevenue": 1052638999, "grossProfit": 614370001, "grossProfitRatio": 0.3685463012, "researchAndDevelopmentExpenses": 0, "generalAndAdministrativeExpenses": 0, "sellingAndMarketingExpenses": 0, "sellingGeneralAndAdministrativeExpenses": 416156000, "otherExpenses": 1396000, "operatingExpenses": 416156000, "costAndExpenses": 1468795000, "interestIncome": 0, "interestExpense": 2238000, "depreciationAndAmortization": 104733000, "ebitda": 302947000, "ebitdaratio": 0.1817308725, "operatingIncome": 198214000, "operatingIncomeRatio": 0.1189039771, "totalOtherIncomeExpensesNet": -842000, "incomeBeforeTax": 197372000, "incomeBeforeTaxRatio": 0.1183988809, "incomeTaxExpense": 50376000, "netIncome": 146996000, "netIncomeRatio": 0.0881794879, "eps": 4.87, "epsdiluted": 4.8, "weightedAverageShsOut": 30167000, "weightedAverageShsOutDil": 30611000, "link": "https://www.sec.gov/Archives/edgar/data/1610250/000155837024008176/0001558370-24-008176-index.htm", "finalLink": "https://www.sec.gov/Archives/edgar/data/1610250/000155837024008176/boot-20240330x10k.htm", "calculatedOtherExpenses": 1, "calculatedOperatingExpenses": 416156001, "calculatedNetInterest": -2238000, "calculatedOtherIncome": 1396000, "calculatedIncomeNonControlling": 0, "calculatedEbitda": 302947000}, {"date": "2023-04-01", "symbol": "BOOT", "reportedCurrency": "USD", "cik": "0001610250", "fillingDate": "2023-05-18", "acceptedDate": "2023-05-18 17:06:22", "calendarYear": "2023", "period": "FY", "revenue": 1657615000, "costOfRevenue": 1047043000, "grossProfit": 610572000, "grossProfitRatio": 0.3683436745, "researchAndDevelopmentExpenses": 0, "generalAndAdministrativeExpenses": 0, "sellingAndMarketingExpenses": 0, "sellingGeneralAndAdministrativeExpenses": 378785000, "otherExpenses": -29000, "operatingExpenses": 378785000, "costAndExpenses": 1425828000, "interestIncome": 5880000, "interestExpense": 5880000, "depreciationAndAmortization": 35916000, "ebitda": 267703000, "ebitdaratio": 0.1614989005, "operatingIncome": 231787000, "operatingIncomeRatio": 0.1398316256, "totalOtherIncomeExpensesNet": -5909000, "incomeBeforeTax": 225878000, "incomeBeforeTaxRatio": 0.1362668653, "incomeTaxExpense": 55325000, "netIncome": 170553000, "netIncomeRatio": 0.1028905988, "eps": 5.72, "epsdiluted": 5.62, "weightedAverageShsOut": 29805000, "weightedAverageShsOutDil": 30370000, "link": "https://www.sec.gov/Archives/edgar/data/1610250/000155837023010209/0001558370-23-010209-index.htm", "finalLink": "https://www.sec.gov/Archives/edgar/data/1610250/000155837023010209/boot-20230401x10k.htm", "calculatedOtherExpenses": 0, "calculatedOperatingExpenses": 378785000, "calculatedNetInterest": 0, "calculatedOtherIncome": -5909000, "calculatedIncomeNonControlling": 0, "calculatedEbitda": 267703000}, {"date": "2022-03-26", "symbol": "BOOT", "reportedCurrency": "USD", "cik": "0001610250", "fillingDate": "2022-05-12", "acceptedDate": "2022-05-11 19:53:15", "calendarYear": "2022", "period": "FY", "revenue": 1488256000, "costOfRevenue": 913183000, "grossProfit": 575073000, "grossProfitRatio": 0.3864073116, "researchAndDevelopmentExpenses": 0, "generalAndAdministrativeExpenses": 0, "sellingAndMarketingExpenses": 0, "sellingGeneralAndAdministrativeExpenses": 316735000, "otherExpenses": 35000, "operatingExpenses": 316735000, "costAndExpenses": 1229918000, "interestIncome": 5780000, "interestExpense": 5780000, "depreciationAndAmortization": 27387000, "ebitda": 285725000, "ebitdaratio": 0.1919864593, "operatingIncome": 258338000, "operatingIncomeRatio": 0.1735843833, "totalOtherIncomeExpensesNet": -5745000, "incomeBeforeTax": 252593000, "incomeBeforeTaxRatio": 0.1697241604, "incomeTaxExpense": 60143000, "netIncome": 192450000, "netIncomeRatio": 0.1293124301, "eps": 6.51, "epsdiluted": 6.33, "weightedAverageShsOut": 29556000, "weightedAverageShsOutDil": 30391000, "link": "https://www.sec.gov/Archives/edgar/data/1610250/000155837022008393/0001558370-22-008393-index.htm", "finalLink": "https://www.sec.gov/Archives/edgar/data/1610250/000155837022008393/boot-20220326x10k.htm", "calculatedOtherExpenses": 0, "calculatedOperatingExpenses": 316735000, "calculatedNetInterest": 0, "calculatedOtherIncome": -5745000, "calculatedIncomeNonControlling": 0, "calculatedEbitda": 285725000}, {"date": "2021-03-27", "symbol": "BOOT", "reportedCurrency": "USD", "cik": "0001610250", "fillingDate": "2021-05-13", "acceptedDate": "2021-05-13 17:02:30", "calendarYear": "2021", "period": "FY", "revenue": 893491000, "costOfRevenue": 598612000, "grossProfit": 294879000, "grossProfitRatio": 0.330030185, "researchAndDevelopmentExpenses": 0, "generalAndAdministrativeExpenses": 0, "sellingAndMarketingExpenses": 0, "sellingGeneralAndAdministrativeExpenses": 208553000, "otherExpenses": 366000, "operatingExpenses": 208553000, "costAndExpenses": 807165000, "interestIncome": 9442000, "interestExpense": 9442000, "depreciationAndAmortization": 58745000, "ebitda": 145071000, "ebitdaratio": 0.1623642544, "operatingIncome": 86326000, "operatingIncomeRatio": 0.09661653, "totalOtherIncomeExpensesNet": -9076000, "incomeBeforeTax": 77250000, "incomeBeforeTaxRatio": 0.0864586213, "incomeTaxExpense": 17864000, "netIncome": 59386000, "netIncomeRatio": 0.0664651351, "eps": 2.05, "epsdiluted": 2.01, "weightedAverageShsOut": 28930000, "weightedAverageShsOutDil": 29477000, "link": "https://www.sec.gov/Archives/edgar/data/1610250/000155837021007103/0001558370-21-007103-index.htm", "finalLink": "https://www.sec.gov/Archives/edgar/data/1610250/000155837021007103/boot-20210327x10k.htm", "calculatedOtherExpenses": 0, "calculatedOperatingExpenses": 208553000, "calculatedNetInterest": 0, "calculatedOtherIncome": -9076000, "calculatedIncomeNonControlling": 0, "calculatedEbitda": 145071000}, {"date": "2020-03-28", "symbol": "BOOT", "reportedCurrency": "USD", "cik": "0001610250", "fillingDate": "2020-05-22", "acceptedDate": "2020-05-22 16:32:48", "calendarYear": "2020", "period": "FY", "revenue": 845575000, "costOfRevenue": 569084000, "grossProfit": 276491000, "grossProfitRatio": 0.3269857789, "researchAndDevelopmentExpenses": 0, "generalAndAdministrativeExpenses": 0, "sellingAndMarketingExpenses": 0, "sellingGeneralAndAdministrativeExpenses": 202823000, "otherExpenses": -45000, "operatingExpenses": 202823000, "costAndExpenses": 771907000, "interestIncome": 13310000, "interestExpense": 13310000, "depreciationAndAmortization": 52429000, "ebitda": 126097000, "ebitdaratio": 0.1491257428, "operatingIncome": 73668000, "operatingIncomeRatio": 0.087121781, "totalOtherIncomeExpensesNet": -13355000, "incomeBeforeTax": 60313000, "incomeBeforeTaxRatio": 0.0713277947, "incomeTaxExpense": 12364000, "netIncome": 47949000, "netIncomeRatio": 0.0567057919, "eps": 1.68, "epsdiluted": 1.64, "weightedAverageShsOut": 28583000, "weightedAverageShsOutDil": 29220000, "link": "https://www.sec.gov/Archives/edgar/data/1610250/000155837020006925/0001558370-20-006925-index.htm", "finalLink": "https://www.sec.gov/Archives/edgar/data/1610250/000155837020006925/boot-20200522x10k.htm", "calculatedOtherExpenses": 0, "calculatedOperatingExpenses": 202823000, "calculatedNetInterest": 0, "calculatedOtherIncome": -13355000, "calculatedIncomeNonControlling": 0, "calculatedEbitda": 126097000}, {"date": "2019-03-30", "symbol": "BOOT", "reportedCurrency": "USD", "cik": "0001610250", "fillingDate": "2019-05-24", "acceptedDate": "2019-05-23 18:16:36", "calendarYear": "2019", "period": "FY", "revenue": 776854000, "costOfRevenue": 525420000, "grossProfit": 251434000, "grossProfitRatio": 0.3236566974, "researchAndDevelopmentExpenses": 0, "generalAndAdministrativeExpenses": 159412000, "sellingAndMarketingExpenses": 27700000, "sellingGeneralAndAdministrativeExpenses": 187112000, "otherExpenses": 5000, "operatingExpenses": 187112000, "costAndExpenses": 712532000, "interestIncome": 16331000, "interestExpense": 16331000, "depreciationAndAmortization": 18902000, "ebitda": 83229000, "ebitdaratio": 0.1071359612, "operatingIncome": 64322000, "operatingIncomeRatio": 0.0827980547, "totalOtherIncomeExpensesNet": 5000, "incomeBeforeTax": 47996000, "incomeBeforeTaxRatio": 0.0617825228, "incomeTaxExpense": 8974000, "netIncome": 39022000, "netIncomeRatio": 0.0502308027, "eps": 1.39, "epsdiluted": 1.35, "weightedAverageShsOut": 28092000, "weightedAverageShsOutDil": 28813000, "link": "https://www.sec.gov/Archives/edgar/data/1610250/000155837019005281/0001558370-19-005281-index.htm", "finalLink": "https://www.sec.gov/Archives/edgar/data/1610250/000155837019005281/boot-20190330x10k.htm", "calculatedOtherExpenses": 0, "calculatedOperatingExpenses": 187112000, "calculatedNetInterest": 0, "calculatedOtherIncome": -16326000, "calculatedIncomeNonControlling": 0, "calculatedEbitda": 83224000}, {"date": "2018-03-31", "symbol": "BOOT", "reportedCurrency": "USD", "cik": "0001610250", "fillingDate": "2018-05-16", "acceptedDate": "2018-05-16 16:02:40", "calendarYear": "2018", "period": "FY", "revenue": 677949000, "costOfRevenue": 470034000, "grossProfit": 207915000, "grossProfitRatio": 0.3066823611, "researchAndDevelopmentExpenses": 0, "generalAndAdministrativeExpenses": 0, "sellingAndMarketingExpenses": 0, "sellingGeneralAndAdministrativeExpenses": 161660000, "otherExpenses": 0, "operatingExpenses": 161660000, "costAndExpenses": 631694000, "interestIncome": 0, "interestExpense": 15076000, "depreciationAndAmortization": 17128000, "ebitda": 63383000, "ebitdaratio": 0.0934922833, "operatingIncome": 46255000, "operatingIncomeRatio": 0.068227846, "totalOtherIncomeExpensesNet": -15076000, "incomeBeforeTax": 31179000, "incomeBeforeTaxRatio": 0.0459901851, "incomeTaxExpense": 2300000, "netIncome": 28879000, "netIncomeRatio": 0.0425975995, "eps": 1.08, "epsdiluted": 1.05, "weightedAverageShsOut": 26744000, "weightedAverageShsOutDil": 27528000, "link": "https://www.sec.gov/Archives/edgar/data/1610250/000155837018004844/0001558370-18-004844-index.htm", "finalLink": "https://www.sec.gov/Archives/edgar/data/1610250/000155837018004844/boot-20180331x10k.htm", "calculatedOtherExpenses": 0, "calculatedOperatingExpenses": 161660000, "calculatedNetInterest": -15076000, "calculatedOtherIncome": 0, "calculatedIncomeNonControlling": 0, "calculatedEbitda": 63383000}, {"date": "2017-04-01", "symbol": "BOOT", "reportedCurrency": "USD", "cik": "0001610250", "fillingDate": "2017-06-07", "acceptedDate": "2017-06-06 18:21:26", "calendarYear": "2017", "period": "FY", "revenue": 629816000, "costOfRevenue": 439930000, "grossProfit": 189886000, "grossProfitRatio": 0.3014944047, "researchAndDevelopmentExpenses": 0, "generalAndAdministrativeExpenses": 0, "sellingAndMarketingExpenses": 0, "sellingGeneralAndAdministrativeExpenses": 152068000, "otherExpenses": 0, "operatingExpenses": 152068000, "costAndExpenses": 591998000, "interestIncome": 0, "interestExpense": 14699000, "depreciationAndAmortization": 16710000, "ebitda": 54528000, "ebitdaratio": 0.0865776671, "operatingIncome": 37818000, "operatingIncomeRatio": 0.0600461087, "totalOtherIncomeExpensesNet": -14699000, "incomeBeforeTax": 23119000, "incomeBeforeTaxRatio": 0.0367075463, "incomeTaxExpense": 8922000, "netIncome": 14197000, "netIncomeRatio": 0.0225415042, "eps": 0.54, "epsdiluted": 0.53, "weightedAverageShsOut": 26459000, "weightedAverageShsOutDil": 26939000, "link": "https://www.sec.gov/Archives/edgar/data/1610250/000155837017004692/0001558370-17-004692-index.htm", "finalLink": "https://www.sec.gov/Archives/edgar/data/1610250/000155837017004692/boot-20170401x10k.htm", "calculatedOtherExpenses": 0, "calculatedOperatingExpenses": 152068000, "calculatedNetInterest": -14699000, "calculatedOtherIncome": 0, "calculatedIncomeNonControlling": 0, "calculatedEbitda": 54528000}, {"date": "2016-03-26", "symbol": "BOOT", "reportedCurrency": "USD", "cik": "0001610250", "fillingDate": "2016-06-03", "acceptedDate": "2016-06-02 19:45:27", "calendarYear": "2016", "period": "FY", "revenue": 569020000, "costOfRevenue": 395817000, "grossProfit": 173203000, "grossProfitRatio": 0.3043882465, "researchAndDevelopmentExpenses": 0, "generalAndAdministrativeExpenses": 0, "sellingAndMarketingExpenses": 0, "sellingGeneralAndAdministrativeExpenses": 142078000, "otherExpenses": 891000, "operatingExpenses": 142078000, "costAndExpenses": 537895000, "interestIncome": 0, "interestExpense": 12923000, "depreciationAndAmortization": 14016000, "ebitda": 45141000, "ebitdaratio": 0.0793311307, "operatingIncome": 30234000, "operatingIncomeRatio": 0.0531334575, "totalOtherIncomeExpensesNet": -891000, "incomeBeforeTax": 17311000, "incomeBeforeTaxRatio": 0.0304224808, "incomeTaxExpense": 7443000, "netIncome": 9868000, "netIncomeRatio": 0.0173420969, "eps": 0.38, "epsdiluted": 0.37, "weightedAverageShsOut": 26170000, "weightedAverageShsOutDil": 26955000, "link": "https://www.sec.gov/Archives/edgar/data/1610250/000155837016006261/0001558370-16-006261-index.htm", "finalLink": "https://www.sec.gov/Archives/edgar/data/1610250/000155837016006261/boot-20160326x10k.htm", "calculatedOtherExpenses": 891000, "calculatedOperatingExpenses": 142969000, "calculatedNetInterest": -12923000, "calculatedOtherIncome": 0, "calculatedIncomeNonControlling": 0, "calculatedEbitda": 44250000}, {"date": "2015-03-28", "symbol": "BOOT", "reportedCurrency": "USD", "cik": "0001610250", "fillingDate": "2015-05-29", "acceptedDate": "2015-05-29 15:50:52", "calendarYear": "2015", "period": "FY", "revenue": 402684000, "costOfRevenue": 267907000, "grossProfit": 134777000, "grossProfitRatio": 0.3346966852, "researchAndDevelopmentExpenses": 0, "generalAndAdministrativeExpenses": 0, "sellingAndMarketingExpenses": 0, "sellingGeneralAndAdministrativeExpenses": 99341000, "otherExpenses": 51000, "operatingExpenses": 99341000, "costAndExpenses": 367248000, "interestIncome": 0, "interestExpense": 13291000, "depreciationAndAmortization": 9207000, "ebitda": 44694000, "ebitdaratio": 0.1109902554, "operatingIncome": 35436000, "operatingIncomeRatio": 0.0879995232, "totalOtherIncomeExpensesNet": 51000, "incomeBeforeTax": 22196000, "incomeBeforeTaxRatio": 0.0551201438, "incomeTaxExpense": 8466000, "netIncome": 13726000, "netIncomeRatio": 0.0340862811, "eps": 0.56, "epsdiluted": 0.54, "weightedAverageShsOut": 22126000, "weightedAverageShsOutDil": 22888000, "link": "https://www.sec.gov/Archives/edgar/data/1610250/000104746915005099/0001047469-15-005099-index.htm", "finalLink": "https://www.sec.gov/Archives/edgar/data/1610250/000104746915005099/a2224906z10-k.htm", "calculatedOtherExpenses": 0, "calculatedOperatingExpenses": 99341000, "calculatedNetInterest": -13291000, "calculatedOtherIncome": 51000, "calculatedIncomeNonControlling": 4000, "calculatedEbitda": 44643000}, {"date": "2014-03-31", "symbol": "BOOT", "reportedCurrency": "USD", "cik": "0001610250", "fillingDate": "2014-03-31", "acceptedDate": "2014-03-30 20:00:00", "calendarYear": "2014", "period": "FY", "revenue": 345868000, "costOfRevenue": 232663000, "grossProfit": 113205000, "grossProfitRatio": 0.3273069495, "researchAndDevelopmentExpenses": 0, "generalAndAdministrativeExpenses": 0, "sellingAndMarketingExpenses": 0, "sellingGeneralAndAdministrativeExpenses": 91998000, "otherExpenses": 39000, "operatingExpenses": 91998000, "costAndExpenses": 324661000, "interestIncome": 0, "interestExpense": 11594000, "depreciationAndAmortization": 8129000, "ebitda": 29375000, "ebitdaratio": 0.0849312454, "operatingIncome": 20536000, "operatingIncomeRatio": 0.059375253, "totalOtherIncomeExpensesNet": -632000, "incomeBeforeTax": 8981000, "incomeBeforeTaxRatio": 0.0259665537, "incomeTaxExpense": 3321000, "netIncome": 5377000, "netIncomeRatio": 0.0155463934, "eps": 0.23, "epsdiluted": 0.23, "weightedAverageShsOut": 24929350, "weightedAverageShsOutDil": 24929350, "link": "", "finalLink": "", "calculatedOtherExpenses": 671000, "calculatedOperatingExpenses": 92669000, "calculatedNetInterest": -11594000, "calculatedOtherIncome": 39000, "calculatedIncomeNonControlling": 283000, "calculatedEbitda": 28665000}, {"date": "2013-03-31", "symbol": "BOOT", "reportedCurrency": "USD", "cik": "0001610250", "fillingDate": "2013-03-31", "acceptedDate": "2013-03-30 20:00:00", "calendarYear": "2013", "period": "FY", "revenue": 233203000, "costOfRevenue": 160556000, "grossProfit": 72647000, "grossProfitRatio": 0.3115182909, "researchAndDevelopmentExpenses": 0, "generalAndAdministrativeExpenses": 0, "sellingAndMarketingExpenses": 0, "sellingGeneralAndAdministrativeExpenses": 62609000, "otherExpenses": 21000, "operatingExpenses": 62609000, "costAndExpenses": 223165000, "interestIncome": 0, "interestExpense": 7415000, "depreciationAndAmortization": 5588000, "ebitda": 15647000, "ebitdaratio": 0.0670960494, "operatingIncome": 8900000, "operatingIncomeRatio": 0.0381641746, "totalOtherIncomeExpensesNet": -1117000, "incomeBeforeTax": 1506000, "incomeBeforeTaxRatio": 0.0064578929, "incomeTaxExpense": 826000, "netIncome": 646000, "netIncomeRatio": 0.0027701187, "eps": 0.0259, "epsdiluted": 0.0259, "weightedAverageShsOut": 24929350, "weightedAverageShsOutDil": 24929350, "link": "", "finalLink": "", "calculatedOtherExpenses": 1138000, "calculatedOperatingExpenses": 63747000, "calculatedNetInterest": -7415000, "calculatedOtherIncome": 21000, "calculatedIncomeNonControlling": 34000, "calculatedEbitda": 14488000}]}