{"originalCurrency": "USD", "convertedCurrency": "USD", "report": [{"date": "2024-01-31", "symbol": "BOX", "reportedCurrency": "USD", "cik": "0001372612", "fillingDate": "2024-03-11", "acceptedDate": "2024-03-11 16:10:37", "calendarYear": "2024", "period": "FY", "revenue": 1037741000, "costOfRevenue": 260612000, "grossProfit": 777129000, "grossProfitRatio": 0.7488660465, "researchAndDevelopmentExpenses": 248767000, "generalAndAdministrativeExpenses": 128971000, "sellingAndMarketingExpenses": 348638000, "sellingGeneralAndAdministrativeExpenses": 477489000, "otherExpenses": 173451000, "operatingExpenses": 726256000, "costAndExpenses": 986868000, "interestIncome": 11833000, "interestExpense": 11833000, "depreciationAndAmortization": 51241000, "ebitda": 102114000, "ebitdaratio": 0.0984002752, "operatingIncome": 50873000, "operatingIncomeRatio": 0.0490228294, "totalOtherIncomeExpensesNet": 11713000, "incomeBeforeTax": 62586000, "incomeBeforeTaxRatio": 0.0603098461, "incomeTaxExpense": -66446000, "netIncome": 129032000, "netIncomeRatio": 0.1243393101, "eps": 0.69, "epsdiluted": 0.67, "weightedAverageShsOut": 144203000, "weightedAverageShsOutDil": 148586000, "link": "https://www.sec.gov/Archives/edgar/data/1372612/000095017024029241/0000950170-24-029241-index.htm", "finalLink": "https://www.sec.gov/Archives/edgar/data/1372612/000095017024029241/box-20240131.htm", "calculatedOtherExpenses": 0, "calculatedOperatingExpenses": 726256000, "calculatedNetInterest": 0, "calculatedOtherIncome": 11713000, "calculatedIncomeNonControlling": 0, "calculatedEbitda": 102114000}, {"date": "2023-01-31", "symbol": "BOX", "reportedCurrency": "USD", "cik": "0001372612", "fillingDate": "2023-03-13", "acceptedDate": "2023-03-13 16:13:35", "calendarYear": "2023", "period": "FY", "revenue": 990874000, "costOfRevenue": 252556000, "grossProfit": 738318000, "grossProfitRatio": 0.7451179464, "researchAndDevelopmentExpenses": 243529000, "generalAndAdministrativeExpenses": 126549000, "sellingAndMarketingExpenses": 331400000, "sellingGeneralAndAdministrativeExpenses": 457949000, "otherExpenses": 0, "operatingExpenses": 701478000, "costAndExpenses": 954034000, "interestIncome": 2112000, "interestExpense": -2433000, "depreciationAndAmortization": 65988000, "ebitda": 102828000, "ebitdaratio": 0.1037750511, "operatingIncome": 36840000, "operatingIncomeRatio": 0.0371792983, "totalOtherIncomeExpensesNet": -2433000, "incomeBeforeTax": 34407000, "incomeBeforeTaxRatio": 0.0347238902, "incomeTaxExpense": 7624000, "netIncome": 26783000, "netIncomeRatio": 0.0270296728, "eps": 0.0597, "epsdiluted": 0.057, "weightedAverageShsOut": 143592000, "weightedAverageShsOutDil": 150192000, "link": "https://www.sec.gov/Archives/edgar/data/1372612/000095017023007573/0000950170-23-007573-index.htm", "finalLink": "https://www.sec.gov/Archives/edgar/data/1372612/000095017023007573/box-20230131.htm", "calculatedOtherExpenses": 0, "calculatedOperatingExpenses": 701478000, "calculatedNetInterest": 4545000, "calculatedOtherIncome": -6978000, "calculatedIncomeNonControlling": 0, "calculatedEbitda": 102828000}, {"date": "2022-01-31", "symbol": "BOX", "reportedCurrency": "USD", "cik": "0001372612", "fillingDate": "2022-03-16", "acceptedDate": "2022-03-16 16:06:35", "calendarYear": "2022", "period": "FY", "revenue": 874332000, "costOfRevenue": 249484000, "grossProfit": 624848000, "grossProfitRatio": 0.71465759, "researchAndDevelopmentExpenses": 218523000, "generalAndAdministrativeExpenses": 135316000, "sellingAndMarketingExpenses": 298635000, "sellingGeneralAndAdministrativeExpenses": 433951000, "otherExpenses": 0, "operatingExpenses": 652474000, "costAndExpenses": 901958000, "interestIncome": 3913000, "interestExpense": 9838000, "depreciationAndAmortization": 78234000, "ebitda": 50608000, "ebitdaratio": 0.057881903, "operatingIncome": -27626000, "operatingIncomeRatio": -0.0315966932, "totalOtherIncomeExpensesNet": -9838000, "incomeBeforeTax": -37464000, "incomeBeforeTaxRatio": -0.0428487119, "incomeTaxExpense": 3995000, "netIncome": -41459000, "netIncomeRatio": -0.0474179145, "eps": -0.27, "epsdiluted": -0.27, "weightedAverageShsOut": 155598000, "weightedAverageShsOutDil": 155598000, "link": "https://www.sec.gov/Archives/edgar/data/1372612/000095017022003913/0000950170-22-003913-index.htm", "finalLink": "https://www.sec.gov/Archives/edgar/data/1372612/000095017022003913/box-20220131.htm", "calculatedOtherExpenses": 0, "calculatedOperatingExpenses": 652474000, "calculatedNetInterest": -5925000, "calculatedOtherIncome": -3913000, "calculatedIncomeNonControlling": 0, "calculatedEbitda": 50608000}, {"date": "2021-01-31", "symbol": "BOX", "reportedCurrency": "USD", "cik": "0001372612", "fillingDate": "2021-03-19", "acceptedDate": "2021-03-19 16:10:10", "calendarYear": "2021", "period": "FY", "revenue": 770770000, "costOfRevenue": 224738000, "grossProfit": 546032000, "grossProfitRatio": 0.7084240435, "researchAndDevelopmentExpenses": 201262000, "generalAndAdministrativeExpenses": 106670000, "sellingAndMarketingExpenses": 275742000, "sellingGeneralAndAdministrativeExpenses": 382412000, "otherExpenses": 2426000, "operatingExpenses": 583674000, "costAndExpenses": 808412000, "interestIncome": 0, "interestExpense": 7010000, "depreciationAndAmortization": 75478000, "ebitda": 40262000, "ebitdaratio": 0.0522360756, "operatingIncome": -35216000, "operatingIncomeRatio": -0.0456893756, "totalOtherIncomeExpensesNet": -7010000, "incomeBeforeTax": -42226000, "incomeBeforeTaxRatio": -0.0547841769, "incomeTaxExpense": 1207000, "netIncome": -43433000, "netIncomeRatio": -0.0563501434, "eps": -0.28, "epsdiluted": -0.28, "weightedAverageShsOut": 155849000, "weightedAverageShsOutDil": 155849000, "link": "https://www.sec.gov/Archives/edgar/data/1372612/000156459021014377/0001564590-21-014377-index.htm", "finalLink": "https://www.sec.gov/Archives/edgar/data/1372612/000156459021014377/box-10k_20210131.htm", "calculatedOtherExpenses": -2426000, "calculatedOperatingExpenses": 581248000, "calculatedNetInterest": -7010000, "calculatedOtherIncome": 0, "calculatedIncomeNonControlling": 0, "calculatedEbitda": 40262000}, {"date": "2020-01-31", "symbol": "BOX", "reportedCurrency": "USD", "cik": "0001372612", "fillingDate": "2020-03-19", "acceptedDate": "2020-03-19 16:17:56", "calendarYear": "2020", "period": "FY", "revenue": 696264000, "costOfRevenue": 215577000, "grossProfit": 480687000, "grossProfitRatio": 0.690380373, "researchAndDevelopmentExpenses": 199750000, "generalAndAdministrativeExpenses": 102794000, "sellingAndMarketingExpenses": 317615000, "sellingGeneralAndAdministrativeExpenses": 420409000, "otherExpenses": -1128000, "operatingExpenses": 620159000, "costAndExpenses": 835736000, "interestIncome": 1300000, "interestExpense": 2338000, "depreciationAndAmortization": 58296000, "ebitda": -81176000, "ebitdaratio": -0.1165879609, "operatingIncome": -139472000, "operatingIncomeRatio": -0.2003148231, "totalOtherIncomeExpensesNet": -3466000, "incomeBeforeTax": -142938000, "incomeBeforeTaxRatio": -0.20529282, "incomeTaxExpense": 1410000, "netIncome": -144348000, "netIncomeRatio": -0.2073179139, "eps": -0.98, "epsdiluted": -0.98, "weightedAverageShsOut": 147762000, "weightedAverageShsOutDil": 147762000, "link": "https://www.sec.gov/Archives/edgar/data/1372612/000156459020011799/0001564590-20-011799-index.htm", "finalLink": "https://www.sec.gov/Archives/edgar/data/1372612/000156459020011799/box-10k_20200131.htm", "calculatedOtherExpenses": 0, "calculatedOperatingExpenses": 620159000, "calculatedNetInterest": -1038000, "calculatedOtherIncome": -2428000, "calculatedIncomeNonControlling": 0, "calculatedEbitda": -81176000}, {"date": "2019-01-31", "symbol": "BOX", "reportedCurrency": "USD", "cik": "0001372612", "fillingDate": "2019-03-20", "acceptedDate": "2019-03-20 17:16:45", "calendarYear": "2019", "period": "FY", "revenue": 608386000, "costOfRevenue": 173594000, "grossProfit": 434792000, "grossProfitRatio": 0.714664703, "researchAndDevelopmentExpenses": 163750000, "generalAndAdministrativeExpenses": 93069000, "sellingAndMarketingExpenses": 312210000, "sellingGeneralAndAdministrativeExpenses": 405279000, "otherExpenses": 1339000, "operatingExpenses": 569029000, "costAndExpenses": 742623000, "interestIncome": 0, "interestExpense": 316000, "depreciationAndAmortization": 46320000, "ebitda": -86578000, "ebitdaratio": -0.1423076797, "operatingIncome": -134237000, "operatingIncomeRatio": -0.2206444593, "totalOtherIncomeExpensesNet": 1339000, "incomeBeforeTax": -133214000, "incomeBeforeTaxRatio": -0.218962961, "incomeTaxExpense": 1398000, "netIncome": -134612000, "netIncomeRatio": -0.2212608443, "eps": -0.95, "epsdiluted": -0.95, "weightedAverageShsOut": 141351000, "weightedAverageShsOutDil": 141351000, "link": "https://www.sec.gov/Archives/edgar/data/1372612/000156459019008669/0001564590-19-008669-index.htm", "finalLink": "https://www.sec.gov/Archives/edgar/data/1372612/000156459019008669/box-10k_20190131.htm", "calculatedOtherExpenses": 0, "calculatedOperatingExpenses": 569029000, "calculatedNetInterest": -316000, "calculatedOtherIncome": 1339000, "calculatedIncomeNonControlling": 0, "calculatedEbitda": -87917000}, {"date": "2018-01-31", "symbol": "BOX", "reportedCurrency": "USD", "cik": "0001372612", "fillingDate": "2018-03-22", "acceptedDate": "2018-03-22 16:28:33", "calendarYear": "2018", "period": "FY", "revenue": 506142000, "costOfRevenue": 135248000, "grossProfit": 370894000, "grossProfitRatio": 0.7327864512, "researchAndDevelopmentExpenses": 136791000, "generalAndAdministrativeExpenses": 84805000, "sellingAndMarketingExpenses": 303319000, "sellingGeneralAndAdministrativeExpenses": 388124000, "otherExpenses": 789000, "operatingExpenses": 524915000, "costAndExpenses": 660163000, "interestIncome": 0, "interestExpense": 1013000, "depreciationAndAmortization": 40112000, "ebitda": -113120000, "ebitdaratio": -0.2234945924, "operatingIncome": -154021000, "operatingIncomeRatio": -0.3043039305, "totalOtherIncomeExpensesNet": 789000, "incomeBeforeTax": -154245000, "incomeBeforeTaxRatio": -0.3047464941, "incomeTaxExpense": 715000, "netIncome": -154960000, "netIncomeRatio": -0.3061591411, "eps": -1.16, "epsdiluted": -1.16, "weightedAverageShsOut": 133931999, "weightedAverageShsOutDil": 133932000, "link": "https://www.sec.gov/Archives/edgar/data/1372612/000156459018006572/0001564590-18-006572-index.htm", "finalLink": "https://www.sec.gov/Archives/edgar/data/1372612/000156459018006572/box-10k_20180131.htm", "calculatedOtherExpenses": 0, "calculatedOperatingExpenses": 524915000, "calculatedNetInterest": -1013000, "calculatedOtherIncome": 789000, "calculatedIncomeNonControlling": 0, "calculatedEbitda": -113909000}, {"date": "2017-01-31", "symbol": "BOX", "reportedCurrency": "USD", "cik": "0001372612", "fillingDate": "2017-03-24", "acceptedDate": "2017-03-24 16:19:45", "calendarYear": "2017", "period": "FY", "revenue": 398605000, "costOfRevenue": 112130000, "grossProfit": 286475000, "grossProfitRatio": 0.7186939451, "researchAndDevelopmentExpenses": 115928000, "generalAndAdministrativeExpenses": 68182000, "sellingAndMarketingExpenses": 253020000, "sellingGeneralAndAdministrativeExpenses": 321202000, "otherExpenses": 678000, "operatingExpenses": 437130000, "costAndExpenses": 549260000, "interestIncome": 0, "interestExpense": 896000, "depreciationAndAmortization": 40154000, "ebitda": -109823000, "ebitdaratio": -0.2755183703, "operatingIncome": -150655000, "operatingIncomeRatio": -0.3779556202, "totalOtherIncomeExpensesNet": 678000, "incomeBeforeTax": -150873000, "incomeBeforeTaxRatio": -0.3785025276, "incomeTaxExpense": 914000, "netIncome": -151787000, "netIncomeRatio": -0.3807955244, "eps": -1.19, "epsdiluted": -1.19, "weightedAverageShsOut": 127469000, "weightedAverageShsOutDil": 127469000, "link": "https://www.sec.gov/Archives/edgar/data/1372612/000156459017005227/0001564590-17-005227-index.htm", "finalLink": "https://www.sec.gov/Archives/edgar/data/1372612/000156459017005227/box-10k_20170131.htm", "calculatedOtherExpenses": 0, "calculatedOperatingExpenses": 437130000, "calculatedNetInterest": -896000, "calculatedOtherIncome": 678000, "calculatedIncomeNonControlling": 0, "calculatedEbitda": -110501000}, {"date": "2016-01-31", "symbol": "BOX", "reportedCurrency": "USD", "cik": "0001372612", "fillingDate": "2016-03-30", "acceptedDate": "2016-03-30 16:10:04", "calendarYear": "2016", "period": "FY", "revenue": 302704000, "costOfRevenue": 87100000, "grossProfit": 215604000, "grossProfitRatio": 0.7122601617, "researchAndDevelopmentExpenses": 102500000, "generalAndAdministrativeExpenses": 71923000, "sellingAndMarketingExpenses": 242184000, "sellingGeneralAndAdministrativeExpenses": 314107000, "otherExpenses": -98000, "operatingExpenses": 416607000, "costAndExpenses": 503707000, "interestIncome": 0, "interestExpense": 1157000, "depreciationAndAmortization": 40394000, "ebitda": -160707000, "ebitdaratio": -0.5309047783, "operatingIncome": -201003000, "operatingIncomeRatio": -0.664024922, "totalOtherIncomeExpensesNet": -98000, "incomeBeforeTax": -202258000, "incomeBeforeTaxRatio": -0.6681708864, "incomeTaxExpense": 690000, "netIncome": -202948000, "netIncomeRatio": -0.6704503409, "eps": -1.67, "epsdiluted": -1.67, "weightedAverageShsOut": 121240000, "weightedAverageShsOutDil": 121240000, "link": "https://www.sec.gov/Archives/edgar/data/1372612/000156459016015649/0001564590-16-015649-index.htm", "finalLink": "https://www.sec.gov/Archives/edgar/data/1372612/000156459016015649/box-10k_20160131.htm", "calculatedOtherExpenses": 0, "calculatedOperatingExpenses": 416607000, "calculatedNetInterest": -1157000, "calculatedOtherIncome": -98000, "calculatedIncomeNonControlling": 0, "calculatedEbitda": -160609000}, {"date": "2015-01-31", "symbol": "BOX", "reportedCurrency": "USD", "cik": "0001372612", "fillingDate": "2015-03-30", "acceptedDate": "2015-03-30 17:06:39", "calendarYear": "2015", "period": "FY", "revenue": 216440000, "costOfRevenue": 47273000, "grossProfit": 169167000, "grossProfitRatio": 0.781588431, "researchAndDevelopmentExpenses": 66402000, "generalAndAdministrativeExpenses": 61672000, "sellingAndMarketingExpenses": 207749000, "sellingGeneralAndAdministrativeExpenses": 269421000, "otherExpenses": -257000, "operatingExpenses": 335823000, "costAndExpenses": 383096000, "interestIncome": 0, "interestExpense": 2009000, "depreciationAndAmortization": 29019000, "ebitda": -137894000, "ebitdaratio": -0.6371003511, "operatingIncome": -166656000, "operatingIncomeRatio": -0.7699870634, "totalOtherIncomeExpensesNet": -131000, "incomeBeforeTax": -168796000, "incomeBeforeTaxRatio": -0.7798743301, "incomeTaxExpense": -569000, "netIncome": -168227000, "netIncomeRatio": -0.777245426, "eps": -10.61, "epsdiluted": -10.61, "weightedAverageShsOut": 15854000, "weightedAverageShsOutDil": 15854000, "link": "https://www.sec.gov/Archives/edgar/data/1372612/000119312515112029/0001193125-15-112029-index.htm", "finalLink": "https://www.sec.gov/Archives/edgar/data/1372612/000119312515112029/d893446d10k.htm", "calculatedOtherExpenses": 0, "calculatedOperatingExpenses": 335823000, "calculatedNetInterest": -2009000, "calculatedOtherIncome": -131000, "calculatedIncomeNonControlling": 0, "calculatedEbitda": -137637000}, {"date": "2014-01-31", "symbol": "BOX", "reportedCurrency": "USD", "cik": "0001372612", "fillingDate": "2014-01-31", "acceptedDate": "2014-01-30 19:00:00", "calendarYear": "2014", "period": "FY", "revenue": 124192000, "costOfRevenue": 25974000, "grossProfit": 98218000, "grossProfitRatio": 0.7908560938, "researchAndDevelopmentExpenses": 45967000, "generalAndAdministrativeExpenses": 39843000, "sellingAndMarketingExpenses": 171188000, "sellingGeneralAndAdministrativeExpenses": 211031000, "otherExpenses": -26000, "operatingExpenses": 256998000, "costAndExpenses": 282972000, "interestIncome": 0, "interestExpense": 3705000, "depreciationAndAmortization": 17867000, "ebitda": -140939000, "ebitdaratio": -1.1348476552, "operatingIncome": -158780000, "operatingIncomeRatio": -1.2785042515, "totalOtherIncomeExpensesNet": -8503000, "incomeBeforeTax": -170988000, "incomeBeforeTaxRatio": -1.3768036589, "incomeTaxExpense": -2431000, "netIncome": -168557000, "netIncomeRatio": -1.3572291291, "eps": -1.76, "epsdiluted": -1.76, "weightedAverageShsOut": 95666000, "weightedAverageShsOutDil": 95666000, "link": "", "finalLink": "", "calculatedOtherExpenses": 0, "calculatedOperatingExpenses": 256998000, "calculatedNetInterest": -3705000, "calculatedOtherIncome": -8503000, "calculatedIncomeNonControlling": 0, "calculatedEbitda": -140913000}, {"date": "2013-01-31", "symbol": "BOX", "reportedCurrency": "USD", "cik": "0001372612", "fillingDate": "2013-01-31", "acceptedDate": "2013-01-30 19:00:00", "calendarYear": "2013", "period": "FY", "revenue": 58797000, "costOfRevenue": 14280000, "grossProfit": 44517000, "grossProfitRatio": 0.7571304658, "researchAndDevelopmentExpenses": 28996000, "generalAndAdministrativeExpenses": 25429000, "sellingAndMarketingExpenses": 99221000, "sellingGeneralAndAdministrativeExpenses": 124650000, "otherExpenses": 116000, "operatingExpenses": 153646000, "costAndExpenses": 167926000, "interestIncome": 0, "interestExpense": 1764000, "depreciationAndAmortization": 8616000, "ebitda": -100397000, "ebitdaratio": -1.7075190911, "operatingIncome": -109129000, "operatingIncomeRatio": -1.8560300696, "totalOtherIncomeExpensesNet": -1611000, "incomeBeforeTax": -112504000, "incomeBeforeTaxRatio": -1.9134309574, "incomeTaxExpense": 59000, "netIncome": -112563000, "netIncomeRatio": -1.9144344099, "eps": -1.18, "epsdiluted": -1.18, "weightedAverageShsOut": 95666000, "weightedAverageShsOutDil": 95666000, "link": "", "finalLink": "", "calculatedOtherExpenses": 0, "calculatedOperatingExpenses": 153646000, "calculatedNetInterest": -1764000, "calculatedOtherIncome": -1611000, "calculatedIncomeNonControlling": 0, "calculatedEbitda": -100513000}]}