{"originalCurrency": "USD", "convertedCurrency": "USD", "report": [{"date": "2023-12-31", "symbol": "BPMC", "reportedCurrency": "USD", "cik": "0001597264", "fillingDate": "2024-02-15", "acceptedDate": "2024-02-15 17:26:31", "calendarYear": "2023", "period": "FY", "revenue": 249380000, "costOfRevenue": 24461000, "grossProfit": 224919000, "grossProfitRatio": 0.9019127436, "researchAndDevelopmentExpenses": 416055000, "generalAndAdministrativeExpenses": 278241000, "sellingAndMarketingExpenses": 16900000, "sellingGeneralAndAdministrativeExpenses": 295141000, "otherExpenses": -946000, "operatingExpenses": 711196000, "costAndExpenses": 735657000, "interestIncome": 32811999, "interestExpense": 51605000, "depreciationAndAmortization": 11665000, "ebitda": -474612000, "ebitdaratio": -1.9031678563, "operatingIncome": -486277000, "operatingIncomeRatio": -1.9499438608, "totalOtherIncomeExpensesNet": -19739000, "incomeBeforeTax": -506016000, "incomeBeforeTaxRatio": -2.0290961585, "incomeTaxExpense": 968000, "netIncome": -506984000, "netIncomeRatio": -2.0329777849, "eps": -8.37, "epsdiluted": -8.37, "weightedAverageShsOut": 60558000, "weightedAverageShsOutDil": 60558000, "link": "https://www.sec.gov/Archives/edgar/data/1597264/000155837024001254/0001558370-24-001254-index.htm", "finalLink": "https://www.sec.gov/Archives/edgar/data/1597264/000155837024001254/bpmc-20231231x10k.htm", "calculatedOtherExpenses": 0, "calculatedOperatingExpenses": 711196000, "calculatedNetInterest": -18793001, "calculatedOtherIncome": -945999, "calculatedIncomeNonControlling": 0, "calculatedEbitda": -474612000}, {"date": "2022-12-31", "symbol": "BPMC", "reportedCurrency": "USD", "cik": "0001597264", "fillingDate": "2023-02-16", "acceptedDate": "2023-02-16 17:24:10", "calendarYear": "2022", "period": "FY", "revenue": 204036000, "costOfRevenue": 17813000, "grossProfit": 186223000, "grossProfitRatio": 0.912696779, "researchAndDevelopmentExpenses": 477419000, "generalAndAdministrativeExpenses": 219274000, "sellingAndMarketingExpenses": 18100000, "sellingGeneralAndAdministrativeExpenses": 237374000, "otherExpenses": 8948000, "operatingExpenses": 723741000, "costAndExpenses": 741554000, "interestIncome": 17749000, "interestExpense": 16767000, "depreciationAndAmortization": 11735000, "ebitda": -537518000, "ebitdaratio": -2.6344272579, "operatingIncome": -549253000, "operatingIncomeRatio": -2.6919416181, "totalOtherIncomeExpensesNet": -3028000, "incomeBeforeTax": -552281000, "incomeBeforeTaxRatio": -2.7067821365, "incomeTaxExpense": 5236000, "netIncome": -557517000, "netIncomeRatio": -2.7324442745, "eps": -9.35, "epsdiluted": -9.35, "weightedAverageShsOut": 59642000, "weightedAverageShsOutDil": 59642000, "link": "https://www.sec.gov/Archives/edgar/data/1597264/000155837023001465/0001558370-23-001465-index.htm", "finalLink": "https://www.sec.gov/Archives/edgar/data/1597264/000155837023001465/bpmc-20221231x10k.htm", "calculatedOtherExpenses": 20683000, "calculatedOperatingExpenses": 735476000, "calculatedNetInterest": 982000, "calculatedOtherIncome": -4010000, "calculatedIncomeNonControlling": 0, "calculatedEbitda": -537518000}, {"date": "2021-12-31", "symbol": "BPMC", "reportedCurrency": "USD", "cik": "0001597264", "fillingDate": "2022-02-17", "acceptedDate": "2022-02-17 08:18:57", "calendarYear": "2021", "period": "FY", "revenue": 180080000, "costOfRevenue": 17934000, "grossProfit": 162146000, "grossProfitRatio": 0.9004109285, "researchAndDevelopmentExpenses": 601033000, "generalAndAdministrativeExpenses": 181793000, "sellingAndMarketingExpenses": 13500000, "sellingGeneralAndAdministrativeExpenses": 195293000, "otherExpenses": 7801000, "operatingExpenses": 804127000, "costAndExpenses": 822061000, "interestIncome": 2386000, "interestExpense": 0, "depreciationAndAmortization": 6479000, "ebitda": -641981000, "ebitdaratio": -3.564976677, "operatingIncome": -648460000, "operatingIncomeRatio": -3.6009551311, "totalOtherIncomeExpensesNet": 7376000, "incomeBeforeTax": -641084000, "incomeBeforeTaxRatio": -3.5599955575, "incomeTaxExpense": 3001000, "netIncome": -644085000, "netIncomeRatio": -3.5766603732, "eps": -11.01, "epsdiluted": -11.01, "weightedAverageShsOut": 58518000, "weightedAverageShsOutDil": 58518000, "link": "https://www.sec.gov/Archives/edgar/data/1597264/000155837022001316/0001558370-22-001316-index.htm", "finalLink": "https://www.sec.gov/Archives/edgar/data/1597264/000155837022001316/bpmc-20211231x10k.htm", "calculatedOtherExpenses": 14280000, "calculatedOperatingExpenses": 810606000, "calculatedNetInterest": 2386000, "calculatedOtherIncome": 4990000, "calculatedIncomeNonControlling": 0, "calculatedEbitda": -641981000}, {"date": "2020-12-31", "symbol": "BPMC", "reportedCurrency": "USD", "cik": "0001597264", "fillingDate": "2021-02-17", "acceptedDate": "2021-02-17 16:37:42", "calendarYear": "2020", "period": "FY", "revenue": 793735000, "costOfRevenue": 425000, "grossProfit": 793310000, "grossProfitRatio": 0.9994645568, "researchAndDevelopmentExpenses": 326860000, "generalAndAdministrativeExpenses": 148343000, "sellingAndMarketingExpenses": 9400000, "sellingGeneralAndAdministrativeExpenses": 157743000, "otherExpenses": -366000, "operatingExpenses": 484603000, "costAndExpenses": 485028000, "interestIncome": 6599000, "interestExpense": 0, "depreciationAndAmortization": 6559000, "ebitda": 308707000, "ebitdaratio": 0.3889295546, "operatingIncome": 302148000, "operatingIncomeRatio": 0.3806660913, "totalOtherIncomeExpensesNet": 12792000, "incomeBeforeTax": 314940000, "incomeBeforeTaxRatio": 0.3967823014, "incomeTaxExpense": 1058000, "netIncome": 313882000, "netIncomeRatio": 0.3954493628, "eps": 5.76, "epsdiluted": 5.59, "weightedAverageShsOut": 54534000, "weightedAverageShsOutDil": 56168000, "link": "https://www.sec.gov/Archives/edgar/data/1597264/000155837021001141/0001558370-21-001141-index.htm", "finalLink": "https://www.sec.gov/Archives/edgar/data/1597264/000155837021001141/bpmc-20201231x10k.htm", "calculatedOtherExpenses": 6559000, "calculatedOperatingExpenses": 491162000, "calculatedNetInterest": 6599000, "calculatedOtherIncome": 6193000, "calculatedIncomeNonControlling": 0, "calculatedEbitda": 308707000}, {"date": "2019-12-31", "symbol": "BPMC", "reportedCurrency": "USD", "cik": "0001597264", "fillingDate": "2020-02-13", "acceptedDate": "2020-02-13 16:39:28", "calendarYear": "2019", "period": "FY", "revenue": 66512000, "costOfRevenue": 0, "grossProfit": 66512000, "grossProfitRatio": 1, "researchAndDevelopmentExpenses": 331450000, "generalAndAdministrativeExpenses": 96388000, "sellingAndMarketingExpenses": 3300000, "sellingGeneralAndAdministrativeExpenses": 96388000, "otherExpenses": -100000, "operatingExpenses": 427838000, "costAndExpenses": 427838000, "interestIncome": 13732000, "interestExpense": 13732000, "depreciationAndAmortization": 5259000, "ebitda": -361326000, "ebitdaratio": -5.4324933847, "operatingIncome": -366585000, "operatingIncomeRatio": -5.5115618234, "totalOtherIncomeExpensesNet": 18891000, "incomeBeforeTax": -347694000, "incomeBeforeTaxRatio": -5.2275378879, "incomeTaxExpense": -18991000, "netIncome": -328703000, "netIncomeRatio": -4.9420104643, "eps": -6.87, "epsdiluted": -6.87, "weightedAverageShsOut": 47829000, "weightedAverageShsOutDil": 47829000, "link": "https://www.sec.gov/Archives/edgar/data/1597264/000155837020000784/0001558370-20-000784-index.htm", "finalLink": "https://www.sec.gov/Archives/edgar/data/1597264/000155837020000784/bpmc-20191231x10k2c5dea.htm", "calculatedOtherExpenses": 5259000, "calculatedOperatingExpenses": 433097000, "calculatedNetInterest": 0, "calculatedOtherIncome": 18891000, "calculatedIncomeNonControlling": 0, "calculatedEbitda": -361326000}, {"date": "2018-12-31", "symbol": "BPMC", "reportedCurrency": "USD", "cik": "0001597264", "fillingDate": "2019-02-26", "acceptedDate": "2019-02-26 16:35:40", "calendarYear": "2018", "period": "FY", "revenue": 44521000, "costOfRevenue": 0, "grossProfit": 44521000, "grossProfitRatio": 1, "researchAndDevelopmentExpenses": 243621000, "generalAndAdministrativeExpenses": 47928000, "sellingAndMarketingExpenses": 0, "sellingGeneralAndAdministrativeExpenses": 47928000, "otherExpenses": 10459000, "operatingExpenses": 291549000, "costAndExpenses": 291549000, "interestIncome": 0, "interestExpense": 73000, "depreciationAndAmortization": 4246000, "ebitda": -236569000, "ebitdaratio": -5.3136497383, "operatingIncome": -247028000, "operatingIncomeRatio": -5.5485725837, "totalOtherIncomeExpensesNet": 10459000, "incomeBeforeTax": -236642000, "incomeBeforeTaxRatio": -5.315289414, "incomeTaxExpense": 10459000, "netIncome": -236642000, "netIncomeRatio": -5.315289414, "eps": -5.39, "epsdiluted": -5.39, "weightedAverageShsOut": 43867000, "weightedAverageShsOutDil": 43867000, "link": "https://www.sec.gov/Archives/edgar/data/1597264/000155837019001094/0001558370-19-001094-index.htm", "finalLink": "https://www.sec.gov/Archives/edgar/data/1597264/000155837019001094/bpmc-20181231x10k.htm", "calculatedOtherExpenses": 0, "calculatedOperatingExpenses": 291549000, "calculatedNetInterest": -73000, "calculatedOtherIncome": 10459000, "calculatedIncomeNonControlling": -10459000, "calculatedEbitda": -242782000}, {"date": "2017-12-31", "symbol": "BPMC", "reportedCurrency": "USD", "cik": "0001597264", "fillingDate": "2018-02-21", "acceptedDate": "2018-02-21 17:11:25", "calendarYear": "2017", "period": "FY", "revenue": 21426000, "costOfRevenue": 0, "grossProfit": 21426000, "grossProfitRatio": 1, "researchAndDevelopmentExpenses": 144687000, "generalAndAdministrativeExpenses": 27986000, "sellingAndMarketingExpenses": 0, "sellingGeneralAndAdministrativeExpenses": 27986000, "otherExpenses": 3349000, "operatingExpenses": 172673000, "costAndExpenses": 172673000, "interestIncome": 0, "interestExpense": 221000, "depreciationAndAmortization": 1578000, "ebitda": -147898000, "ebitdaratio": -6.9027349949, "operatingIncome": -149476000, "operatingIncomeRatio": -6.9763838327, "totalOtherIncomeExpensesNet": 3349000, "incomeBeforeTax": -148119000, "incomeBeforeTaxRatio": -6.9130495659, "incomeTaxExpense": 1992000, "netIncome": -148119000, "netIncomeRatio": -6.9130495659, "eps": -3.92, "epsdiluted": -3.92, "weightedAverageShsOut": 37792929, "weightedAverageShsOutDil": 37793000, "link": "https://www.sec.gov/Archives/edgar/data/1597264/000155837018000862/0001558370-18-000862-index.htm", "finalLink": "https://www.sec.gov/Archives/edgar/data/1597264/000155837018000862/bpmc-20171231x10k.htm", "calculatedOtherExpenses": -1771000, "calculatedOperatingExpenses": 170902000, "calculatedNetInterest": -221000, "calculatedOtherIncome": 1578000, "calculatedIncomeNonControlling": -1992000, "calculatedEbitda": -147898000}, {"date": "2016-12-31", "symbol": "BPMC", "reportedCurrency": "USD", "cik": "0001597264", "fillingDate": "2017-03-09", "acceptedDate": "2017-03-09 16:43:44", "calendarYear": "2016", "period": "FY", "revenue": 27772000, "costOfRevenue": 0, "grossProfit": 27772000, "grossProfitRatio": 1, "researchAndDevelopmentExpenses": 81131000, "generalAndAdministrativeExpenses": 19218000, "sellingAndMarketingExpenses": 0, "sellingGeneralAndAdministrativeExpenses": 19218000, "otherExpenses": 551000, "operatingExpenses": 100349000, "costAndExpenses": 100349000, "interestIncome": 0, "interestExpense": 469000, "depreciationAndAmortization": 1582000, "ebitda": -72026000, "ebitdaratio": -2.5934754429, "operatingIncome": -73608000, "operatingIncomeRatio": -2.6504392914, "totalOtherIncomeExpensesNet": 551000, "incomeBeforeTax": -72495000, "incomeBeforeTaxRatio": -2.6103629555, "incomeTaxExpense": -562000, "netIncome": -72495000, "netIncomeRatio": -2.6103629555, "eps": -2.64, "epsdiluted": -2.64, "weightedAverageShsOut": 27491669, "weightedAverageShsOutDil": 27492000, "link": "https://www.sec.gov/Archives/edgar/data/1597264/000155837017001547/0001558370-17-001547-index.htm", "finalLink": "https://www.sec.gov/Archives/edgar/data/1597264/000155837017001547/bpmc-20161231x10k.htm", "calculatedOtherExpenses": 1031000, "calculatedOperatingExpenses": 101380000, "calculatedNetInterest": -469000, "calculatedOtherIncome": 1582000, "calculatedIncomeNonControlling": 562000, "calculatedEbitda": -72026000}, {"date": "2015-12-31", "symbol": "BPMC", "reportedCurrency": "USD", "cik": "0001597264", "fillingDate": "2016-03-11", "acceptedDate": "2016-03-11 16:30:20", "calendarYear": "2015", "period": "FY", "revenue": 11400000, "costOfRevenue": 0, "grossProfit": 11400000, "grossProfitRatio": 1, "researchAndDevelopmentExpenses": 48588000, "generalAndAdministrativeExpenses": 14456000, "sellingAndMarketingExpenses": 0, "sellingGeneralAndAdministrativeExpenses": 14456000, "otherExpenses": -429000, "operatingExpenses": 63044000, "costAndExpenses": 63044000, "interestIncome": 0, "interestExpense": 696000, "depreciationAndAmortization": 948000, "ebitda": -52073000, "ebitdaratio": -4.5678070175, "operatingIncome": -53021000, "operatingIncomeRatio": -4.6509649123, "totalOtherIncomeExpensesNet": -429000, "incomeBeforeTax": -52769000, "incomeBeforeTaxRatio": -4.6288596491, "incomeTaxExpense": -681000, "netIncome": -52769000, "netIncomeRatio": -4.6288596491, "eps": -2.89, "epsdiluted": -2.89, "weightedAverageShsOut": 18235614, "weightedAverageShsOutDil": 18236000, "link": "https://www.sec.gov/Archives/edgar/data/1597264/000155837016004066/0001558370-16-004066-index.htm", "finalLink": "https://www.sec.gov/Archives/edgar/data/1597264/000155837016004066/bpmc-20151231x10k.htm", "calculatedOtherExpenses": 1377000, "calculatedOperatingExpenses": 64421000, "calculatedNetInterest": -696000, "calculatedOtherIncome": 948000, "calculatedIncomeNonControlling": 681000, "calculatedEbitda": -52073000}, {"date": "2014-12-31", "symbol": "BPMC", "reportedCurrency": "USD", "cik": "0001597264", "fillingDate": "2014-12-31", "acceptedDate": "2014-12-31 00:00:00", "calendarYear": "2014", "period": "FY", "revenue": 0, "costOfRevenue": 0, "grossProfit": 0, "grossProfitRatio": 0, "researchAndDevelopmentExpenses": 31844000, "generalAndAdministrativeExpenses": 7890000, "sellingAndMarketingExpenses": 0, "sellingGeneralAndAdministrativeExpenses": 7890000, "otherExpenses": -98000, "operatingExpenses": 39734000, "costAndExpenses": 39734000, "interestIncome": 0, "interestExpense": 453000, "depreciationAndAmortization": 622000, "ebitda": -39210000, "ebitdaratio": 0, "operatingIncome": -39832000, "operatingIncomeRatio": 0, "totalOtherIncomeExpensesNet": -98000, "incomeBeforeTax": -40285000, "incomeBeforeTaxRatio": 0, "incomeTaxExpense": 355000, "netIncome": -40285000, "netIncomeRatio": 0, "eps": -3.08, "epsdiluted": -3.08, "weightedAverageShsOut": 13083000, "weightedAverageShsOutDil": 13083000, "link": null, "finalLink": null, "calculatedOtherExpenses": 98000, "calculatedOperatingExpenses": 39832000, "calculatedNetInterest": -453000, "calculatedOtherIncome": 0, "calculatedIncomeNonControlling": -355000, "calculatedEbitda": -39210000}, {"date": "2013-12-31", "symbol": "BPMC", "reportedCurrency": "USD", "cik": "0001597264", "fillingDate": "2013-12-31", "acceptedDate": "2013-12-31 00:00:00", "calendarYear": "2013", "period": "FY", "revenue": 0, "costOfRevenue": 0, "grossProfit": 0, "grossProfitRatio": 0, "researchAndDevelopmentExpenses": 15928000, "generalAndAdministrativeExpenses": 5072000, "sellingAndMarketingExpenses": 0, "sellingGeneralAndAdministrativeExpenses": 5072000, "otherExpenses": 226000, "operatingExpenses": 21000000, "costAndExpenses": 21000000, "interestIncome": 0, "interestExpense": 138000, "depreciationAndAmortization": 501000, "ebitda": -20273000, "ebitdaratio": 0, "operatingIncome": -20774000, "operatingIncomeRatio": 0, "totalOtherIncomeExpensesNet": 226000, "incomeBeforeTax": -20912000, "incomeBeforeTaxRatio": 0, "incomeTaxExpense": 364000, "netIncome": -20912000, "netIncomeRatio": 0, "eps": -1.6, "epsdiluted": -1.6, "weightedAverageShsOut": 13083000, "weightedAverageShsOutDil": 13083000, "link": null, "finalLink": null, "calculatedOtherExpenses": -226000, "calculatedOperatingExpenses": 20774000, "calculatedNetInterest": -138000, "calculatedOtherIncome": 0, "calculatedIncomeNonControlling": -364000, "calculatedEbitda": -20273000}]}