{"originalCurrency": "USD", "convertedCurrency": "USD", "report": [{"date": "2023-12-31", "symbol": "BPOP", "reportedCurrency": "USD", "cik": "0000763901", "fillingDate": "2024-02-29", "acceptedDate": "2024-02-29 14:17:47", "calendarYear": "2023", "period": "FY", "revenue": 3911431000, "costOfRevenue": 25000, "grossProfit": 3911406000, "grossProfitRatio": 0.9999936085, "researchAndDevelopmentExpenses": 0, "generalAndAdministrativeExpenses": 884030000, "sellingAndMarketingExpenses": 94926000, "sellingGeneralAndAdministrativeExpenses": 978956000, "otherExpenses": -907861000, "operatingExpenses": 907861000, "costAndExpenses": 3328843000, "interestIncome": 3245307000, "interestExpense": 63759000, "depreciationAndAmortization": 65879000, "ebitda": 3180000, "ebitdaratio": 0.0008130017, "operatingIncome": -62699000, "operatingIncomeRatio": -0.0160296833, "totalOtherIncomeExpensesNet": 675539000, "incomeBeforeTax": 675539000, "incomeBeforeTaxRatio": 0.1727089139, "incomeTaxExpense": 134197000, "netIncome": 541342000, "netIncomeRatio": 0.1383999871, "eps": 7.53, "epsdiluted": 7.52, "weightedAverageShsOut": 71710265, "weightedAverageShsOutDil": 71791692, "link": "https://www.sec.gov/Archives/edgar/data/763901/000119312524053017/0001193125-24-053017-index.htm", "finalLink": "https://www.sec.gov/Archives/edgar/data/763901/000119312524053017/d52551d10k.htm", "calculatedOtherExpenses": 2995149000, "calculatedOperatingExpenses": 3974105000, "calculatedNetInterest": 3181548000, "calculatedOtherIncome": -2443310000, "calculatedIncomeNonControlling": 0, "calculatedEbitda": 3180000}, {"date": "2022-12-31", "symbol": "BPOP", "reportedCurrency": "USD", "cik": "0000763901", "fillingDate": "2023-03-01", "acceptedDate": "2023-03-01 16:50:53", "calendarYear": "2022", "period": "FY", "revenue": 2937276000, "costOfRevenue": 0, "grossProfit": 2937276000, "grossProfitRatio": 1, "researchAndDevelopmentExpenses": 0, "generalAndAdministrativeExpenses": 746551000, "sellingAndMarketingExpenses": 88918000, "sellingGeneralAndAdministrativeExpenses": 835469000, "otherExpenses": -2184115000, "operatingExpenses": -1348646000, "costAndExpenses": -1348646000, "interestIncome": 2465911000, "interestExpense": 298552000, "depreciationAndAmortization": 3275000, "ebitda": 1591905000, "ebitdaratio": 0.5419664342, "operatingIncome": 1588630000, "operatingIncomeRatio": 0.5408514556, "totalOtherIncomeExpensesNet": -353659000, "incomeBeforeTax": 1234971000, "incomeBeforeTaxRatio": 0.4204477209, "incomeTaxExpense": 132330000, "netIncome": 1102641000, "netIncomeRatio": 0.3753957749, "eps": 14.65, "epsdiluted": 14.63, "weightedAverageShsOut": 75147263, "weightedAverageShsOutDil": 75274003, "link": "https://www.sec.gov/Archives/edgar/data/763901/000119312523056454/0001193125-23-056454-index.htm", "finalLink": "https://www.sec.gov/Archives/edgar/data/763901/000119312523056454/d408943d10k.htm", "calculatedOtherExpenses": 513177000, "calculatedOperatingExpenses": 1348646000, "calculatedNetInterest": 2167359000, "calculatedOtherIncome": -2521018000, "calculatedIncomeNonControlling": 0, "calculatedEbitda": 1591905000}, {"date": "2021-12-31", "symbol": "BPOP", "reportedCurrency": "USD", "cik": "0000763901", "fillingDate": "2022-03-01", "acceptedDate": "2022-03-01 14:12:16", "calendarYear": "2021", "period": "FY", "revenue": 2554630000, "costOfRevenue": 316897000, "grossProfit": 2237733000, "grossProfitRatio": 0.8759518991, "researchAndDevelopmentExpenses": 0, "generalAndAdministrativeExpenses": 682615000, "sellingAndMarketingExpenses": 72981000, "sellingGeneralAndAdministrativeExpenses": 755596000, "otherExpenses": -2066319000, "operatingExpenses": -1310723000, "costAndExpenses": -1310723000, "interestIncome": 2122637000, "interestExpense": 165047000, "depreciationAndAmortization": 9134000, "ebitda": 1253041000, "ebitdaratio": 0.4904980369, "operatingIncome": 1243907000, "operatingIncomeRatio": 0.486922568, "totalOtherIncomeExpensesNet": 1129956000, "incomeBeforeTax": 1243907000, "incomeBeforeTaxRatio": 0.486922568, "incomeTaxExpense": 309018000, "netIncome": 934889000, "netIncomeRatio": 0.3659586711, "eps": 11.49, "epsdiluted": 11.46, "weightedAverageShsOut": 81263027, "weightedAverageShsOutDil": 81420154, "link": "https://www.sec.gov/Archives/edgar/data/763901/000119312522060953/0001193125-22-060953-index.htm", "finalLink": "https://www.sec.gov/Archives/edgar/data/763901/000119312522060953/d192149d10k.htm", "calculatedOtherExpenses": 238230000, "calculatedOperatingExpenses": 993826000, "calculatedNetInterest": 1957590000, "calculatedOtherIncome": -1957590000, "calculatedIncomeNonControlling": 0, "calculatedEbitda": 1253041000}, {"date": "2020-12-31", "symbol": "BPOP", "reportedCurrency": "USD", "cik": "0000763901", "fillingDate": "2021-03-01", "acceptedDate": "2021-03-01 17:09:21", "calendarYear": "2020", "period": "FY", "revenue": 2323817000, "costOfRevenue": 333679000, "grossProfit": 1990138000, "grossProfitRatio": 0.856409089, "researchAndDevelopmentExpenses": 0, "generalAndAdministrativeExpenses": 611569000, "sellingAndMarketingExpenses": 57608000, "sellingGeneralAndAdministrativeExpenses": 669177000, "otherExpenses": -2374434000, "operatingExpenses": -1705257000, "costAndExpenses": -1705257000, "interestIncome": 2091551000, "interestExpense": 234938000, "depreciationAndAmortization": 6397000, "ebitda": 624957000, "ebitdaratio": 0.2689355487, "operatingIncome": 618560000, "operatingIncomeRatio": 0.2661827502, "totalOtherIncomeExpensesNet": 531341000, "incomeBeforeTax": 618560000, "incomeBeforeTaxRatio": 0.2661827502, "incomeTaxExpense": 111938000, "netIncome": 506622000, "netIncomeRatio": 0.2180128642, "eps": 5.88, "epsdiluted": 5.87, "weightedAverageShsOut": 85882371, "weightedAverageShsOutDil": 85975259, "link": "https://www.sec.gov/Archives/edgar/data/763901/000119312521063781/0001193125-21-063781-index.htm", "finalLink": "https://www.sec.gov/Archives/edgar/data/763901/000119312521063781/d58850d10k.htm", "calculatedOtherExpenses": 702401000, "calculatedOperatingExpenses": 1371578000, "calculatedNetInterest": 1856613000, "calculatedOtherIncome": -1856613000, "calculatedIncomeNonControlling": 0, "calculatedEbitda": 624957000}, {"date": "2019-12-31", "symbol": "BPOP", "reportedCurrency": "USD", "cik": "0000763901", "fillingDate": "2020-03-02", "acceptedDate": "2020-03-02 16:08:45", "calendarYear": "2019", "period": "FY", "revenue": 2423518000, "costOfRevenue": 324422000, "grossProfit": 2099096000, "grossProfitRatio": 0.8661359231, "researchAndDevelopmentExpenses": 0, "generalAndAdministrativeExpenses": 879586000, "sellingAndMarketingExpenses": 75372000, "sellingGeneralAndAdministrativeExpenses": 954958000, "otherExpenses": -2560160000, "operatingExpenses": -1605202000, "costAndExpenses": -1605202000, "interestIncome": 2260793000, "interestExpense": 369099000, "depreciationAndAmortization": 9370000, "ebitda": 827686000, "ebitdaratio": 0.3415225305, "operatingIncome": 818316000, "operatingIncomeRatio": 0.3376562501, "totalOtherIncomeExpensesNet": 729802000, "incomeBeforeTax": 818316000, "incomeBeforeTaxRatio": 0.3376562501, "incomeTaxExpense": 147181000, "netIncome": 671135000, "netIncomeRatio": 0.2769259399, "eps": 6.89, "epsdiluted": 6.88, "weightedAverageShsOut": 96848835, "weightedAverageShsOutDil": 96997800, "link": "https://www.sec.gov/Archives/edgar/data/763901/000119312520058848/0001193125-20-058848-index.htm", "finalLink": "https://www.sec.gov/Archives/edgar/data/763901/000119312520058848/d838900d10k.htm", "calculatedOtherExpenses": 325822000, "calculatedOperatingExpenses": 1280780000, "calculatedNetInterest": 1891694000, "calculatedOtherIncome": -1891694000, "calculatedIncomeNonControlling": 0, "calculatedEbitda": 827686000}, {"date": "2018-12-31", "symbol": "BPOP", "reportedCurrency": "USD", "cik": "0000763901", "fillingDate": "2019-03-01", "acceptedDate": "2019-03-01 11:43:54", "calendarYear": "2018", "period": "FY", "revenue": 2359392000, "costOfRevenue": 0, "grossProfit": 2359392000, "grossProfitRatio": 1, "researchAndDevelopmentExpenses": 0, "generalAndAdministrativeExpenses": 829980000, "sellingAndMarketingExpenses": 65918000, "sellingGeneralAndAdministrativeExpenses": 895898000, "otherExpenses": -2230582000, "operatingExpenses": -1334684000, "costAndExpenses": -1334684000, "interestIncome": 2021848000, "interestExpense": 286971000, "depreciationAndAmortization": 9326000, "ebitda": 1087334000, "ebitdaratio": 0.4608534741, "operatingIncome": 1024708000, "operatingIncomeRatio": 0.4343101952, "totalOtherIncomeExpensesNet": -286971000, "incomeBeforeTax": 737737000, "incomeBeforeTaxRatio": 0.3126809788, "incomeTaxExpense": 119579000, "netIncome": 614435000, "netIncomeRatio": 0.260420905, "eps": 6.07, "epsdiluted": 6.06, "weightedAverageShsOut": 101142258, "weightedAverageShsOutDil": 101308643, "link": "https://www.sec.gov/Archives/edgar/data/763901/000119312519059912/0001193125-19-059912-index.htm", "finalLink": "https://www.sec.gov/Archives/edgar/data/763901/000119312519059912/d667927d10k.htm", "calculatedOtherExpenses": 438786000, "calculatedOperatingExpenses": 1334684000, "calculatedNetInterest": 1734877000, "calculatedOtherIncome": -2021848000, "calculatedIncomeNonControlling": 3723000, "calculatedEbitda": 1034034000}, {"date": "2017-12-31", "symbol": "BPOP", "reportedCurrency": "USD", "cik": "0000763901", "fillingDate": "2018-03-01", "acceptedDate": "2018-03-01 15:38:53", "calendarYear": "2017", "period": "FY", "revenue": 1894930000, "costOfRevenue": 0, "grossProfit": 1894930000, "grossProfitRatio": 1, "researchAndDevelopmentExpenses": 0, "generalAndAdministrativeExpenses": 732961000, "sellingAndMarketingExpenses": 58445000, "sellingGeneralAndAdministrativeExpenses": 791406000, "otherExpenses": -2101682000, "operatingExpenses": -1310276000, "costAndExpenses": -26201000, "interestIncome": 1725944000, "interestExpense": 223980000, "depreciationAndAmortization": 9378000, "ebitda": 620233000, "ebitdaratio": 0.3273118268, "operatingIncome": 610855000, "operatingIncomeRatio": 0.3223628313, "totalOtherIncomeExpensesNet": -272344000, "incomeBeforeTax": 338511000, "incomeBeforeTaxRatio": 0.1786403719, "incomeTaxExpense": 230830000, "netIncome": 107681000, "netIncomeRatio": 0.0568258458, "eps": 1.02, "epsdiluted": 1.02, "weightedAverageShsOut": 101966429, "weightedAverageShsOutDil": 102045336, "link": "https://www.sec.gov/Archives/edgar/data/763901/000119312518066922/0001193125-18-066922-index.htm", "finalLink": "https://www.sec.gov/Archives/edgar/data/763901/000119312518066922/d487181d10k.htm", "calculatedOtherExpenses": 492669000, "calculatedOperatingExpenses": 1284075000, "calculatedNetInterest": 1501964000, "calculatedOtherIncome": -1774308000, "calculatedIncomeNonControlling": 0, "calculatedEbitda": 620233000}, {"date": "2016-12-31", "symbol": "BPOP", "reportedCurrency": "USD", "cik": "0000763901", "fillingDate": "2017-03-01", "acceptedDate": "2017-03-01 17:30:20", "calendarYear": "2016", "period": "FY", "revenue": 1699195000, "costOfRevenue": 0, "grossProfit": 1699195000, "grossProfitRatio": 1, "researchAndDevelopmentExpenses": 0, "generalAndAdministrativeExpenses": 741351000, "sellingAndMarketingExpenses": 53014000, "sellingGeneralAndAdministrativeExpenses": 794365000, "otherExpenses": -1938693000, "operatingExpenses": -1144328000, "costAndExpenses": -1144328000, "interestIncome": 1634573000, "interestExpense": 212518000, "depreciationAndAmortization": 12144000, "ebitda": 567011000, "ebitdaratio": 0.3336938962, "operatingIncome": 554867000, "operatingIncomeRatio": 0.3265469825, "totalOtherIncomeExpensesNet": -260527000, "incomeBeforeTax": 294340000, "incomeBeforeTaxRatio": 0.1732232028, "incomeTaxExpense": 78784000, "netIncome": 216691000, "netIncomeRatio": 0.1275256813, "eps": 2.06, "epsdiluted": 2.06, "weightedAverageShsOut": 103275264, "weightedAverageShsOutDil": 103377283, "link": "https://www.sec.gov/Archives/edgar/data/763901/000119312517066025/0001193125-17-066025-index.htm", "finalLink": "https://www.sec.gov/Archives/edgar/data/763901/000119312517066025/d248330d10k.htm", "calculatedOtherExpenses": 349963000, "calculatedOperatingExpenses": 1144328000, "calculatedNetInterest": 1422055000, "calculatedOtherIncome": -1682582000, "calculatedIncomeNonControlling": -1135000, "calculatedEbitda": 567011000}, {"date": "2015-12-31", "symbol": "BPOP", "reportedCurrency": "USD", "cik": "0000763901", "fillingDate": "2016-02-29", "acceptedDate": "2016-02-29 16:32:26", "calendarYear": "2015", "period": "FY", "revenue": 1905670000, "costOfRevenue": 0, "grossProfit": 1905670000, "grossProfitRatio": 1, "researchAndDevelopmentExpenses": 0, "generalAndAdministrativeExpenses": 530291000, "sellingAndMarketingExpenses": 52076000, "sellingGeneralAndAdministrativeExpenses": 582367000, "otherExpenses": -1846360000, "operatingExpenses": -1263993000, "costAndExpenses": -1263993000, "interestIncome": 1603014000, "interestExpense": 194031000, "depreciationAndAmortization": 11019000, "ebitda": 652696000, "ebitdaratio": 0.3425021121, "operatingIncome": 641677000, "operatingIncomeRatio": 0.3367198938, "totalOtherIncomeExpensesNet": -242852000, "incomeBeforeTax": 398825000, "incomeBeforeTaxRatio": 0.2092833492, "incomeTaxExpense": -495172000, "netIncome": 895344000, "netIncomeRatio": 0.4698316078, "eps": 8.66, "epsdiluted": 8.65, "weightedAverageShsOut": 102967186, "weightedAverageShsOutDil": 103124309, "link": "https://www.sec.gov/Archives/edgar/data/763901/000119312516485443/0001193125-16-485443-index.htm", "finalLink": "https://www.sec.gov/Archives/edgar/data/763901/000119312516485443/d21916d10k.htm", "calculatedOtherExpenses": 681626000, "calculatedOperatingExpenses": 1263993000, "calculatedNetInterest": 1408983000, "calculatedOtherIncome": -1651835000, "calculatedIncomeNonControlling": -1347000, "calculatedEbitda": 652696000}, {"date": "2014-12-31", "symbol": "BPOP", "reportedCurrency": "USD", "cik": "0000763901", "fillingDate": "2015-03-02", "acceptedDate": "2015-03-02 16:55:05", "calendarYear": "2014", "period": "FY", "revenue": 1316530000, "costOfRevenue": 6531000, "grossProfit": 1309999000, "grossProfitRatio": 0.9950392319, "researchAndDevelopmentExpenses": 0, "generalAndAdministrativeExpenses": 484670000, "sellingAndMarketingExpenses": 54016000, "sellingGeneralAndAdministrativeExpenses": 538686000, "otherExpenses": -1367014000, "operatingExpenses": -828328000, "costAndExpenses": 6531000, "interestIncome": 1633543000, "interestExpense": 688471000, "depreciationAndAmortization": 8160000, "ebitda": 489831000, "ebitdaratio": 0.3720621634, "operatingIncome": 481671000, "operatingIncomeRatio": 0.3658640517, "totalOtherIncomeExpensesNet": -607371000, "incomeBeforeTax": -125700000, "incomeBeforeTaxRatio": -0.0954782648, "incomeTaxExpense": 60802000, "netIncome": -309482000, "netIncomeRatio": -0.2350740203, "eps": -3.01, "epsdiluted": -3.01, "weightedAverageShsOut": 102848792, "weightedAverageShsOutDil": 102848792, "link": "https://www.sec.gov/Archives/edgar/data/763901/000119312515073457/0001193125-15-073457-index.htm", "finalLink": "https://www.sec.gov/Archives/edgar/data/763901/000119312515073457/d824277d10k.htm", "calculatedOtherExpenses": 289642000, "calculatedOperatingExpenses": 828328000, "calculatedNetInterest": 945072000, "calculatedOtherIncome": -1552443000, "calculatedIncomeNonControlling": 122980000, "calculatedEbitda": 489831000}, {"date": "2013-12-31", "symbol": "BPOP", "reportedCurrency": "USD", "cik": "0000763901", "fillingDate": "2014-02-28", "acceptedDate": "2014-02-28 17:07:23", "calendarYear": "2013", "period": "FY", "revenue": 2222337000, "costOfRevenue": 0, "grossProfit": 2222337000, "grossProfitRatio": 1, "researchAndDevelopmentExpenses": 0, "generalAndAdministrativeExpenses": 548674000, "sellingAndMarketingExpenses": 60476000, "sellingGeneralAndAdministrativeExpenses": 609150000, "otherExpenses": -2119449000, "operatingExpenses": -1510299000, "costAndExpenses": -1510299000, "interestIncome": 1748456000, "interestExpense": 315876000, "depreciationAndAmortization": 9883000, "ebitda": 721921000, "ebitdaratio": 0.3248476716, "operatingIncome": 712038000, "operatingIncomeRatio": 0.3204005513, "totalOtherIncomeExpensesNet": -364038000, "incomeBeforeTax": 348000000, "incomeBeforeTaxRatio": 0.156591912, "incomeTaxExpense": -251327000, "netIncome": 599327000, "netIncomeRatio": 0.2696832209, "eps": 5.8, "epsdiluted": 5.78, "weightedAverageShsOut": 102693685, "weightedAverageShsOutDil": 103061475, "link": "https://www.sec.gov/Archives/edgar/data/763901/000119312514077711/0001193125-14-077711-index.htm", "finalLink": "https://www.sec.gov/Archives/edgar/data/763901/000119312514077711/d626440d10k.htm", "calculatedOtherExpenses": 901149000, "calculatedOperatingExpenses": 1510299000, "calculatedNetInterest": 1432580000, "calculatedOtherIncome": -1796618000, "calculatedIncomeNonControlling": 0, "calculatedEbitda": 721921000}, {"date": "2012-12-31", "symbol": "BPOP", "reportedCurrency": "USD", "cik": "0000763901", "fillingDate": "2013-02-28", "acceptedDate": "2013-02-28 17:31:31", "calendarYear": "2012", "period": "FY", "revenue": 1819232000, "costOfRevenue": 0, "grossProfit": 1819232000, "grossProfitRatio": 1, "researchAndDevelopmentExpenses": 0, "generalAndAdministrativeExpenses": 578233000, "sellingAndMarketingExpenses": 61576000, "sellingGeneralAndAdministrativeExpenses": 639809000, "otherExpenses": -1814347000, "operatingExpenses": -1174538000, "costAndExpenses": -1174538000, "interestIncome": 1751705000, "interestExpense": 379086000, "depreciationAndAmortization": 10072000, "ebitda": 654766000, "ebitdaratio": 0.359913414, "operatingIncome": 644694000, "operatingIncomeRatio": 0.3543770118, "totalOtherIncomeExpensesNet": -425822000, "incomeBeforeTax": 218872000, "incomeBeforeTaxRatio": 0.1203101089, "incomeTaxExpense": -26403000, "netIncome": 245275000, "netIncomeRatio": 0.134823376, "eps": 2.35, "epsdiluted": 2.35, "weightedAverageShsOut": 102429755, "weightedAverageShsOutDil": 102653610, "link": "https://www.sec.gov/Archives/edgar/data/763901/000119312513084900/0001193125-13-084900-index.htm", "finalLink": "https://www.sec.gov/Archives/edgar/data/763901/000119312513084900/d454466d10k.htm", "calculatedOtherExpenses": 534729000, "calculatedOperatingExpenses": 1174538000, "calculatedNetInterest": 1372619000, "calculatedOtherIncome": -1798441000, "calculatedIncomeNonControlling": 0, "calculatedEbitda": 654766000}, {"date": "2011-12-31", "symbol": "BPOP", "reportedCurrency": "USD", "cik": "0000763901", "fillingDate": "2012-02-29", "acceptedDate": "2012-02-29 14:30:39", "calendarYear": "2011", "period": "FY", "revenue": 1983946000, "costOfRevenue": 0, "grossProfit": 1983946000, "grossProfitRatio": 1, "researchAndDevelopmentExpenses": 0, "generalAndAdministrativeExpenses": 584859000, "sellingAndMarketingExpenses": 44421000, "sellingGeneralAndAdministrativeExpenses": 629280000, "otherExpenses": -1795019000, "operatingExpenses": -1165739000, "costAndExpenses": -1165739000, "interestIncome": 1937501000, "interestExpense": 505509000, "depreciationAndAmortization": 9654000, "ebitda": 827861000, "ebitdaratio": 0.4172800066, "operatingIncome": 818207000, "operatingIncomeRatio": 0.4124139468, "totalOtherIncomeExpensesNet": -551955000, "incomeBeforeTax": 266252000, "incomeBeforeTaxRatio": 0.1342032495, "incomeTaxExpense": 114927000, "netIncome": 151325000, "netIncomeRatio": 0.0762747575, "eps": 1.4, "epsdiluted": 1.4, "weightedAverageShsOut": 102179393, "weightedAverageShsOutDil": 102289496, "link": "https://www.sec.gov/Archives/edgar/data/763901/000119312512088543/0001193125-12-088543-index.htm", "finalLink": "https://www.sec.gov/Archives/edgar/data/763901/000119312512088543/d270393d10k.htm", "calculatedOtherExpenses": 536459000, "calculatedOperatingExpenses": 1165739000, "calculatedNetInterest": 1431992000, "calculatedOtherIncome": -1983947000, "calculatedIncomeNonControlling": 0, "calculatedEbitda": 827861000}, {"date": "2010-12-31", "symbol": "BPOP", "reportedCurrency": "USD", "cik": "0000763901", "fillingDate": "2011-03-01", "acceptedDate": "2011-03-01 15:17:28", "calendarYear": "2010", "period": "FY", "revenue": 2540503000, "costOfRevenue": 640802000, "grossProfit": 1899701000, "grossProfitRatio": 0.7477656984, "researchAndDevelopmentExpenses": 0, "generalAndAdministrativeExpenses": 514198000, "sellingAndMarketingExpenses": 0, "sellingGeneralAndAdministrativeExpenses": 514198000, "otherExpenses": -640802000, "operatingExpenses": -126604000, "costAndExpenses": 514198000, "interestIncome": 1948246000, "interestExpense": 653381000, "depreciationAndAmortization": 68034000, "ebitda": 967046000, "ebitdaratio": 0.3806513907, "operatingIncome": 899012000, "operatingIncomeRatio": 0.3538716546, "totalOtherIncomeExpensesNet": -653381000, "incomeBeforeTax": 245631000, "incomeBeforeTaxRatio": 0.0966859712, "incomeTaxExpense": 108230000, "netIncome": -246553000, "netIncomeRatio": -0.0970488915, "eps": -2.79, "epsdiluted": -2.79, "weightedAverageShsOut": 88515404, "weightedAverageShsOutDil": 88515404, "link": "https://www.sec.gov/Archives/edgar/data/763901/000095012311020539/0000950123-11-020539-index.htm", "finalLink": "https://www.sec.gov/Archives/edgar/data/763901/000095012311020539/g25845e10vk.htm", "calculatedOtherExpenses": 486491000, "calculatedOperatingExpenses": 1000689000, "calculatedNetInterest": 1294865000, "calculatedOtherIncome": -1948246000, "calculatedIncomeNonControlling": 383954000, "calculatedEbitda": 967046000}, {"date": "2009-12-31", "symbol": "BPOP", "reportedCurrency": "USD", "cik": "0000763901", "fillingDate": "2010-03-01", "acceptedDate": "2010-03-01 15:45:18", "calendarYear": "2009", "period": "FY", "revenue": 1997754000, "costOfRevenue": 0, "grossProfit": 1997754000, "grossProfitRatio": 1, "researchAndDevelopmentExpenses": 0, "generalAndAdministrativeExpenses": 533263000, "sellingAndMarketingExpenses": 0, "sellingGeneralAndAdministrativeExpenses": 533263000, "otherExpenses": -2359494000, "operatingExpenses": -1826231000, "costAndExpenses": -1826231000, "interestIncome": 1854997000, "interestExpense": 753744000, "depreciationAndAmortization": 73933000, "ebitda": 245456000, "ebitdaratio": 0.1228659785, "operatingIncome": 171523000, "operatingIncomeRatio": 0.0858579184, "totalOtherIncomeExpensesNet": -733772000, "incomeBeforeTax": -562249000, "incomeBeforeTaxRatio": -0.2814405577, "incomeTaxExpense": -8302000, "netIncome": -573919000, "netIncomeRatio": -0.2872821178, "eps": -14.06, "epsdiluted": -14.06, "weightedAverageShsOut": 40822949, "weightedAverageShsOutDil": 40822949, "link": "https://www.sec.gov/Archives/edgar/data/763901/000095012310019250/0000950123-10-019250-index.htm", "finalLink": "https://www.sec.gov/Archives/edgar/data/763901/000095012310019250/g21994e10vk.htm", "calculatedOtherExpenses": 1292968000, "calculatedOperatingExpenses": 1826231000, "calculatedNetInterest": 1101253000, "calculatedOtherIncome": -1835025000, "calculatedIncomeNonControlling": 19972000, "calculatedEbitda": 245456000}, {"date": "2008-12-31", "symbol": "BPOP", "reportedCurrency": "USD", "cik": "0000763901", "fillingDate": "2009-03-02", "acceptedDate": "2009-03-02 16:56:12", "calendarYear": "2008", "period": "FY", "revenue": 2109178000, "costOfRevenue": 0, "grossProfit": 2109178000, "grossProfitRatio": 1, "researchAndDevelopmentExpenses": 0, "generalAndAdministrativeExpenses": 608465000, "sellingAndMarketingExpenses": 0, "sellingGeneralAndAdministrativeExpenses": 608465000, "otherExpenses": -2505093000, "operatingExpenses": -1896628000, "costAndExpenses": -1896628000, "interestIncome": 2274123000, "interestExpense": 994919000, "depreciationAndAmortization": 84597000, "ebitda": 297147000, "ebitdaratio": 0.1408828463, "operatingIncome": 212550000, "operatingIncomeRatio": 0.100773856, "totalOtherIncomeExpensesNet": -431484000, "incomeBeforeTax": -218934000, "incomeBeforeTaxRatio": -0.1038006275, "incomeTaxExpense": 461534000, "netIncome": -1243903000, "netIncomeRatio": -0.5897572419, "eps": -44.25, "epsdiluted": -44.25, "weightedAverageShsOut": 28107920, "weightedAverageShsOutDil": 28107920, "link": "https://www.sec.gov/Archives/edgar/data/763901/000095014409001778/0000950144-09-001778-index.htm", "finalLink": "https://www.sec.gov/Archives/edgar/data/763901/000095014409001778/g17700e10vk.htm", "calculatedOtherExpenses": 1288163000, "calculatedOperatingExpenses": 1896628000, "calculatedNetInterest": 1279204000, "calculatedOtherIncome": -1710688000, "calculatedIncomeNonControlling": 563435000, "calculatedEbitda": 297147000}, {"date": "2007-12-31", "symbol": "BPOP", "reportedCurrency": "USD", "cik": "0000763901", "fillingDate": "2008-02-29", "acceptedDate": "2008-02-29 17:14:35", "calendarYear": "2007", "period": "FY", "revenue": 2143706000, "costOfRevenue": 0, "grossProfit": 2143706000, "grossProfitRatio": 1, "researchAndDevelopmentExpenses": 0, "generalAndAdministrativeExpenses": 668189000, "sellingAndMarketingExpenses": 115388000, "sellingGeneralAndAdministrativeExpenses": 783577000, "otherExpenses": -1371997000, "operatingExpenses": -588420000, "costAndExpenses": -588420000, "interestIncome": 3128171000, "interestExpense": 1678781000, "depreciationAndAmortization": 260867000, "ebitda": 1816153000, "ebitdaratio": 0.8472024615, "operatingIncome": 1555286000, "operatingIncomeRatio": 0.7255127336, "totalOtherIncomeExpensesNet": -1678781000, "incomeBeforeTax": -123495000, "incomeBeforeTaxRatio": -0.0576081795, "incomeTaxExpense": -59002000, "netIncome": -64493000, "netIncomeRatio": -0.0300848157, "eps": -2.31, "epsdiluted": -2.31, "weightedAverageShsOut": 27949415, "weightedAverageShsOutDil": 27949415, "link": "https://www.sec.gov/Archives/edgar/data/763901/000095014408001554/0000950144-08-001554-index.htm", "finalLink": "https://www.sec.gov/Archives/edgar/data/763901/000095014408001554/g11828e10vk.htm", "calculatedOtherExpenses": -195157000, "calculatedOperatingExpenses": 588420000, "calculatedNetInterest": 1449390000, "calculatedOtherIncome": -3128171000, "calculatedIncomeNonControlling": 0, "calculatedEbitda": 1816153000}, {"date": "2006-12-31", "symbol": "BPOP", "reportedCurrency": "USD", "cik": "0000763901", "fillingDate": "2007-03-01", "acceptedDate": "2007-03-01 16:53:18", "calendarYear": "2006", "period": "FY", "revenue": 2237395000, "costOfRevenue": 0, "grossProfit": 2237395000, "grossProfitRatio": 1, "researchAndDevelopmentExpenses": 0, "generalAndAdministrativeExpenses": 668671000, "sellingAndMarketingExpenses": 129965000, "sellingGeneralAndAdministrativeExpenses": 798636000, "otherExpenses": -934938000, "operatingExpenses": -136302000, "costAndExpenses": -136302000, "interestIncome": 3064441000, "interestExpense": 1636531000, "depreciationAndAmortization": 327832000, "ebitda": 2428925000, "ebitdaratio": 1.0856040172, "operatingIncome": 2101093000, "operatingIncomeRatio": 0.9390800462, "totalOtherIncomeExpensesNet": -1636531000, "incomeBeforeTax": 464562000, "incomeBeforeTaxRatio": 0.2076352186, "incomeTaxExpense": 106886000, "netIncome": 357676000, "netIncomeRatio": 0.1598626975, "eps": 12.4, "epsdiluted": 12.4, "weightedAverageShsOut": 27884113, "weightedAverageShsOutDil": 27884113, "link": "https://www.sec.gov/Archives/edgar/data/763901/000095014407001794/0000950144-07-001794-index.htm", "finalLink": "https://www.sec.gov/Archives/edgar/data/763901/000095014407001794/g05717e10vk.htm", "calculatedOtherExpenses": -662334000, "calculatedOperatingExpenses": 136302000, "calculatedNetInterest": 1427910000, "calculatedOtherIncome": -3064441000, "calculatedIncomeNonControlling": 0, "calculatedEbitda": 2428925000}, {"date": "2005-12-31", "symbol": "BPOP", "reportedCurrency": "USD", "cik": "0000763901", "fillingDate": "2006-03-15", "acceptedDate": "2006-03-15 06:18:55", "calendarYear": "2005", "period": "FY", "revenue": 2209482000, "costOfRevenue": 0, "grossProfit": 2209482000, "grossProfitRatio": 1, "researchAndDevelopmentExpenses": 0, "generalAndAdministrativeExpenses": 622689000, "sellingAndMarketingExpenses": 100434000, "sellingGeneralAndAdministrativeExpenses": 723123000, "otherExpenses": -1001336000, "operatingExpenses": -278213000, "costAndExpenses": -278213000, "interestIncome": 2665859000, "interestExpense": 1241652000, "depreciationAndAmortization": 254049000, "ebitda": 2185318000, "ebitdaratio": 0.9890635, "operatingIncome": 1931269000, "operatingIncomeRatio": 0.874082251, "totalOtherIncomeExpensesNet": -1245259000, "incomeBeforeTax": 686010000, "incomeBeforeTaxRatio": 0.3104845389, "incomeTaxExpense": 148915000, "netIncome": 540702000, "netIncomeRatio": 0.2447188979, "eps": 19.8, "epsdiluted": 19.7, "weightedAverageShsOut": 26706515, "weightedAverageShsOutDil": 26842081, "link": "https://www.sec.gov/Archives/edgar/data/763901/000095014406002254/0000950144-06-002254-index.htm", "finalLink": "https://www.sec.gov/Archives/edgar/data/763901/000095014406002254/g00055e10vk.htm", "calculatedOtherExpenses": -444910000, "calculatedOperatingExpenses": 278213000, "calculatedNetInterest": 1424207000, "calculatedOtherIncome": -2669466000, "calculatedIncomeNonControlling": -3607000, "calculatedEbitda": 2185318000}, {"date": "2004-12-31", "symbol": "BPOP", "reportedCurrency": "USD", "cik": "0000763901", "fillingDate": "2005-03-16", "acceptedDate": "2005-03-16 11:03:42", "calendarYear": "2004", "period": "FY", "revenue": 1984282000, "costOfRevenue": 0, "grossProfit": 1984282000, "grossProfitRatio": 1, "researchAndDevelopmentExpenses": 0, "generalAndAdministrativeExpenses": 571018000, "sellingAndMarketingExpenses": 75708000, "sellingGeneralAndAdministrativeExpenses": 646726000, "otherExpenses": -1155641000, "operatingExpenses": -508915000, "costAndExpenses": -508915000, "interestIncome": 2216265000, "interestExpense": 840754000, "depreciationAndAmortization": 82114000, "ebitda": 1557481000, "ebitdaratio": 0.7849091006, "operatingIncome": 1475367000, "operatingIncomeRatio": 0.7435268777, "totalOtherIncomeExpensesNet": -840754000, "incomeBeforeTax": 634613000, "incomeBeforeTaxRatio": 0.3198199651, "incomeTaxExpense": 144705000, "netIncome": 489908000, "netIncomeRatio": 0.2468943426, "eps": 17.9, "epsdiluted": 17.9, "weightedAverageShsOut": 26703631, "weightedAverageShsOutDil": 26703631, "link": "https://www.sec.gov/Archives/edgar/data/763901/000095014405002592/0000950144-05-002592-index.htm", "finalLink": "https://www.sec.gov/Archives/edgar/data/763901/000095014405002592/g93551e10vk.htm", "calculatedOtherExpenses": -137811000, "calculatedOperatingExpenses": 508915000, "calculatedNetInterest": 1375511000, "calculatedOtherIncome": -2216265000, "calculatedIncomeNonControlling": 0, "calculatedEbitda": 1557481000}, {"date": "2003-12-31", "symbol": "BPOP", "reportedCurrency": "USD", "cik": "0000763901", "fillingDate": "2004-03-15", "acceptedDate": "2004-03-15 15:21:06", "calendarYear": "2003", "period": "FY", "revenue": 1910698000, "costOfRevenue": 0, "grossProfit": 1910698000, "grossProfitRatio": 1, "researchAndDevelopmentExpenses": 0, "generalAndAdministrativeExpenses": 526444000, "sellingAndMarketingExpenses": 73277000, "sellingGeneralAndAdministrativeExpenses": 599721000, "otherExpenses": -1159628000, "operatingExpenses": -559907000, "costAndExpenses": -559907000, "interestIncome": 2034238000, "interestExpense": 749550000, "depreciationAndAmortization": 148985000, "ebitda": 1499776000, "ebitdaratio": 0.7849361856, "operatingIncome": 1350791000, "operatingIncomeRatio": 0.7069620631, "totalOtherIncomeExpensesNet": -749550000, "incomeBeforeTax": 601241000, "incomeBeforeTaxRatio": 0.314670869, "incomeTaxExpense": 130326000, "netIncome": 470915000, "netIncomeRatio": 0.2464622876, "eps": 17.35, "epsdiluted": 17.35, "weightedAverageShsOut": 26570375, "weightedAverageShsOutDil": 26570375, "link": "https://www.sec.gov/Archives/edgar/data/763901/000095014404002527/0000950144-04-002527-index.htm", "finalLink": "https://www.sec.gov/Archives/edgar/data/763901/000095014404002527/g87633e10vk.htm", "calculatedOtherExpenses": -39814000, "calculatedOperatingExpenses": 559907000, "calculatedNetInterest": 1284688000, "calculatedOtherIncome": -2034238000, "calculatedIncomeNonControlling": 0, "calculatedEbitda": 1499776000}, {"date": "2002-12-31", "symbol": "BPOP", "reportedCurrency": "USD", "cik": "0000763901", "fillingDate": "2003-03-18", "acceptedDate": "2003-03-18 17:21:55", "calendarYear": "2002", "period": "FY", "revenue": 1704007000, "costOfRevenue": 0, "grossProfit": 1704007000, "grossProfitRatio": 1, "researchAndDevelopmentExpenses": 0, "generalAndAdministrativeExpenses": 488741000, "sellingAndMarketingExpenses": 61451000, "sellingGeneralAndAdministrativeExpenses": 550192000, "otherExpenses": -941544000, "operatingExpenses": -391352000, "costAndExpenses": -391352000, "interestIncome": 2023797000, "interestExpense": 843468000, "depreciationAndAmortization": 128406000, "ebitda": 1441061000, "ebitdaratio": 0.845689601, "operatingIncome": 1312655000, "operatingIncomeRatio": 0.7703342768, "totalOtherIncomeExpensesNet": -843468000, "incomeBeforeTax": 469187000, "incomeBeforeTaxRatio": 0.2753433525, "incomeTaxExpense": 117255000, "netIncome": 351932000, "netIncomeRatio": 0.2065320154, "eps": 13.1, "epsdiluted": 13.1, "weightedAverageShsOut": 26673435, "weightedAverageShsOutDil": 26673435, "link": "https://www.sec.gov/Archives/edgar/data/763901/000095014403003306/0000950144-03-003306-index.htm", "finalLink": "https://www.sec.gov/Archives/edgar/data/763901/000095014403003306/g81050e10vk.txt", "calculatedOtherExpenses": -158840000, "calculatedOperatingExpenses": 391352000, "calculatedNetInterest": 1180329000, "calculatedOtherIncome": -2023797000, "calculatedIncomeNonControlling": 0, "calculatedEbitda": 1441061000}, {"date": "2001-12-31", "symbol": "BPOP", "reportedCurrency": "USD", "cik": "0000763901", "fillingDate": "2002-03-21", "acceptedDate": "2002-03-21 00:00:00", "calendarYear": "2001", "period": "FY", "revenue": 1542501000, "costOfRevenue": 0, "grossProfit": 1542501000, "grossProfitRatio": 1, "researchAndDevelopmentExpenses": 0, "generalAndAdministrativeExpenses": 425142000, "sellingAndMarketingExpenses": 50783000, "sellingGeneralAndAdministrativeExpenses": 475925000, "otherExpenses": -590417000, "operatingExpenses": -114492000, "costAndExpenses": -114492000, "interestIncome": 2095862000, "interestExpense": 1018877000, "depreciationAndAmortization": 132989000, "ebitda": 1560998000, "ebitdaratio": 1.0119915643, "operatingIncome": 1428009000, "operatingIncomeRatio": 0.9257750886, "totalOtherIncomeExpensesNet": -1018877000, "incomeBeforeTax": 409132000, "incomeBeforeTaxRatio": 0.2652393742, "incomeTaxExpense": 105280000, "netIncome": 303852000, "netIncomeRatio": 0.1969865822, "eps": 10.85, "epsdiluted": 10.85, "weightedAverageShsOut": 27361290, "weightedAverageShsOutDil": 27361290, "link": "https://www.sec.gov/Archives/edgar/data/763901/000095014402002530/0000950144-02-002530-index.htm", "finalLink": "https://www.sec.gov/Archives/edgar/data/763901/000095014402002530/g74320e10-k.txt", "calculatedOtherExpenses": -361433000, "calculatedOperatingExpenses": 114492000, "calculatedNetInterest": 1076985000, "calculatedOtherIncome": -2095862000, "calculatedIncomeNonControlling": 0, "calculatedEbitda": 1560998000}, {"date": "2000-12-31", "symbol": "BPOP", "reportedCurrency": "USD", "cik": "0000763901", "fillingDate": "2001-03-16", "acceptedDate": "2001-03-16 00:00:00", "calendarYear": "2000", "period": "FY", "revenue": 1447859000, "costOfRevenue": 0, "grossProfit": 1447859000, "grossProfitRatio": 1, "researchAndDevelopmentExpenses": 0, "generalAndAdministrativeExpenses": 394176000, "sellingAndMarketingExpenses": 46791000, "sellingGeneralAndAdministrativeExpenses": 440967000, "otherExpenses": -344530000, "operatingExpenses": 96437000, "costAndExpenses": 96437000, "interestIncome": 2150157000, "interestExpense": 1167396000, "depreciationAndAmortization": 107061000, "ebitda": 1651357000, "ebitdaratio": 1.1405509791, "operatingIncome": 1544296000, "operatingIncomeRatio": 1.066606624, "totalOtherIncomeExpensesNet": -1167396000, "incomeBeforeTax": 376900000, "incomeBeforeTaxRatio": 0.2603154036, "incomeTaxExpense": 100797000, "netIncome": 276103000, "netIncomeRatio": 0.1906974367, "eps": 9.85, "epsdiluted": 9.85, "weightedAverageShsOut": 27183046, "weightedAverageShsOutDil": 27183046, "link": "https://www.sec.gov/Archives/edgar/data/763901/000095014401003596/0000950144-01-003596-index.htm", "finalLink": "https://www.sec.gov/Archives/edgar/data/763901/000095014401003596/g67461e10-k.txt", "calculatedOtherExpenses": -537404000, "calculatedOperatingExpenses": -96437000, "calculatedNetInterest": 982761000, "calculatedOtherIncome": -2150157000, "calculatedIncomeNonControlling": 0, "calculatedEbitda": 1651357000}, {"date": "1999-12-31", "symbol": "BPOP", "reportedCurrency": "USD", "cik": "0000763901", "fillingDate": "2000-03-15", "acceptedDate": "2000-03-15 00:00:00", "calendarYear": "1999", "period": "FY", "revenue": 1326400000, "costOfRevenue": 0, "grossProfit": 1326400000, "grossProfitRatio": 1, "researchAndDevelopmentExpenses": 0, "generalAndAdministrativeExpenses": 386700000, "sellingAndMarketingExpenses": 45900000, "sellingGeneralAndAdministrativeExpenses": 432600000, "otherExpenses": -518400000, "operatingExpenses": -85800000, "costAndExpenses": -85800000, "interestIncome": 1851700000, "interestExpense": 898000000, "depreciationAndAmortization": 109300000, "ebitda": 1349900000, "ebitdaratio": 1.0177171291, "operatingIncome": 1240600000, "operatingIncomeRatio": 0.9353136309, "totalOtherIncomeExpensesNet": -898000000, "incomeBeforeTax": 342600000, "incomeBeforeTaxRatio": 0.2582931242, "incomeTaxExpense": 85100000, "netIncome": 257500000, "netIncomeRatio": 0.1941344994, "eps": 9.2, "epsdiluted": 9.2, "weightedAverageShsOut": 27076087, "weightedAverageShsOutDil": 28014599, "link": "https://www.sec.gov/Archives/edgar/data/763901/0000950144-00-003220-index.html", "finalLink": "https://www.sec.gov/Archives/edgar/data/763901/000095014400003220/0000950144-00-003220.txt", "calculatedOtherExpenses": -346800000, "calculatedOperatingExpenses": 85800000, "calculatedNetInterest": 953700000, "calculatedOtherIncome": -1851700000, "calculatedIncomeNonControlling": 0, "calculatedEbitda": 1349900000}, {"date": "1998-12-31", "symbol": "BPOP", "reportedCurrency": "USD", "cik": "0000763901", "fillingDate": "1999-03-26", "acceptedDate": "1999-03-26 00:00:00", "calendarYear": "1998", "period": "FY", "revenue": 1164200000, "costOfRevenue": 0, "grossProfit": 1164200000, "grossProfitRatio": 1, "researchAndDevelopmentExpenses": 0, "generalAndAdministrativeExpenses": 337400000, "sellingAndMarketingExpenses": 39400000, "sellingGeneralAndAdministrativeExpenses": 376800000, "otherExpenses": -455300000, "operatingExpenses": -78500000, "costAndExpenses": -78500000, "interestIncome": 1651700000, "interestExpense": 778700000, "depreciationAndAmortization": 91000000, "ebitda": 1176700000, "ebitdaratio": 1.0107369868, "operatingIncome": 1085700000, "operatingIncomeRatio": 0.9325717231, "totalOtherIncomeExpensesNet": -778700000, "incomeBeforeTax": 307000000, "incomeBeforeTaxRatio": 0.2637003951, "incomeTaxExpense": 74700000, "netIncome": 232300000, "netIncomeRatio": 0.1995361622, "eps": 8.25, "epsdiluted": 8.25, "weightedAverageShsOut": 27151515, "weightedAverageShsOutDil": 28066116, "link": "https://www.sec.gov/Archives/edgar/data/763901/000095014499003263/0000950144-99-003263-index.html", "finalLink": "https://www.sec.gov/Archives/edgar/data/763901/", "calculatedOtherExpenses": -298300000, "calculatedOperatingExpenses": 78500000, "calculatedNetInterest": 873000000, "calculatedOtherIncome": -1651700000, "calculatedIncomeNonControlling": 0, "calculatedEbitda": 1176700000}, {"date": "1997-12-31", "symbol": "BPOP", "reportedCurrency": "USD", "cik": "0000763901", "fillingDate": "1998-03-25", "acceptedDate": "1998-03-25 00:00:00", "calendarYear": "1997", "period": "FY", "revenue": 1031600000, "costOfRevenue": 0, "grossProfit": 1031600000, "grossProfitRatio": 1, "researchAndDevelopmentExpenses": 0, "generalAndAdministrativeExpenses": 306900000, "sellingAndMarketingExpenses": 33600000, "sellingGeneralAndAdministrativeExpenses": 340500000, "otherExpenses": -380700000, "operatingExpenses": -40200000, "costAndExpenses": -40200000, "interestIncome": 1491300000, "interestExpense": 707300000, "depreciationAndAmortization": 77100000, "ebitda": 1068500000, "ebitdaratio": 1.0357696782, "operatingIncome": 991400000, "operatingIncomeRatio": 0.9610314075, "totalOtherIncomeExpensesNet": -707300000, "incomeBeforeTax": 284100000, "incomeBeforeTaxRatio": 0.2753974409, "incomeTaxExpense": 74500000, "netIncome": 209600000, "netIncomeRatio": 0.2031795269, "eps": 7.5, "epsdiluted": 7.5, "weightedAverageShsOut": 27946667, "weightedAverageShsOutDil": 27946667, "link": "https://www.sec.gov/Archives/edgar/data/763901/0000950144-98-003223-index.html", "finalLink": "https://www.sec.gov/Archives/edgar/data/763901/0000950144-98-003223.txt", "calculatedOtherExpenses": -300300000, "calculatedOperatingExpenses": 40200000, "calculatedNetInterest": 784000000, "calculatedOtherIncome": -1491300000, "calculatedIncomeNonControlling": 0, "calculatedEbitda": 1068500000}, {"date": "1996-12-31", "symbol": "BPOP", "reportedCurrency": "USD", "cik": "0000763901", "fillingDate": "1997-03-21", "acceptedDate": "1997-03-21 00:00:00", "calendarYear": "1996", "period": "FY", "revenue": 886800000, "costOfRevenue": 0, "grossProfit": 886800000, "grossProfitRatio": 1, "researchAndDevelopmentExpenses": 0, "generalAndAdministrativeExpenses": 273200000, "sellingAndMarketingExpenses": 26200000, "sellingGeneralAndAdministrativeExpenses": 299400000, "otherExpenses": -338500000, "operatingExpenses": -39100000, "costAndExpenses": -39100000, "interestIncome": 1272900000, "interestExpense": 591600000, "depreciationAndAmortization": 72000000, "ebitda": 919700000, "ebitdaratio": 1.0370996843, "operatingIncome": 847700000, "operatingIncomeRatio": 0.9559088859, "totalOtherIncomeExpensesNet": -591600000, "incomeBeforeTax": 256100000, "incomeBeforeTaxRatio": 0.2887911592, "incomeTaxExpense": 70900000, "netIncome": 185200000, "netIncomeRatio": 0.2088407758, "eps": 6.7, "epsdiluted": 6.7, "weightedAverageShsOut": 27641791, "weightedAverageShsOutDil": 27641791, "link": "https://www.sec.gov/Archives/edgar/data/763901/000095014497002709/0000950144-97-002709-index.html", "finalLink": "https://www.sec.gov/Archives/edgar/data/763901/", "calculatedOtherExpenses": -260300000, "calculatedOperatingExpenses": 39100000, "calculatedNetInterest": 681300000, "calculatedOtherIncome": -1272900000, "calculatedIncomeNonControlling": 0, "calculatedEbitda": 919700000}, {"date": "1995-12-31", "symbol": "BPOP", "reportedCurrency": "USD", "cik": "0000763901", "fillingDate": "1996-03-19", "acceptedDate": "1996-03-19 00:00:00", "calendarYear": "1995", "period": "FY", "revenue": 757500000, "costOfRevenue": 0, "grossProfit": 757500000, "grossProfitRatio": 1, "researchAndDevelopmentExpenses": 0, "generalAndAdministrativeExpenses": 249100000, "sellingAndMarketingExpenses": 17800000, "sellingGeneralAndAdministrativeExpenses": 266900000, "otherExpenses": -296600000, "operatingExpenses": -29700000, "costAndExpenses": -29700000, "interestIncome": 1105800000, "interestExpense": 521600000, "depreciationAndAmortization": 69500000, "ebitda": 797300000, "ebitdaratio": 1.0525412541, "operatingIncome": 727800000, "operatingIncomeRatio": 0.9607920792, "totalOtherIncomeExpensesNet": -521600000, "incomeBeforeTax": 206200000, "incomeBeforeTaxRatio": 0.2722112211, "incomeTaxExpense": 59800000, "netIncome": 146400000, "netIncomeRatio": 0.1932673267, "eps": 5.25, "epsdiluted": 5.25, "weightedAverageShsOut": 27885714, "weightedAverageShsOutDil": 27921053, "link": "https://www.sec.gov/Archives/edgar/data/763901/000095014496001021/0000950144-96-001021-index.html", "finalLink": "https://www.sec.gov/Archives/edgar/data/763901/", "calculatedOtherExpenses": -237200000, "calculatedOperatingExpenses": 29700000, "calculatedNetInterest": 584200000, "calculatedOtherIncome": -1105800000, "calculatedIncomeNonControlling": 0, "calculatedEbitda": 797300000}, {"date": "1994-12-31", "symbol": "BPOP", "reportedCurrency": "USD", "cik": "0000763901", "fillingDate": "1995-03-13", "acceptedDate": "1995-03-13 00:00:00", "calendarYear": "1994", "period": "FY", "revenue": 676700000, "costOfRevenue": 0, "grossProfit": 676700000, "grossProfitRatio": 1, "researchAndDevelopmentExpenses": 0, "generalAndAdministrativeExpenses": 225700000, "sellingAndMarketingExpenses": 16300000, "sellingGeneralAndAdministrativeExpenses": 242000000, "otherExpenses": -392000000, "operatingExpenses": -150000000, "costAndExpenses": -150000000, "interestIncome": 885100000, "interestExpense": 351600000, "depreciationAndAmortization": 65700000, "ebitda": 592400000, "ebitdaratio": 0.8754248559, "operatingIncome": 526700000, "operatingIncomeRatio": 0.7783360426, "totalOtherIncomeExpensesNet": -351600000, "incomeBeforeTax": 175100000, "incomeBeforeTaxRatio": 0.2587557263, "incomeTaxExpense": 50000000, "netIncome": 125100000, "netIncomeRatio": 0.1848677405, "eps": 4.59, "epsdiluted": 4.59, "weightedAverageShsOut": 27182561, "weightedAverageShsOutDil": 27182561, "link": "https://www.sec.gov/Archives/edgar/data/763901/000095014495000626/0000950144-95-000626-index.html", "finalLink": "https://www.sec.gov/Archives/edgar/data/763901/", "calculatedOtherExpenses": -92000000, "calculatedOperatingExpenses": 150000000, "calculatedNetInterest": 533500000, "calculatedOtherIncome": -885100000, "calculatedIncomeNonControlling": 0, "calculatedEbitda": 592400000}, {"date": "1993-12-31", "symbol": "BPOP", "reportedCurrency": "USD", "cik": "0000763901", "fillingDate": "1994-03-30", "acceptedDate": "1994-03-30 00:00:00", "calendarYear": "1993", "period": "FY", "revenue": 617300000, "costOfRevenue": 0, "grossProfit": 617300000, "grossProfitRatio": 1, "researchAndDevelopmentExpenses": 0, "generalAndAdministrativeExpenses": 215900000, "sellingAndMarketingExpenses": 16600000, "sellingGeneralAndAdministrativeExpenses": 232500000, "otherExpenses": -431400000, "operatingExpenses": -198900000, "costAndExpenses": -198900000, "interestIncome": 772100000, "interestExpense": 280000000, "depreciationAndAmortization": 27300000, "ebitda": 445700000, "ebitdaratio": 0.7220152276, "operatingIncome": 418400000, "operatingIncomeRatio": 0.6777903775, "totalOtherIncomeExpensesNet": -286200000, "incomeBeforeTax": 132200000, "incomeBeforeTaxRatio": 0.2141584319, "incomeTaxExpense": 28200000, "netIncome": 110200000, "netIncomeRatio": 0.1785193585, "eps": 4.2, "epsdiluted": 4.2, "weightedAverageShsOut": 26047619, "weightedAverageShsOutDil": 26047619, "link": "https://www.sec.gov/Archives/edgar/data/763901/000095014494000775/0000950144-94-000775-index.html", "finalLink": "https://www.sec.gov/Archives/edgar/data/763901/", "calculatedOtherExpenses": -33600000, "calculatedOperatingExpenses": 198900000, "calculatedNetInterest": 492100000, "calculatedOtherIncome": -778300000, "calculatedIncomeNonControlling": -6200000, "calculatedEbitda": 445700000}, {"date": "1992-12-31", "symbol": "BPOP", "reportedCurrency": "USD", "cik": "0000763901", "fillingDate": "1992-12-31", "acceptedDate": "1992-12-30 19:00:00", "calendarYear": "1992", "period": "FY", "revenue": 564700000, "costOfRevenue": 0, "grossProfit": 564700000, "grossProfitRatio": 1, "researchAndDevelopmentExpenses": 0, "generalAndAdministrativeExpenses": 188200000, "sellingAndMarketingExpenses": 12500000, "sellingGeneralAndAdministrativeExpenses": 200700000, "otherExpenses": -365800000, "operatingExpenses": -165100000, "costAndExpenses": -165100000, "interestIncome": 740400000, "interestExpense": 300200000, "depreciationAndAmortization": 27000000, "ebitda": 426600000, "ebitdaratio": 0.7554453692, "operatingIncome": 399600000, "operatingIncomeRatio": 0.7076323712, "totalOtherIncomeExpensesNet": -300200000, "incomeBeforeTax": 99400000, "incomeBeforeTaxRatio": 0.1760226669, "incomeTaxExpense": 14300000, "netIncome": 85100000, "netIncomeRatio": 0.1506994865, "eps": 3.5, "epsdiluted": 3.5, "weightedAverageShsOut": 24142857, "weightedAverageShsOutDil": 24142857, "link": "", "finalLink": "", "calculatedOtherExpenses": -35600000, "calculatedOperatingExpenses": 165100000, "calculatedNetInterest": 440200000, "calculatedOtherIncome": -740400000, "calculatedIncomeNonControlling": 0, "calculatedEbitda": 426600000}, {"date": "1991-12-31", "symbol": "BPOP", "reportedCurrency": "USD", "cik": "0000763901", "fillingDate": "1991-12-31", "acceptedDate": "1991-12-30 19:00:00", "calendarYear": "1991", "period": "FY", "revenue": 539600000, "costOfRevenue": 0, "grossProfit": 539600000, "grossProfitRatio": 1, "researchAndDevelopmentExpenses": 0, "generalAndAdministrativeExpenses": 180600000, "sellingAndMarketingExpenses": 10700000, "sellingGeneralAndAdministrativeExpenses": 191300000, "otherExpenses": -271600000, "operatingExpenses": -80300000, "costAndExpenses": -80300000, "interestIncome": 794900000, "interestExpense": 387100000, "depreciationAndAmortization": 25500000, "ebitda": 484800000, "ebitdaratio": 0.8984432913, "operatingIncome": 459300000, "operatingIncomeRatio": 0.8511860638, "totalOtherIncomeExpensesNet": -387100000, "incomeBeforeTax": 72200000, "incomeBeforeTaxRatio": 0.1338028169, "incomeTaxExpense": 6800000, "netIncome": 65400000, "netIncomeRatio": 0.1212008895, "eps": 2.7, "epsdiluted": 2.7, "weightedAverageShsOut": 23925926, "weightedAverageShsOutDil": 23925926, "link": "", "finalLink": "", "calculatedOtherExpenses": -111000000, "calculatedOperatingExpenses": 80300000, "calculatedNetInterest": 407800000, "calculatedOtherIncome": -794900000, "calculatedIncomeNonControlling": 0, "calculatedEbitda": 484800000}, {"date": "1990-12-31", "symbol": "BPOP", "reportedCurrency": "USD", "cik": "0000763901", "fillingDate": "1990-12-31", "acceptedDate": "1990-12-30 19:00:00", "calendarYear": "1990", "period": "FY", "revenue": 355200000, "costOfRevenue": 0, "grossProfit": 355200000, "grossProfitRatio": 1, "researchAndDevelopmentExpenses": 0, "generalAndAdministrativeExpenses": 131300000, "sellingAndMarketingExpenses": 9000000, "sellingGeneralAndAdministrativeExpenses": 140300000, "otherExpenses": -141300000, "operatingExpenses": -1000000, "costAndExpenses": -1000000, "interestIncome": 565800000, "interestExpense": 281600000, "depreciationAndAmortization": 16000000, "ebitda": 370200000, "ebitdaratio": 1.0422297297, "operatingIncome": 354200000, "operatingIncomeRatio": 0.9971846847, "totalOtherIncomeExpensesNet": -281600000, "incomeBeforeTax": 72600000, "incomeBeforeTaxRatio": 0.2043918919, "incomeTaxExpense": 9200000, "netIncome": 63400000, "netIncomeRatio": 0.178490991, "eps": 3.95, "epsdiluted": 3.95, "weightedAverageShsOut": 23953600, "weightedAverageShsOutDil": 23953600, "link": "", "finalLink": "", "calculatedOtherExpenses": -139300000, "calculatedOperatingExpenses": 1000000, "calculatedNetInterest": 284200000, "calculatedOtherIncome": -565800000, "calculatedIncomeNonControlling": 0, "calculatedEbitda": 370200000}]}