{"originalCurrency": "USD", "convertedCurrency": "USD", "report": [{"date": "2023-09-30", "symbol": "BRBR", "reportedCurrency": "USD", "cik": "0001772016", "fillingDate": "2023-11-21", "acceptedDate": "2023-11-21 12:38:08", "calendarYear": "2023", "period": "FY", "revenue": 1666800000, "costOfRevenue": 1136600000, "grossProfit": 530200000, "grossProfitRatio": 0.3180945524, "researchAndDevelopmentExpenses": 12000000, "generalAndAdministrativeExpenses": 0, "sellingAndMarketingExpenses": 0, "sellingGeneralAndAdministrativeExpenses": 216300000, "otherExpenses": 0, "operatingExpenses": 242900000, "costAndExpenses": 1379500000, "interestIncome": 0, "interestExpense": 66900000, "depreciationAndAmortization": 28300000, "ebitda": 315600000, "ebitdaratio": 0.1893448524, "operatingIncome": 287300000, "operatingIncomeRatio": 0.1723662107, "totalOtherIncomeExpensesNet": -66900000, "incomeBeforeTax": 220400000, "incomeBeforeTaxRatio": 0.1322294216, "incomeTaxExpense": 54900000, "netIncome": 165500000, "netIncomeRatio": 0.0992920566, "eps": 1.24, "epsdiluted": 1.23, "weightedAverageShsOut": 133000000, "weightedAverageShsOutDil": 134100000, "link": "https://www.sec.gov/Archives/edgar/data/1772016/000177201623000091/0001772016-23-000091-index.htm", "finalLink": "https://www.sec.gov/Archives/edgar/data/1772016/000177201623000091/brbr-20230930.htm", "calculatedOtherExpenses": 14600000, "calculatedOperatingExpenses": 242900000, "calculatedNetInterest": -66900000, "calculatedOtherIncome": 0, "calculatedIncomeNonControlling": 0, "calculatedEbitda": 315600000}, {"date": "2022-09-30", "symbol": "BRBR", "reportedCurrency": "USD", "cik": "0001772016", "fillingDate": "2022-11-17", "acceptedDate": "2022-11-17 17:10:52", "calendarYear": "2022", "period": "FY", "revenue": 1371500000, "costOfRevenue": 949700000, "grossProfit": 421800000, "grossProfitRatio": 0.307546482, "researchAndDevelopmentExpenses": 11400000, "generalAndAdministrativeExpenses": 0, "sellingAndMarketingExpenses": 0, "sellingGeneralAndAdministrativeExpenses": 189700000, "otherExpenses": 19700000, "operatingExpenses": 209400000, "costAndExpenses": 1159100000, "interestIncome": 49200000, "interestExpense": 49200000, "depreciationAndAmortization": 19700000, "ebitda": 232100000, "ebitdaratio": 0.1692307692, "operatingIncome": 212400000, "operatingIncomeRatio": 0.154866934, "totalOtherIncomeExpensesNet": -66800000, "incomeBeforeTax": 145600000, "incomeBeforeTaxRatio": 0.1061611374, "incomeTaxExpense": 29600000, "netIncome": 116000000, "netIncomeRatio": 0.0845789282, "eps": 1.24, "epsdiluted": 1.24, "weightedAverageShsOut": 93500000, "weightedAverageShsOutDil": 93800000, "link": "https://www.sec.gov/Archives/edgar/data/1772016/000177201622000061/0001772016-22-000061-index.htm", "finalLink": "https://www.sec.gov/Archives/edgar/data/1772016/000177201622000061/brbr-20220930.htm", "calculatedOtherExpenses": 8300000, "calculatedOperatingExpenses": 209400000, "calculatedNetInterest": 0, "calculatedOtherIncome": -66800000, "calculatedIncomeNonControlling": 0, "calculatedEbitda": 232100000}, {"date": "2021-09-30", "symbol": "BRBR", "reportedCurrency": "USD", "cik": "0001772016", "fillingDate": "2021-11-19", "acceptedDate": "2021-11-19 12:23:43", "calendarYear": "2021", "period": "FY", "revenue": 1247100000, "costOfRevenue": 860900000, "grossProfit": 386200000, "grossProfitRatio": 0.309678454, "researchAndDevelopmentExpenses": 11200000, "generalAndAdministrativeExpenses": 0, "sellingAndMarketingExpenses": 0, "sellingGeneralAndAdministrativeExpenses": 167100000, "otherExpenses": 51100000, "operatingExpenses": 218200000, "costAndExpenses": 1079100000, "interestIncome": 43200000, "interestExpense": 43200000, "depreciationAndAmortization": 51200000, "ebitda": 219200000, "ebitdaratio": 0.1757677813, "operatingIncome": 168000000, "operatingIncomeRatio": 0.1347125331, "totalOtherIncomeExpensesNet": -44800000, "incomeBeforeTax": 123200000, "incomeBeforeTaxRatio": 0.0987891909, "incomeTaxExpense": 8800000, "netIncome": 114400000, "netIncomeRatio": 0.0917328201, "eps": 2.9, "epsdiluted": 2.9, "weightedAverageShsOut": 39500000, "weightedAverageShsOutDil": 39500000, "link": "https://www.sec.gov/Archives/edgar/data/1772016/000177201621000118/0001772016-21-000118-index.htm", "finalLink": "https://www.sec.gov/Archives/edgar/data/1772016/000177201621000118/brbr-20210930.htm", "calculatedOtherExpenses": 39900000, "calculatedOperatingExpenses": 218200000, "calculatedNetInterest": 0, "calculatedOtherIncome": -44800000, "calculatedIncomeNonControlling": 0, "calculatedEbitda": 219200000}, {"date": "2020-09-30", "symbol": "BRBR", "reportedCurrency": "USD", "cik": "0001772016", "fillingDate": "2020-11-20", "acceptedDate": "2020-11-20 13:46:29", "calendarYear": "2020", "period": "FY", "revenue": 988300000, "costOfRevenue": 650300000, "grossProfit": 338000000, "grossProfitRatio": 0.3420014166, "researchAndDevelopmentExpenses": 9400000, "generalAndAdministrativeExpenses": 0, "sellingAndMarketingExpenses": 0, "sellingGeneralAndAdministrativeExpenses": 151800000, "otherExpenses": 22200000, "operatingExpenses": 174000000, "costAndExpenses": 824300000, "interestIncome": 54700000, "interestExpense": 54700000, "depreciationAndAmortization": 22200000, "ebitda": 186200000, "ebitdaratio": 0.1884043307, "operatingIncome": 164000000, "operatingIncomeRatio": 0.1659415157, "totalOtherIncomeExpensesNet": -54700000, "incomeBeforeTax": 109300000, "incomeBeforeTaxRatio": 0.1105939492, "incomeTaxExpense": 9200000, "netIncome": 100100000, "netIncomeRatio": 0.1012850349, "eps": 2.54, "epsdiluted": 2.53, "weightedAverageShsOut": 39400000, "weightedAverageShsOutDil": 39500000, "link": "https://www.sec.gov/Archives/edgar/data/1772016/000177201620000070/0001772016-20-000070-index.htm", "finalLink": "https://www.sec.gov/Archives/edgar/data/1772016/000177201620000070/brbr-20200930.htm", "calculatedOtherExpenses": 12800000, "calculatedOperatingExpenses": 174000000, "calculatedNetInterest": 0, "calculatedOtherIncome": -54700000, "calculatedIncomeNonControlling": 0, "calculatedEbitda": 186200000}, {"date": "2019-09-30", "symbol": "BRBR", "reportedCurrency": "USD", "cik": "0001772016", "fillingDate": "2019-11-22", "acceptedDate": "2019-11-22 12:01:38", "calendarYear": "2019", "period": "FY", "revenue": 854400000, "costOfRevenue": 542600000, "grossProfit": 311800000, "grossProfitRatio": 0.3649344569, "researchAndDevelopmentExpenses": 7600000, "generalAndAdministrativeExpenses": 0, "sellingAndMarketingExpenses": 0, "sellingGeneralAndAdministrativeExpenses": 127100000, "otherExpenses": 22200000, "operatingExpenses": 149300000, "costAndExpenses": 691900000, "interestIncome": 0, "interestExpense": 0, "depreciationAndAmortization": 22200000, "ebitda": 184700000, "ebitdaratio": 0.2161750936, "operatingIncome": 162500000, "operatingIncomeRatio": 0.1901919476, "totalOtherIncomeExpensesNet": -22200000, "incomeBeforeTax": 162500000, "incomeBeforeTaxRatio": 0.1901919476, "incomeTaxExpense": 39400000, "netIncome": 123100000, "netIncomeRatio": 0.1440777154, "eps": 3.12, "epsdiluted": 3.12, "weightedAverageShsOut": 39428571, "weightedAverageShsOutDil": 39428571, "link": "https://www.sec.gov/Archives/edgar/data/1772016/000177201619000038/0001772016-19-000038-index.htm", "finalLink": "https://www.sec.gov/Archives/edgar/data/1772016/000177201619000038/brbrfy201910k.htm", "calculatedOtherExpenses": 14600000, "calculatedOperatingExpenses": 149300000, "calculatedNetInterest": 0, "calculatedOtherIncome": 0, "calculatedIncomeNonControlling": 0, "calculatedEbitda": 184700000}, {"date": "2018-09-30", "symbol": "BRBR", "reportedCurrency": "USD", "cik": "0001772016", "fillingDate": "2018-09-30", "acceptedDate": "2018-09-29 20:00:00", "calendarYear": "2018", "period": "FY", "revenue": 827500000, "costOfRevenue": 549800000, "grossProfit": 277700000, "grossProfitRatio": 0.3355891239, "researchAndDevelopmentExpenses": 0, "generalAndAdministrativeExpenses": 135100000, "sellingAndMarketingExpenses": 0, "sellingGeneralAndAdministrativeExpenses": 135100000, "otherExpenses": 22800000, "operatingExpenses": 157900000, "costAndExpenses": 707700000, "interestIncome": 0, "interestExpense": 0, "depreciationAndAmortization": 25900000, "ebitda": 145700000, "ebitdaratio": 0.1760725076, "operatingIncome": 119800000, "operatingIncomeRatio": 0.1447734139, "totalOtherIncomeExpensesNet": 0, "incomeBeforeTax": 119800000, "incomeBeforeTaxRatio": 0.1447734139, "incomeTaxExpense": 23700000, "netIncome": 96100000, "netIncomeRatio": 0.1161329305, "eps": 2.8, "epsdiluted": 2.8, "weightedAverageShsOut": 34285714, "weightedAverageShsOutDil": 34285715, "link": "", "finalLink": "", "calculatedOtherExpenses": 22800000, "calculatedOperatingExpenses": 157900000, "calculatedNetInterest": 0, "calculatedOtherIncome": 0, "calculatedIncomeNonControlling": 0, "calculatedEbitda": 145700000}, {"date": "2017-09-30", "symbol": "BRBR", "reportedCurrency": "USD", "cik": "0001772016", "fillingDate": "2017-09-30", "acceptedDate": "2017-09-29 20:00:00", "calendarYear": "2017", "period": "FY", "revenue": 713200000, "costOfRevenue": 467400000, "grossProfit": 245800000, "grossProfitRatio": 0.3446438587, "researchAndDevelopmentExpenses": 0, "generalAndAdministrativeExpenses": 131000000, "sellingAndMarketingExpenses": 0, "sellingGeneralAndAdministrativeExpenses": 131000000, "otherExpenses": 22700000, "operatingExpenses": 153700000, "costAndExpenses": 621100000, "interestIncome": 0, "interestExpense": 0, "depreciationAndAmortization": 25300000, "ebitda": 143900000, "ebitdaratio": 0.2017666854, "operatingIncome": 92100000, "operatingIncomeRatio": 0.1291362872, "totalOtherIncomeExpensesNet": -26500000, "incomeBeforeTax": 65600000, "incomeBeforeTaxRatio": 0.0919798093, "incomeTaxExpense": 30400000, "netIncome": 35200000, "netIncomeRatio": 0.0493550196, "eps": 1.03, "epsdiluted": 1.03, "weightedAverageShsOut": 34285715, "weightedAverageShsOutDil": 34285715, "link": "", "finalLink": "", "calculatedOtherExpenses": 22700000, "calculatedOperatingExpenses": 153700000, "calculatedNetInterest": 0, "calculatedOtherIncome": -26500000, "calculatedIncomeNonControlling": 0, "calculatedEbitda": 117400000}, {"date": "2016-09-30", "symbol": "BRBR", "reportedCurrency": "USD", "cik": "0001772016", "fillingDate": "2016-09-30", "acceptedDate": "2016-09-29 20:00:00", "calendarYear": "2016", "period": "FY", "revenue": 574700000, "costOfRevenue": 395500000, "grossProfit": 179200000, "grossProfitRatio": 0.3118148599, "researchAndDevelopmentExpenses": 0, "generalAndAdministrativeExpenses": 119800000, "sellingAndMarketingExpenses": 0, "sellingGeneralAndAdministrativeExpenses": 119800000, "otherExpenses": 27700000, "operatingExpenses": 147500000, "costAndExpenses": 543000000, "interestIncome": 0, "interestExpense": 0, "depreciationAndAmortization": 25000000, "ebitda": 56700000, "ebitdaratio": 0.0986601705, "operatingIncome": 31700000, "operatingIncomeRatio": 0.0551592135, "totalOtherIncomeExpensesNet": 0, "incomeBeforeTax": 31700000, "incomeBeforeTaxRatio": 0.0551592135, "incomeTaxExpense": 11800000, "netIncome": 19900000, "netIncomeRatio": 0.0346267618, "eps": 0.58, "epsdiluted": 0.58, "weightedAverageShsOut": 34285715, "weightedAverageShsOutDil": 34285715, "link": "", "finalLink": "", "calculatedOtherExpenses": 27700000, "calculatedOperatingExpenses": 147500000, "calculatedNetInterest": 0, "calculatedOtherIncome": 0, "calculatedIncomeNonControlling": 0, "calculatedEbitda": 56700000}]}