{"originalCurrency": "USD", "convertedCurrency": "USD", "report": [{"date": "2023-07-31", "symbol": "BRC", "reportedCurrency": "USD", "cik": "0000746598", "fillingDate": "2023-09-05", "acceptedDate": "2023-09-05 07:17:36", "calendarYear": "2023", "period": "FY", "revenue": 1331863000, "costOfRevenue": 674588000, "grossProfit": 657275000, "grossProfitRatio": 0.4935004576, "researchAndDevelopmentExpenses": 61365000, "generalAndAdministrativeExpenses": 317106000, "sellingAndMarketingExpenses": 53591000, "sellingGeneralAndAdministrativeExpenses": 370697000, "otherExpenses": 0, "operatingExpenses": 432062000, "costAndExpenses": 1106650000, "interestIncome": 483000, "interestExpense": 3539000, "depreciationAndAmortization": 32370000, "ebitda": 257583000, "ebitdaratio": 0.1934005224, "operatingIncome": 225213000, "operatingIncomeRatio": 0.1690962209, "totalOtherIncomeExpensesNet": 4022000, "incomeBeforeTax": 225696000, "incomeBeforeTaxRatio": 0.1694588708, "incomeTaxExpense": 50839000, "netIncome": 174857000, "netIncomeRatio": 0.1312875273, "eps": 3.53, "epsdiluted": 3.51, "weightedAverageShsOut": 49591000, "weightedAverageShsOutDil": 49869000, "link": "https://www.sec.gov/Archives/edgar/data/746598/000074659823000058/0000746598-23-000058-index.htm", "finalLink": "https://www.sec.gov/Archives/edgar/data/746598/000074659823000058/brc-20230731.htm", "calculatedOtherExpenses": 0, "calculatedOperatingExpenses": 432062000, "calculatedNetInterest": -3056000, "calculatedOtherIncome": 3539000, "calculatedIncomeNonControlling": 0, "calculatedEbitda": 257583000}, {"date": "2022-07-31", "symbol": "BRC", "reportedCurrency": "USD", "cik": "0000746598", "fillingDate": "2022-09-01", "acceptedDate": "2022-09-01 07:21:25", "calendarYear": "2022", "period": "FY", "revenue": 1302062000, "costOfRevenue": 670510000, "grossProfit": 631552000, "grossProfitRatio": 0.4850398829, "researchAndDevelopmentExpenses": 58548000, "generalAndAdministrativeExpenses": 324424000, "sellingAndMarketingExpenses": 55568000, "sellingGeneralAndAdministrativeExpenses": 379992000, "otherExpenses": 0, "operatingExpenses": 438540000, "costAndExpenses": 1109050000, "interestIncome": 1032000, "interestExpense": 1276000, "depreciationAndAmortization": 34182000, "ebitda": 227194000, "ebitdaratio": 0.1744878508, "operatingIncome": 193012000, "operatingIncomeRatio": 0.1482356447, "totalOtherIncomeExpensesNet": -1032000, "incomeBeforeTax": 191980000, "incomeBeforeTaxRatio": 0.1474430557, "incomeTaxExpense": 42001000, "netIncome": 149979000, "netIncomeRatio": 0.1151857592, "eps": 2.92, "epsdiluted": 2.9, "weightedAverageShsOut": 51321000, "weightedAverageShsOutDil": 51651000, "link": "https://www.sec.gov/Archives/edgar/data/746598/000074659822000067/0000746598-22-000067-index.htm", "finalLink": "https://www.sec.gov/Archives/edgar/data/746598/000074659822000067/brc-20220731.htm", "calculatedOtherExpenses": 0, "calculatedOperatingExpenses": 438540000, "calculatedNetInterest": -244000, "calculatedOtherIncome": -788000, "calculatedIncomeNonControlling": 0, "calculatedEbitda": 227194000}, {"date": "2021-07-31", "symbol": "BRC", "reportedCurrency": "USD", "cik": "0000746598", "fillingDate": "2021-09-02", "acceptedDate": "2021-09-02 07:24:38", "calendarYear": "2021", "period": "FY", "revenue": 1144698000, "costOfRevenue": 583252000, "grossProfit": 561446000, "grossProfitRatio": 0.490475217, "researchAndDevelopmentExpenses": 44551000, "generalAndAdministrativeExpenses": 295398000, "sellingAndMarketingExpenses": 54370000, "sellingGeneralAndAdministrativeExpenses": 349768000, "otherExpenses": 803000, "operatingExpenses": 394319000, "costAndExpenses": 977571000, "interestIncome": 3896000, "interestExpense": 437000, "depreciationAndAmortization": 25483000, "ebitda": 192610000, "ebitdaratio": 0.1682627208, "operatingIncome": 167127000, "operatingIncomeRatio": 0.146000954, "totalOtherIncomeExpensesNet": 3896000, "incomeBeforeTax": 171023000, "incomeBeforeTaxRatio": 0.1494044717, "incomeTaxExpense": 35413000, "netIncome": 129659000, "netIncomeRatio": 0.1132691767, "eps": 2.49, "epsdiluted": 2.47, "weightedAverageShsOut": 52039000, "weightedAverageShsOutDil": 52409000, "link": "https://www.sec.gov/Archives/edgar/data/746598/000074659821000102/0000746598-21-000102-index.htm", "finalLink": "https://www.sec.gov/Archives/edgar/data/746598/000074659821000102/brc-20210731.htm", "calculatedOtherExpenses": 0, "calculatedOperatingExpenses": 394319000, "calculatedNetInterest": 3459000, "calculatedOtherIncome": 437000, "calculatedIncomeNonControlling": 5951000, "calculatedEbitda": 192610000}, {"date": "2020-07-31", "symbol": "BRC", "reportedCurrency": "USD", "cik": "0000746598", "fillingDate": "2020-09-16", "acceptedDate": "2020-09-16 07:27:55", "calendarYear": "2020", "period": "FY", "revenue": 1081299000, "costOfRevenue": 552734000, "grossProfit": 528565000, "grossProfitRatio": 0.4888240903, "researchAndDevelopmentExpenses": 40662000, "generalAndAdministrativeExpenses": 0, "sellingAndMarketingExpenses": 0, "sellingGeneralAndAdministrativeExpenses": 336059000, "otherExpenses": 0, "operatingExpenses": 376721000, "costAndExpenses": 929455000, "interestIncome": 2913000, "interestExpense": 2166000, "depreciationAndAmortization": 37258000, "ebitda": 175281000, "ebitdaratio": 0.1621022492, "operatingIncome": 138023000, "operatingIncomeRatio": 0.1276455448, "totalOtherIncomeExpensesNet": 2913000, "incomeBeforeTax": 140936000, "incomeBeforeTaxRatio": 0.1303395268, "incomeTaxExpense": 28321000, "netIncome": 112369000, "netIncomeRatio": 0.1039203772, "eps": 2.13, "epsdiluted": 2.11, "weightedAverageShsOut": 52763000, "weightedAverageShsOutDil": 53231000, "link": "https://www.sec.gov/Archives/edgar/data/746598/000074659820000097/0000746598-20-000097-index.htm", "finalLink": "https://www.sec.gov/Archives/edgar/data/746598/000074659820000097/brc-20200731.htm", "calculatedOtherExpenses": 13821000, "calculatedOperatingExpenses": 390542000, "calculatedNetInterest": 747000, "calculatedOtherIncome": 2166000, "calculatedIncomeNonControlling": 246000, "calculatedEbitda": 175281000}, {"date": "2019-07-31", "symbol": "BRC", "reportedCurrency": "USD", "cik": "0000746598", "fillingDate": "2019-09-06", "acceptedDate": "2019-09-06 07:10:55", "calendarYear": "2019", "period": "FY", "revenue": 1160645000, "costOfRevenue": 581967000, "grossProfit": 578678000, "grossProfitRatio": 0.4985831154, "researchAndDevelopmentExpenses": 45168000, "generalAndAdministrativeExpenses": 0, "sellingAndMarketingExpenses": 0, "sellingGeneralAndAdministrativeExpenses": 371082000, "otherExpenses": 0, "operatingExpenses": 416250000, "costAndExpenses": 998217000, "interestIncome": 2216000, "interestExpense": 2830000, "depreciationAndAmortization": 23799000, "ebitda": 186227000, "ebitdaratio": 0.1604513008, "operatingIncome": 162428000, "operatingIncomeRatio": 0.1399463229, "totalOtherIncomeExpensesNet": 2216000, "incomeBeforeTax": 164644000, "incomeBeforeTaxRatio": 0.1418556062, "incomeTaxExpense": 33386000, "netIncome": 131258000, "netIncomeRatio": 0.113090566, "eps": 2.5, "epsdiluted": 2.46, "weightedAverageShsOut": 52596000, "weightedAverageShsOutDil": 53323000, "link": "https://www.sec.gov/Archives/edgar/data/746598/000074659819000128/0000746598-19-000128-index.htm", "finalLink": "https://www.sec.gov/Archives/edgar/data/746598/000074659819000128/brc-20190731x10k.htm", "calculatedOtherExpenses": 0, "calculatedOperatingExpenses": 416250000, "calculatedNetInterest": -614000, "calculatedOtherIncome": 2830000, "calculatedIncomeNonControlling": 0, "calculatedEbitda": 186227000}, {"date": "2018-07-31", "symbol": "BRC", "reportedCurrency": "USD", "cik": "0000746598", "fillingDate": "2018-09-13", "acceptedDate": "2018-09-13 07:12:02", "calendarYear": "2018", "period": "FY", "revenue": 1173851000, "costOfRevenue": 585560000, "grossProfit": 588291000, "grossProfitRatio": 0.5011632652, "researchAndDevelopmentExpenses": 45253000, "generalAndAdministrativeExpenses": 0, "sellingAndMarketingExpenses": 0, "sellingGeneralAndAdministrativeExpenses": 390342000, "otherExpenses": 0, "operatingExpenses": 435595000, "costAndExpenses": 1021155000, "interestIncome": 0, "interestExpense": 3168000, "depreciationAndAmortization": 25442000, "ebitda": 178138000, "ebitdaratio": 0.1517552057, "operatingIncome": 152696000, "operatingIncomeRatio": 0.1300812454, "totalOtherIncomeExpensesNet": 2487000, "incomeBeforeTax": 152015000, "incomeBeforeTaxRatio": 0.1295011036, "incomeTaxExpense": 60955000, "netIncome": 91060000, "netIncomeRatio": 0.0775737295, "eps": 1.76, "epsdiluted": 1.73, "weightedAverageShsOut": 51677000, "weightedAverageShsOutDil": 52524000, "link": "https://www.sec.gov/Archives/edgar/data/746598/000074659818000086/0000746598-18-000086-index.htm", "finalLink": "https://www.sec.gov/Archives/edgar/data/746598/000074659818000086/brc-2018731x10k.htm", "calculatedOtherExpenses": 0, "calculatedOperatingExpenses": 435595000, "calculatedNetInterest": -3168000, "calculatedOtherIncome": 2487000, "calculatedIncomeNonControlling": 0, "calculatedEbitda": 178138000}, {"date": "2017-07-31", "symbol": "BRC", "reportedCurrency": "USD", "cik": "0000746598", "fillingDate": "2017-09-13", "acceptedDate": "2017-09-13 12:06:56", "calendarYear": "2017", "period": "FY", "revenue": 1113316000, "costOfRevenue": 555024000, "grossProfit": 558292000, "grossProfitRatio": 0.5014676875, "researchAndDevelopmentExpenses": 39624000, "generalAndAdministrativeExpenses": 0, "sellingAndMarketingExpenses": 0, "sellingGeneralAndAdministrativeExpenses": 387653000, "otherExpenses": 0, "operatingExpenses": 427277000, "costAndExpenses": 982301000, "interestIncome": 0, "interestExpense": 5504000, "depreciationAndAmortization": 27303000, "ebitda": 158318000, "ebitdaratio": 0.1422040104, "operatingIncome": 131015000, "operatingIncomeRatio": 0.1176799759, "totalOtherIncomeExpensesNet": 1121000, "incomeBeforeTax": 126632000, "incomeBeforeTaxRatio": 0.1137430882, "incomeTaxExpense": 30987000, "netIncome": 95645000, "netIncomeRatio": 0.0859100202, "eps": 1.87, "epsdiluted": 1.84, "weightedAverageShsOut": 51056000, "weightedAverageShsOutDil": 51956000, "link": "https://www.sec.gov/Archives/edgar/data/746598/000074659817000082/0000746598-17-000082-index.htm", "finalLink": "https://www.sec.gov/Archives/edgar/data/746598/000074659817000082/brc-2017731x10k.htm", "calculatedOtherExpenses": 0, "calculatedOperatingExpenses": 427277000, "calculatedNetInterest": -5504000, "calculatedOtherIncome": 1121000, "calculatedIncomeNonControlling": 0, "calculatedEbitda": 158318000}, {"date": "2016-07-31", "symbol": "BRC", "reportedCurrency": "USD", "cik": "0000746598", "fillingDate": "2016-09-15", "acceptedDate": "2016-09-15 16:45:12", "calendarYear": "2016", "period": "FY", "revenue": 1120625000, "costOfRevenue": 561852000, "grossProfit": 558773000, "grossProfitRatio": 0.4986262131, "researchAndDevelopmentExpenses": 35799000, "generalAndAdministrativeExpenses": 0, "sellingAndMarketingExpenses": 0, "sellingGeneralAndAdministrativeExpenses": 405096000, "otherExpenses": 0, "operatingExpenses": 440895000, "costAndExpenses": 1002747000, "interestIncome": 0, "interestExpense": 7824000, "depreciationAndAmortization": 32432000, "ebitda": 150310000, "ebitdaratio": 0.1341305075, "operatingIncome": 117878000, "operatingIncomeRatio": 0.1051895148, "totalOtherIncomeExpensesNet": -709000, "incomeBeforeTax": 109345000, "incomeBeforeTaxRatio": 0.0975750139, "incomeTaxExpense": 29235000, "netIncome": 80110000, "netIncomeRatio": 0.0714868935, "eps": 1.59, "epsdiluted": 1.58, "weightedAverageShsOut": 50541000, "weightedAverageShsOutDil": 50769000, "link": "https://www.sec.gov/Archives/edgar/data/746598/000074659816000273/0000746598-16-000273-index.htm", "finalLink": "https://www.sec.gov/Archives/edgar/data/746598/000074659816000273/brc-2016731x10k.htm", "calculatedOtherExpenses": 0, "calculatedOperatingExpenses": 440895000, "calculatedNetInterest": -7824000, "calculatedOtherIncome": -709000, "calculatedIncomeNonControlling": 0, "calculatedEbitda": 150310000}, {"date": "2015-07-31", "symbol": "BRC", "reportedCurrency": "USD", "cik": "0000746598", "fillingDate": "2015-09-21", "acceptedDate": "2015-09-21 17:24:13", "calendarYear": "2015", "period": "FY", "revenue": 1171731000, "costOfRevenue": 613299000, "grossProfit": 558432000, "grossProfitRatio": 0.476587203, "researchAndDevelopmentExpenses": 36734000, "generalAndAdministrativeExpenses": 0, "sellingAndMarketingExpenses": 0, "sellingGeneralAndAdministrativeExpenses": 422704000, "otherExpenses": 0, "operatingExpenses": 459438000, "costAndExpenses": 1072737000, "interestIncome": 0, "interestExpense": 11156000, "depreciationAndAmortization": 39458000, "ebitda": 138452000, "ebitdaratio": 0.1181602262, "operatingIncome": 35306000, "operatingIncomeRatio": 0.0301314892, "totalOtherIncomeExpensesNet": -62843000, "incomeBeforeTax": 24995000, "incomeBeforeTaxRatio": 0.0213316879, "incomeTaxExpense": 20093000, "netIncome": 2987000, "netIncomeRatio": 0.0025492199, "eps": 0.06, "epsdiluted": 0.06, "weightedAverageShsOut": 51285000, "weightedAverageShsOutDil": 51357000, "link": "https://www.sec.gov/Archives/edgar/data/746598/000074659815000132/0000746598-15-000132-index.htm", "finalLink": "https://www.sec.gov/Archives/edgar/data/746598/000074659815000132/brc-2015731x10k.htm", "calculatedOtherExpenses": 63688000, "calculatedOperatingExpenses": 523126000, "calculatedNetInterest": -11156000, "calculatedOtherIncome": 845000, "calculatedIncomeNonControlling": 1915000, "calculatedEbitda": 74764000}, {"date": "2014-07-31", "symbol": "BRC", "reportedCurrency": "USD", "cik": "0000746598", "fillingDate": "2014-09-29", "acceptedDate": "2014-09-29 13:27:57", "calendarYear": "2014", "period": "FY", "revenue": 1225034000, "costOfRevenue": 615470000, "grossProfit": 609564000, "grossProfitRatio": 0.4975894547, "researchAndDevelopmentExpenses": 35048000, "generalAndAdministrativeExpenses": 369603000, "sellingAndMarketingExpenses": 82561000, "sellingGeneralAndAdministrativeExpenses": 452164000, "otherExpenses": 0, "operatingExpenses": 487212000, "costAndExpenses": 1102682000, "interestIncome": 0, "interestExpense": 14300000, "depreciationAndAmortization": 44598000, "ebitda": 166950000, "ebitdaratio": 0.1362819318, "operatingIncome": -41211000, "operatingIncomeRatio": -0.033640699, "totalOtherIncomeExpensesNet": -161161000, "incomeBeforeTax": -53109000, "incomeBeforeTaxRatio": -0.0433530824, "incomeTaxExpense": -4963000, "netIncome": -45968000, "netIncomeRatio": -0.0375238565, "eps": -0.89, "epsdiluted": -0.89, "weightedAverageShsOut": 51866000, "weightedAverageShsOutDil": 51866000, "link": "https://www.sec.gov/Archives/edgar/data/746598/000074659814000167/0000746598-14-000167-index.htm", "finalLink": "https://www.sec.gov/Archives/edgar/data/746598/000074659814000167/brc-2014731x10k.htm", "calculatedOtherExpenses": 163563000, "calculatedOperatingExpenses": 650775000, "calculatedNetInterest": -14300000, "calculatedOtherIncome": 2402000, "calculatedIncomeNonControlling": -2178000, "calculatedEbitda": 3387000}, {"date": "2013-07-31", "symbol": "BRC", "reportedCurrency": "USD", "cik": "0000746598", "fillingDate": "2013-09-30", "acceptedDate": "2013-09-30 17:06:09", "calendarYear": "2013", "period": "FY", "revenue": 1152109000, "costOfRevenue": 546029000, "grossProfit": 606080000, "grossProfitRatio": 0.5260613362, "researchAndDevelopmentExpenses": 33552000, "generalAndAdministrativeExpenses": 349756000, "sellingAndMarketingExpenses": 77905000, "sellingGeneralAndAdministrativeExpenses": 427661000, "otherExpenses": 0, "operatingExpenses": 461213000, "costAndExpenses": 1007242000, "interestIncome": 0, "interestExpense": 16641000, "depreciationAndAmortization": 48725000, "ebitda": 193592000, "ebitdaratio": 0.1680327122, "operatingIncome": -85627000, "operatingIncomeRatio": -0.0743219609, "totalOtherIncomeExpensesNet": -226972000, "incomeBeforeTax": -98746000, "incomeBeforeTaxRatio": -0.0857089043, "incomeTaxExpense": 42070000, "netIncome": -154535000, "netIncomeRatio": -0.1341322739, "eps": -3.01, "epsdiluted": -3.01, "weightedAverageShsOut": 51330000, "weightedAverageShsOutDil": 51330000, "link": "https://www.sec.gov/Archives/edgar/data/746598/000074659813000223/0000746598-13-000223-index.htm", "finalLink": "https://www.sec.gov/Archives/edgar/data/746598/000074659813000223/brc-2013731x10k.htm", "calculatedOtherExpenses": 230494000, "calculatedOperatingExpenses": 691707000, "calculatedNetInterest": -16641000, "calculatedOtherIncome": 3522000, "calculatedIncomeNonControlling": 13719000, "calculatedEbitda": -36902000}, {"date": "2012-07-31", "symbol": "BRC", "reportedCurrency": "USD", "cik": "0000746598", "fillingDate": "2012-09-27", "acceptedDate": "2012-09-27 16:58:15", "calendarYear": "2012", "period": "FY", "revenue": 1324269000, "costOfRevenue": 687963000, "grossProfit": 636306000, "grossProfitRatio": 0.4804960322, "researchAndDevelopmentExpenses": 38440000, "generalAndAdministrativeExpenses": 0, "sellingAndMarketingExpenses": 0, "sellingGeneralAndAdministrativeExpenses": 430310000, "otherExpenses": 0, "operatingExpenses": 468750000, "costAndExpenses": 1156713000, "interestIncome": 0, "interestExpense": 19090000, "depreciationAndAmortization": 43987000, "ebitda": 211543000, "ebitdaratio": 0.1597432244, "operatingIncome": 39758000, "operatingIncomeRatio": 0.0300226011, "totalOtherIncomeExpensesNet": -125716000, "incomeBeforeTax": 22750000, "incomeBeforeTaxRatio": 0.0171792891, "incomeTaxExpense": 40661000, "netIncome": -17911000, "netIncomeRatio": -0.0135251977, "eps": -0.34, "epsdiluted": -0.34, "weightedAverageShsOut": 52453000, "weightedAverageShsOutDil": 52453000, "link": "https://www.sec.gov/Archives/edgar/data/746598/000119312512406801/0001193125-12-406801-index.htm", "finalLink": "https://www.sec.gov/Archives/edgar/data/746598/000119312512406801/d385957d10k.htm", "calculatedOtherExpenses": 127798000, "calculatedOperatingExpenses": 596548000, "calculatedNetInterest": -19090000, "calculatedOtherIncome": 2082000, "calculatedIncomeNonControlling": 0, "calculatedEbitda": 83745000}, {"date": "2011-07-31", "symbol": "BRC", "reportedCurrency": "USD", "cik": "0000746598", "fillingDate": "2011-09-27", "acceptedDate": "2011-09-27 16:49:25", "calendarYear": "2011", "period": "FY", "revenue": 1339597000, "costOfRevenue": 683401000, "grossProfit": 656196000, "grossProfitRatio": 0.4898458268, "researchAndDevelopmentExpenses": 43001000, "generalAndAdministrativeExpenses": 0, "sellingAndMarketingExpenses": 0, "sellingGeneralAndAdministrativeExpenses": 441815000, "otherExpenses": 0, "operatingExpenses": 484816000, "costAndExpenses": 1168217000, "interestIncome": 0, "interestExpense": 22124000, "depreciationAndAmortization": 48827000, "ebitda": 220207000, "ebitdaratio": 0.1643830197, "operatingIncome": 162192000, "operatingIncomeRatio": 0.1210752189, "totalOtherIncomeExpensesNet": -5198000, "incomeBeforeTax": 144058000, "incomeBeforeTaxRatio": 0.1075383119, "incomeTaxExpense": 35406000, "netIncome": 108652000, "netIncomeRatio": 0.081107975, "eps": 2.06, "epsdiluted": 2.04, "weightedAverageShsOut": 52639000, "weightedAverageShsOutDil": 53133000, "link": "https://www.sec.gov/Archives/edgar/data/746598/000095012311087053/0000950123-11-087053-index.htm", "finalLink": "https://www.sec.gov/Archives/edgar/data/746598/000095012311087053/c21968e10vk.htm", "calculatedOtherExpenses": 9188000, "calculatedOperatingExpenses": 494004000, "calculatedNetInterest": -22124000, "calculatedOtherIncome": 3990000, "calculatedIncomeNonControlling": 0, "calculatedEbitda": 211019000}, {"date": "2010-07-31", "symbol": "BRC", "reportedCurrency": "USD", "cik": "0000746598", "fillingDate": "2010-09-21", "acceptedDate": "2010-09-21 17:12:00", "calendarYear": "2010", "period": "FY", "revenue": 1259096000, "costOfRevenue": 635799000, "grossProfit": 623297000, "grossProfitRatio": 0.4950353269, "researchAndDevelopmentExpenses": 42621000, "generalAndAdministrativeExpenses": 0, "sellingAndMarketingExpenses": 0, "sellingGeneralAndAdministrativeExpenses": 435906000, "otherExpenses": 0, "operatingExpenses": 478527000, "costAndExpenses": 1114326000, "interestIncome": 0, "interestExpense": 21222000, "depreciationAndAmortization": 53022000, "ebitda": 197792000, "ebitdaratio": 0.157090484, "operatingIncome": 129456000, "operatingIncomeRatio": 0.102816624, "totalOtherIncomeExpensesNet": -14146000, "incomeBeforeTax": 109402000, "incomeBeforeTaxRatio": 0.0868893238, "incomeTaxExpense": 27446000, "netIncome": 81956000, "netIncomeRatio": 0.0650911448, "eps": 1.56, "epsdiluted": 1.55, "weightedAverageShsOut": 52402000, "weightedAverageShsOutDil": 52946000, "link": "https://www.sec.gov/Archives/edgar/data/746598/000095012310087855/0000950123-10-087855-index.htm", "finalLink": "https://www.sec.gov/Archives/edgar/data/746598/000095012310087855/c06114e10vk.htm", "calculatedOtherExpenses": 15314000, "calculatedOperatingExpenses": 493841000, "calculatedNetInterest": -21222000, "calculatedOtherIncome": 1168000, "calculatedIncomeNonControlling": 0, "calculatedEbitda": 182478000}, {"date": "2009-07-31", "symbol": "BRC", "reportedCurrency": "USD", "cik": "0000746598", "fillingDate": "2009-09-28", "acceptedDate": "2009-09-28 17:21:38", "calendarYear": "2009", "period": "FY", "revenue": 1208702000, "costOfRevenue": 631119000, "grossProfit": 577583000, "grossProfitRatio": 0.4778539293, "researchAndDevelopmentExpenses": 34181000, "generalAndAdministrativeExpenses": 0, "sellingAndMarketingExpenses": 0, "sellingGeneralAndAdministrativeExpenses": 397180000, "otherExpenses": 0, "operatingExpenses": 431361000, "costAndExpenses": 1062480000, "interestIncome": 0, "interestExpense": 24901000, "depreciationAndAmortization": 54851000, "ebitda": 201073000, "ebitdaratio": 0.1663544861, "operatingIncome": 120373000, "operatingIncomeRatio": 0.0995886496, "totalOtherIncomeExpensesNet": -24049000, "incomeBeforeTax": 97272000, "incomeBeforeTaxRatio": 0.0804764119, "incomeTaxExpense": 27150000, "netIncome": 70122000, "netIncomeRatio": 0.0580142996, "eps": 1.33, "epsdiluted": 1.32, "weightedAverageShsOut": 52559000, "weightedAverageShsOutDil": 52866000, "link": "https://www.sec.gov/Archives/edgar/data/746598/000095012309046589/0000950123-09-046589-index.htm", "finalLink": "https://www.sec.gov/Archives/edgar/data/746598/000095012309046589/c53651e10vk.htm", "calculatedOtherExpenses": 25849000, "calculatedOperatingExpenses": 457210000, "calculatedNetInterest": -24901000, "calculatedOtherIncome": 1800000, "calculatedIncomeNonControlling": 0, "calculatedEbitda": 175224000}, {"date": "2008-07-31", "symbol": "BRC", "reportedCurrency": "USD", "cik": "0000746598", "fillingDate": "2008-09-26", "acceptedDate": "2008-09-26 15:51:21", "calendarYear": "2008", "period": "FY", "revenue": 1523016000, "costOfRevenue": 778821000, "grossProfit": 744195000, "grossProfitRatio": 0.4886324241, "researchAndDevelopmentExpenses": 40607000, "generalAndAdministrativeExpenses": 0, "sellingAndMarketingExpenses": 0, "sellingGeneralAndAdministrativeExpenses": 495904000, "otherExpenses": 0, "operatingExpenses": 536511000, "costAndExpenses": 1315332000, "interestIncome": 0, "interestExpense": 0, "depreciationAndAmortization": 60587000, "ebitda": 263383000, "ebitdaratio": 0.1729351497, "operatingIncome": 207684000, "operatingIncomeRatio": 0.1363636364, "totalOtherIncomeExpensesNet": 4888000, "incomeBeforeTax": 186187000, "incomeBeforeTaxRatio": 0.1222488799, "incomeTaxExpense": 53999000, "netIncome": 132188000, "netIncomeRatio": 0.0867935728, "eps": 2.45, "epsdiluted": 2.41, "weightedAverageShsOut": 54168000, "weightedAverageShsOutDil": 54873000, "link": "https://www.sec.gov/Archives/edgar/data/746598/000095013708012076/0000950137-08-012076-index.htm", "finalLink": "https://www.sec.gov/Archives/edgar/data/746598/000095013708012076/c35732e10vk.htm", "calculatedOtherExpenses": 0, "calculatedOperatingExpenses": 536511000, "calculatedNetInterest": 0, "calculatedOtherIncome": -21497000, "calculatedIncomeNonControlling": 0, "calculatedEbitda": 268271000}, {"date": "2007-07-31", "symbol": "BRC", "reportedCurrency": "USD", "cik": "0000746598", "fillingDate": "2007-09-28", "acceptedDate": "2007-09-28 13:06:56", "calendarYear": "2007", "period": "FY", "revenue": 1362631000, "costOfRevenue": 705587000, "grossProfit": 657044000, "grossProfitRatio": 0.4821877676, "researchAndDevelopmentExpenses": 35954000, "generalAndAdministrativeExpenses": 0, "sellingAndMarketingExpenses": 0, "sellingGeneralAndAdministrativeExpenses": 449103000, "otherExpenses": 0, "operatingExpenses": 485057000, "costAndExpenses": 1190644000, "interestIncome": 0, "interestExpense": 0, "depreciationAndAmortization": 53856000, "ebitda": 222968000, "ebitdaratio": 0.163630506, "operatingIncome": 171987000, "operatingIncomeRatio": 0.1262168555, "totalOtherIncomeExpensesNet": 2875000, "incomeBeforeTax": 151928000, "incomeBeforeTaxRatio": 0.111496069, "incomeTaxExpense": 42540000, "netIncome": 109388000, "netIncomeRatio": 0.0802770523, "eps": 2.03, "epsdiluted": 2, "weightedAverageShsOut": 53907000, "weightedAverageShsOutDil": 54741000, "link": "https://www.sec.gov/Archives/edgar/data/746598/000095013707014815/0000950137-07-014815-index.htm", "finalLink": "https://www.sec.gov/Archives/edgar/data/746598/000095013707014815/c18877e10vk.htm", "calculatedOtherExpenses": 0, "calculatedOperatingExpenses": 485057000, "calculatedNetInterest": 0, "calculatedOtherIncome": -20059000, "calculatedIncomeNonControlling": 0, "calculatedEbitda": 225843000}, {"date": "2006-07-31", "symbol": "BRC", "reportedCurrency": "USD", "cik": "0000746598", "fillingDate": "2006-10-06", "acceptedDate": "2006-10-06 16:29:50", "calendarYear": "2006", "period": "FY", "revenue": 1018436000, "costOfRevenue": 492681000, "grossProfit": 525755000, "grossProfitRatio": 0.5162376428, "researchAndDevelopmentExpenses": 30443000, "generalAndAdministrativeExpenses": 0, "sellingAndMarketingExpenses": 0, "sellingGeneralAndAdministrativeExpenses": 338796000, "otherExpenses": 0, "operatingExpenses": 369239000, "costAndExpenses": 861920000, "interestIncome": 0, "interestExpense": 0, "depreciationAndAmortization": 35144000, "ebitda": 189257000, "ebitdaratio": 0.1858310193, "operatingIncome": 156516000, "operatingIncomeRatio": 0.1536827056, "totalOtherIncomeExpensesNet": 2403000, "incomeBeforeTax": 144688000, "incomeBeforeTaxRatio": 0.1420688192, "incomeTaxExpense": 40513000, "netIncome": 104175000, "netIncomeRatio": 0.1022891964, "eps": 2.1, "epsdiluted": 2.07, "weightedAverageShsOut": 49494000, "weightedAverageShsOutDil": 50385000, "link": "https://www.sec.gov/Archives/edgar/data/746598/000095013706010861/0000950137-06-010861-index.htm", "finalLink": "https://www.sec.gov/Archives/edgar/data/746598/000095013706010861/c08865e10vk.htm", "calculatedOtherExpenses": 0, "calculatedOperatingExpenses": 369239000, "calculatedNetInterest": 0, "calculatedOtherIncome": -11828000, "calculatedIncomeNonControlling": 0, "calculatedEbitda": 191660000}, {"date": "2005-07-31", "symbol": "BRC", "reportedCurrency": "USD", "cik": "0000746598", "fillingDate": "2005-10-04", "acceptedDate": "2005-10-03 18:43:23", "calendarYear": "2005", "period": "FY", "revenue": 816447000, "costOfRevenue": 383171000, "grossProfit": 433276000, "grossProfitRatio": 0.5306847842, "researchAndDevelopmentExpenses": 25078000, "generalAndAdministrativeExpenses": 0, "sellingAndMarketingExpenses": 0, "sellingGeneralAndAdministrativeExpenses": 285746000, "otherExpenses": 0, "operatingExpenses": 310824000, "costAndExpenses": 693995000, "interestIncome": 0, "interestExpense": 0, "depreciationAndAmortization": 26822000, "ebitda": 147905000, "ebitdaratio": 0.1811568908, "operatingIncome": 122452000, "operatingIncomeRatio": 0.1499815665, "totalOtherIncomeExpensesNet": 1369000, "incomeBeforeTax": 115418000, "incomeBeforeTaxRatio": 0.1413661879, "incomeTaxExpense": 33471000, "netIncome": 81947000, "netIncomeRatio": 0.1003702629, "eps": 1.67, "epsdiluted": 1.64, "weightedAverageShsOut": 48967000, "weightedAverageShsOutDil": 49859000, "link": "https://www.sec.gov/Archives/edgar/data/746598/000095013705011983/0000950137-05-011983-index.htm", "finalLink": "https://www.sec.gov/Archives/edgar/data/746598/000095013705011983/c98485e10vk.htm", "calculatedOtherExpenses": 0, "calculatedOperatingExpenses": 310824000, "calculatedNetInterest": 0, "calculatedOtherIncome": -7034000, "calculatedIncomeNonControlling": 0, "calculatedEbitda": 149274000}, {"date": "2004-07-31", "symbol": "BRC", "reportedCurrency": "USD", "cik": "0000746598", "fillingDate": "2004-10-08", "acceptedDate": "2004-10-08 14:32:14", "calendarYear": "2004", "period": "FY", "revenue": 671219000, "costOfRevenue": 324888000, "grossProfit": 346331000, "grossProfitRatio": 0.5159731772, "researchAndDevelopmentExpenses": 23028000, "generalAndAdministrativeExpenses": 0, "sellingAndMarketingExpenses": 0, "sellingGeneralAndAdministrativeExpenses": 248000000, "otherExpenses": 0, "operatingExpenses": 271028000, "costAndExpenses": 595916000, "interestIncome": 0, "interestExpense": 0, "depreciationAndAmortization": 20190000, "ebitda": 99238000, "ebitdaratio": 0.1478474239, "operatingIncome": 72122000, "operatingIncomeRatio": 0.1074492826, "totalOtherIncomeExpensesNet": -3745000, "incomeBeforeTax": 70327000, "incomeBeforeTaxRatio": 0.1047750436, "incomeTaxExpense": 19456000, "netIncome": 50871000, "netIncomeRatio": 0.075788975, "eps": 1.08, "epsdiluted": 1.07, "weightedAverageShsOut": 47298000, "weightedAverageShsOutDil": 47813000, "link": "https://www.sec.gov/Archives/edgar/data/746598/000095013704008377/0000950137-04-008377-index.htm", "finalLink": "https://www.sec.gov/Archives/edgar/data/746598/000095013704008377/c88282e10vk.txt", "calculatedOtherExpenses": 3181000, "calculatedOperatingExpenses": 274209000, "calculatedNetInterest": 0, "calculatedOtherIncome": -1795000, "calculatedIncomeNonControlling": 0, "calculatedEbitda": 92312000}, {"date": "2003-07-31", "symbol": "BRC", "reportedCurrency": "USD", "cik": "0000746598", "fillingDate": "2003-10-23", "acceptedDate": "2003-10-23 10:07:34", "calendarYear": "2003", "period": "FY", "revenue": 554866000, "costOfRevenue": 274593000, "grossProfit": 280273000, "grossProfitRatio": 0.5051183529, "researchAndDevelopmentExpenses": 18873000, "generalAndAdministrativeExpenses": 0, "sellingAndMarketingExpenses": 0, "sellingGeneralAndAdministrativeExpenses": 219662000, "otherExpenses": 0, "operatingExpenses": 238535000, "costAndExpenses": 513128000, "interestIncome": 0, "interestExpense": 0, "depreciationAndAmortization": 18060000, "ebitda": 68960000, "ebitdaratio": 0.1242822591, "operatingIncome": 32149000, "operatingIncomeRatio": 0.0579401153, "totalOtherIncomeExpensesNet": -9162000, "incomeBeforeTax": 32455000, "incomeBeforeTaxRatio": 0.0584915998, "incomeTaxExpense": 11035000, "netIncome": 21420000, "netIncomeRatio": 0.0386039152, "eps": 0.46, "epsdiluted": 0.46, "weightedAverageShsOut": 46356000, "weightedAverageShsOutDil": 46754000, "link": "https://www.sec.gov/Archives/edgar/data/746598/000095013403013839/0000950134-03-013839-index.htm", "finalLink": "https://www.sec.gov/Archives/edgar/data/746598/000095013403013839/c79778e10vk.txt", "calculatedOtherExpenses": 9589000, "calculatedOperatingExpenses": 248124000, "calculatedNetInterest": 0, "calculatedOtherIncome": 306000, "calculatedIncomeNonControlling": 0, "calculatedEbitda": 50209000}, {"date": "2002-07-31", "symbol": "BRC", "reportedCurrency": "USD", "cik": "0000746598", "fillingDate": "2002-10-23", "acceptedDate": "2002-10-23 17:07:06", "calendarYear": "2002", "period": "FY", "revenue": 516962000, "costOfRevenue": 256186000, "grossProfit": 260776000, "grossProfitRatio": 0.5044393979, "researchAndDevelopmentExpenses": 17271000, "generalAndAdministrativeExpenses": 0, "sellingAndMarketingExpenses": 0, "sellingGeneralAndAdministrativeExpenses": 199282000, "otherExpenses": 2720000, "operatingExpenses": 219273000, "costAndExpenses": 475459000, "interestIncome": 0, "interestExpense": 0, "depreciationAndAmortization": 16630000, "ebitda": 59139000, "ebitdaratio": 0.1143971897, "operatingIncome": 41503000, "operatingIncomeRatio": 0.0802824966, "totalOtherIncomeExpensesNet": -1006000, "incomeBeforeTax": 43135000, "incomeBeforeTaxRatio": 0.0834394017, "incomeTaxExpense": 14882000, "netIncome": 28253000, "netIncomeRatio": 0.054651986, "eps": 0.61, "epsdiluted": 0.6, "weightedAverageShsOut": 45891803, "weightedAverageShsOutDil": 46656667, "link": "https://www.sec.gov/Archives/edgar/data/746598/000095013402012859/0000950134-02-012859-index.htm", "finalLink": "https://www.sec.gov/Archives/edgar/data/746598/000095013402012859/c72003e10vk.txt", "calculatedOtherExpenses": 2720000, "calculatedOperatingExpenses": 219273000, "calculatedNetInterest": 0, "calculatedOtherIncome": 1632000, "calculatedIncomeNonControlling": 0, "calculatedEbitda": 58133000}, {"date": "2001-07-31", "symbol": "BRC", "reportedCurrency": "USD", "cik": "0000746598", "fillingDate": "2001-10-26", "acceptedDate": "2001-10-26 00:00:00", "calendarYear": "2001", "period": "FY", "revenue": 545944000, "costOfRevenue": 257313000, "grossProfit": 288631000, "grossProfitRatio": 0.528682429, "researchAndDevelopmentExpenses": 20329000, "generalAndAdministrativeExpenses": 0, "sellingAndMarketingExpenses": 0, "sellingGeneralAndAdministrativeExpenses": 214220000, "otherExpenses": 9560000, "operatingExpenses": 244109000, "costAndExpenses": 501422000, "interestIncome": 0, "interestExpense": 0, "depreciationAndAmortization": 22646000, "ebitda": 76042000, "ebitdaratio": 0.1392853479, "operatingIncome": 44522000, "operatingIncomeRatio": 0.0815504887, "totalOtherIncomeExpensesNet": -8874000, "incomeBeforeTax": 44790000, "incomeBeforeTaxRatio": 0.0820413815, "incomeTaxExpense": 17244000, "netIncome": 27546000, "netIncomeRatio": 0.0504557244, "eps": 0.6, "epsdiluted": 0.59, "weightedAverageShsOut": 45478333, "weightedAverageShsOutDil": 46249153, "link": "https://www.sec.gov/Archives/edgar/data/746598/000095012401503621/0000950124-01-503621-index.htm", "finalLink": "https://www.sec.gov/Archives/edgar/data/746598/000095012401503621/c65273e10-k405.txt", "calculatedOtherExpenses": 9560000, "calculatedOperatingExpenses": 244109000, "calculatedNetInterest": 0, "calculatedOtherIncome": 268000, "calculatedIncomeNonControlling": 0, "calculatedEbitda": 67168000}, {"date": "2000-07-31", "symbol": "BRC", "reportedCurrency": "USD", "cik": "0000746598", "fillingDate": "2000-10-26", "acceptedDate": "2000-10-26 00:00:00", "calendarYear": "2000", "period": "FY", "revenue": 541077000, "costOfRevenue": 211774000, "grossProfit": 329303000, "grossProfitRatio": 0.6086065384, "researchAndDevelopmentExpenses": 21506000, "generalAndAdministrativeExpenses": 0, "sellingAndMarketingExpenses": 0, "sellingGeneralAndAdministrativeExpenses": 220673000, "otherExpenses": 17833000, "operatingExpenses": 260012000, "costAndExpenses": 471786000, "interestIncome": 0, "interestExpense": 0, "depreciationAndAmortization": 17833000, "ebitda": 79706000, "ebitdaratio": 0.1473099023, "operatingIncome": 69291000, "operatingIncomeRatio": 0.1280612556, "totalOtherIncomeExpensesNet": 7418000, "incomeBeforeTax": 76131000, "incomeBeforeTaxRatio": 0.1407027096, "incomeTaxExpense": 28930000, "netIncome": 47201000, "netIncomeRatio": 0.0872352734, "eps": 1.03, "epsdiluted": 1.02, "weightedAverageShsOut": 45354589, "weightedAverageShsOutDil": 45797073, "link": "https://www.sec.gov/Archives/edgar/data/746598/000095012400006248/0000950124-00-006248-index.htm", "finalLink": "https://www.sec.gov/Archives/edgar/data/746598/000095012400006248/c58010e10-k.txt", "calculatedOtherExpenses": 17833000, "calculatedOperatingExpenses": 260012000, "calculatedNetInterest": 0, "calculatedOtherIncome": 6840000, "calculatedIncomeNonControlling": 0, "calculatedEbitda": 87124000}, {"date": "1999-07-31", "symbol": "BRC", "reportedCurrency": "USD", "cik": "0000746598", "fillingDate": "1999-10-26", "acceptedDate": "1999-10-26 00:00:00", "calendarYear": "1999", "period": "FY", "revenue": 470900000, "costOfRevenue": 187000000, "grossProfit": 283900000, "grossProfitRatio": 0.6028880866, "researchAndDevelopmentExpenses": 17700000, "generalAndAdministrativeExpenses": 0, "sellingAndMarketingExpenses": 0, "sellingGeneralAndAdministrativeExpenses": 187800000, "otherExpenses": 15200000, "operatingExpenses": 220700000, "costAndExpenses": 407700000, "interestIncome": 0, "interestExpense": 0, "depreciationAndAmortization": 15200000, "ebitda": 76300000, "ebitdaratio": 0.162030155, "operatingIncome": 63200000, "operatingIncomeRatio": 0.1342110852, "totalOtherIncomeExpensesNet": 2100000, "incomeBeforeTax": 64800000, "incomeBeforeTaxRatio": 0.1376088341, "incomeTaxExpense": 25200000, "netIncome": 39600000, "netIncomeRatio": 0.0840942875, "eps": 0.87, "epsdiluted": 0.87, "weightedAverageShsOut": 45154023, "weightedAverageShsOutDil": 45415029, "link": "https://www.sec.gov/Archives/edgar/data/746598/000095012499005584/0000950124-99-005584-index.html", "finalLink": "https://www.sec.gov/Archives/edgar/data/746598/000095012499005584/", "calculatedOtherExpenses": 15200000, "calculatedOperatingExpenses": 220700000, "calculatedNetInterest": 0, "calculatedOtherIncome": 1600000, "calculatedIncomeNonControlling": 0, "calculatedEbitda": 78400000}, {"date": "1998-07-31", "symbol": "BRC", "reportedCurrency": "USD", "cik": "0000746598", "fillingDate": "1998-10-28", "acceptedDate": "1998-10-28 00:00:00", "calendarYear": "1998", "period": "FY", "revenue": 455200000, "costOfRevenue": 191600000, "grossProfit": 263600000, "grossProfitRatio": 0.579086116, "researchAndDevelopmentExpenses": 20300000, "generalAndAdministrativeExpenses": 0, "sellingAndMarketingExpenses": 0, "sellingGeneralAndAdministrativeExpenses": 178600000, "otherExpenses": 13300000, "operatingExpenses": 212200000, "costAndExpenses": 403800000, "interestIncome": 0, "interestExpense": 0, "depreciationAndAmortization": 13300000, "ebitda": 69500000, "ebitdaratio": 0.1526801406, "operatingIncome": 51400000, "operatingIncomeRatio": 0.1129173989, "totalOtherIncomeExpensesNet": -4800000, "incomeBeforeTax": 46100000, "incomeBeforeTaxRatio": 0.1012741652, "incomeTaxExpense": 18100000, "netIncome": 28000000, "netIncomeRatio": 0.0615114236, "eps": 0.62, "epsdiluted": 0.62, "weightedAverageShsOut": 44677419, "weightedAverageShsOutDil": 45040650, "link": "https://www.sec.gov/Archives/edgar/data/746598/000095012498005875/0000950124-98-005875-index.html", "finalLink": "https://www.sec.gov/Archives/edgar/data/746598/", "calculatedOtherExpenses": 13300000, "calculatedOperatingExpenses": 212200000, "calculatedNetInterest": 0, "calculatedOtherIncome": -5300000, "calculatedIncomeNonControlling": 0, "calculatedEbitda": 64700000}, {"date": "1997-07-31", "symbol": "BRC", "reportedCurrency": "USD", "cik": "0000746598", "fillingDate": "1997-10-28", "acceptedDate": "1997-10-28 00:00:00", "calendarYear": "1997", "period": "FY", "revenue": 426100000, "costOfRevenue": 179900000, "grossProfit": 246200000, "grossProfitRatio": 0.5777986388, "researchAndDevelopmentExpenses": 16300000, "generalAndAdministrativeExpenses": 0, "sellingAndMarketingExpenses": 0, "sellingGeneralAndAdministrativeExpenses": 165300000, "otherExpenses": 14200000, "operatingExpenses": 195800000, "costAndExpenses": 375700000, "interestIncome": 0, "interestExpense": 0, "depreciationAndAmortization": 14200000, "ebitda": 63400000, "ebitdaratio": 0.1487913635, "operatingIncome": 50400000, "operatingIncomeRatio": 0.1182820934, "totalOtherIncomeExpensesNet": 1200000, "incomeBeforeTax": 51300000, "incomeBeforeTaxRatio": 0.1203942736, "incomeTaxExpense": 19600000, "netIncome": 31700000, "netIncomeRatio": 0.0743956818, "eps": 0.72, "epsdiluted": 0.72, "weightedAverageShsOut": 43611111, "weightedAverageShsOutDil": 43611111, "link": "https://www.sec.gov/Archives/edgar/data/746598/000095012497005561/0000950124-97-005561-index.html", "finalLink": "https://www.sec.gov/Archives/edgar/data/746598/", "calculatedOtherExpenses": 14200000, "calculatedOperatingExpenses": 195800000, "calculatedNetInterest": 0, "calculatedOtherIncome": 900000, "calculatedIncomeNonControlling": 0, "calculatedEbitda": 64600000}, {"date": "1996-07-31", "symbol": "BRC", "reportedCurrency": "USD", "cik": "0000746598", "fillingDate": "1996-10-25", "acceptedDate": "1996-10-25 00:00:00", "calendarYear": "1996", "period": "FY", "revenue": 359500000, "costOfRevenue": 155800000, "grossProfit": 203700000, "grossProfitRatio": 0.566620306, "researchAndDevelopmentExpenses": 11300000, "generalAndAdministrativeExpenses": 0, "sellingAndMarketingExpenses": 0, "sellingGeneralAndAdministrativeExpenses": 140600000, "otherExpenses": 10600000, "operatingExpenses": 162500000, "costAndExpenses": 318300000, "interestIncome": 0, "interestExpense": 0, "depreciationAndAmortization": 10600000, "ebitda": 47200000, "ebitdaratio": 0.1312934631, "operatingIncome": 41200000, "operatingIncomeRatio": 0.1146036161, "totalOtherIncomeExpensesNet": 4600000, "incomeBeforeTax": 45400000, "incomeBeforeTaxRatio": 0.126286509, "incomeTaxExpense": 17400000, "netIncome": 28000000, "netIncomeRatio": 0.0778859527, "eps": 0.64, "epsdiluted": 0.64, "weightedAverageShsOut": 43622047, "weightedAverageShsOutDil": 43622047, "link": "https://www.sec.gov/Archives/edgar/data/746598/000095012496004493/0000950124-96-004493-index.html", "finalLink": "https://www.sec.gov/Archives/edgar/data/746598/", "calculatedOtherExpenses": 10600000, "calculatedOperatingExpenses": 162500000, "calculatedNetInterest": 0, "calculatedOtherIncome": 4200000, "calculatedIncomeNonControlling": 0, "calculatedEbitda": 51800000}, {"date": "1995-07-31", "symbol": "BRC", "reportedCurrency": "USD", "cik": "0000746598", "fillingDate": "1995-10-13", "acceptedDate": "1995-10-13 00:00:00", "calendarYear": "1995", "period": "FY", "revenue": 314400000, "costOfRevenue": 134500000, "grossProfit": 179900000, "grossProfitRatio": 0.5722010178, "researchAndDevelopmentExpenses": 10400000, "generalAndAdministrativeExpenses": 0, "sellingAndMarketingExpenses": 0, "sellingGeneralAndAdministrativeExpenses": 119700000, "otherExpenses": 9100000, "operatingExpenses": 139200000, "costAndExpenses": 273700000, "interestIncome": 0, "interestExpense": 0, "depreciationAndAmortization": 9100000, "ebitda": 45200000, "ebitdaratio": 0.1437659033, "operatingIncome": 40700000, "operatingIncomeRatio": 0.1294529262, "totalOtherIncomeExpensesNet": 4600000, "incomeBeforeTax": 44600000, "incomeBeforeTaxRatio": 0.1418575064, "incomeTaxExpense": 16700000, "netIncome": 27900000, "netIncomeRatio": 0.088740458, "eps": 1.92, "epsdiluted": 1.92, "weightedAverageShsOut": 43404255, "weightedAverageShsOutDil": 43404255, "link": "https://www.sec.gov/Archives/edgar/data/746598/000095012495003299/0000950124-95-003299-index.html", "finalLink": "https://www.sec.gov/Archives/edgar/data/746598/", "calculatedOtherExpenses": 9100000, "calculatedOperatingExpenses": 139200000, "calculatedNetInterest": 0, "calculatedOtherIncome": 3900000, "calculatedIncomeNonControlling": 0, "calculatedEbitda": 49800000}, {"date": "1994-07-31", "symbol": "BRC", "reportedCurrency": "USD", "cik": "0000746598", "fillingDate": "1994-10-26", "acceptedDate": "1994-10-26 00:00:00", "calendarYear": "1994", "period": "FY", "revenue": 255800000, "costOfRevenue": 108700000, "grossProfit": 147100000, "grossProfitRatio": 0.5750586396, "researchAndDevelopmentExpenses": 10300000, "generalAndAdministrativeExpenses": 0, "sellingAndMarketingExpenses": 0, "sellingGeneralAndAdministrativeExpenses": 97900000, "otherExpenses": 9400000, "operatingExpenses": 117600000, "costAndExpenses": 226300000, "interestIncome": 0, "interestExpense": 0, "depreciationAndAmortization": 9400000, "ebitda": 38100000, "ebitdaratio": 0.1489444879, "operatingIncome": 29500000, "operatingIncomeRatio": 0.1153244722, "totalOtherIncomeExpensesNet": 800000, "incomeBeforeTax": 29900000, "incomeBeforeTaxRatio": 0.1168881939, "incomeTaxExpense": 11400000, "netIncome": 18500000, "netIncomeRatio": 0.0723221267, "eps": 1.27, "epsdiluted": 1.27, "weightedAverageShsOut": 42539683, "weightedAverageShsOutDil": 42539683, "link": "https://www.sec.gov/Archives/edgar/data/746598/000074659894000011/0000746598-94-000011-index.html", "finalLink": "https://www.sec.gov/Archives/edgar/data/746598/", "calculatedOtherExpenses": 9400000, "calculatedOperatingExpenses": 117600000, "calculatedNetInterest": 0, "calculatedOtherIncome": 400000, "calculatedIncomeNonControlling": 0, "calculatedEbitda": 38900000}, {"date": "1993-07-31", "symbol": "BRC", "reportedCurrency": "USD", "cik": "0000746598", "fillingDate": "1993-07-31", "acceptedDate": "1993-07-31 00:00:00", "calendarYear": "1993", "period": "FY", "revenue": 243000000, "costOfRevenue": 105700000, "grossProfit": 137300000, "grossProfitRatio": 0.5650205761, "researchAndDevelopmentExpenses": 0, "generalAndAdministrativeExpenses": 0, "sellingAndMarketingExpenses": 0, "sellingGeneralAndAdministrativeExpenses": 103000000, "otherExpenses": 10200000, "operatingExpenses": 113200000, "costAndExpenses": 218900000, "interestIncome": 0, "interestExpense": 0, "depreciationAndAmortization": 10200000, "ebitda": 32500000, "ebitdaratio": 0.133744856, "operatingIncome": 24100000, "operatingIncomeRatio": 0.0991769547, "totalOtherIncomeExpensesNet": 1800000, "incomeBeforeTax": 25900000, "incomeBeforeTaxRatio": 0.1065843621, "incomeTaxExpense": 9000000, "netIncome": 16900000, "netIncomeRatio": 0.0695473251, "eps": 0.39, "epsdiluted": 0.39, "weightedAverageShsOut": 42564103, "weightedAverageShsOutDil": 42564103, "link": null, "finalLink": null, "calculatedOtherExpenses": 10200000, "calculatedOperatingExpenses": 113200000, "calculatedNetInterest": 0, "calculatedOtherIncome": 1800000, "calculatedIncomeNonControlling": 0, "calculatedEbitda": 34300000}, {"date": "1992-07-31", "symbol": "BRC", "reportedCurrency": "USD", "cik": "0000746598", "fillingDate": "1992-07-31", "acceptedDate": "1992-07-31 00:00:00", "calendarYear": "1992", "period": "FY", "revenue": 236000000, "costOfRevenue": 101400000, "grossProfit": 134600000, "grossProfitRatio": 0.5703389831, "researchAndDevelopmentExpenses": 0, "generalAndAdministrativeExpenses": 0, "sellingAndMarketingExpenses": 0, "sellingGeneralAndAdministrativeExpenses": 110500000, "otherExpenses": 8700000, "operatingExpenses": 119200000, "costAndExpenses": 220600000, "interestIncome": 0, "interestExpense": 0, "depreciationAndAmortization": 8700000, "ebitda": 23900000, "ebitdaratio": 0.1012711864, "operatingIncome": 15400000, "operatingIncomeRatio": 0.0652542373, "totalOtherIncomeExpensesNet": 200000, "incomeBeforeTax": 15400000, "incomeBeforeTaxRatio": 0.0652542373, "incomeTaxExpense": 7000000, "netIncome": 5100000, "netIncomeRatio": 0.0216101695, "eps": 0.12, "epsdiluted": 0.12, "weightedAverageShsOut": 41739130, "weightedAverageShsOutDil": 41739130, "link": null, "finalLink": null, "calculatedOtherExpenses": 8700000, "calculatedOperatingExpenses": 119200000, "calculatedNetInterest": 0, "calculatedOtherIncome": 0, "calculatedIncomeNonControlling": 3300000, "calculatedEbitda": 24100000}, {"date": "1991-07-31", "symbol": "BRC", "reportedCurrency": "USD", "cik": "0000746598", "fillingDate": "1991-07-31", "acceptedDate": "1991-07-31 00:00:00", "calendarYear": "1991", "period": "FY", "revenue": 211100000, "costOfRevenue": 89300000, "grossProfit": 121800000, "grossProfitRatio": 0.5769777357, "researchAndDevelopmentExpenses": 0, "generalAndAdministrativeExpenses": 0, "sellingAndMarketingExpenses": 0, "sellingGeneralAndAdministrativeExpenses": 94100000, "otherExpenses": 7500000, "operatingExpenses": 101600000, "costAndExpenses": 190900000, "interestIncome": 0, "interestExpense": 0, "depreciationAndAmortization": 7500000, "ebitda": 24900000, "ebitdaratio": 0.1179535765, "operatingIncome": 20200000, "operatingIncomeRatio": 0.0956892468, "totalOtherIncomeExpensesNet": 2800000, "incomeBeforeTax": 22500000, "incomeBeforeTaxRatio": 0.1065845571, "incomeTaxExpense": 7100000, "netIncome": 15400000, "netIncomeRatio": 0.072951208, "eps": 0.36, "epsdiluted": 0.36, "weightedAverageShsOut": 42535211, "weightedAverageShsOutDil": 42535211, "link": null, "finalLink": null, "calculatedOtherExpenses": 7500000, "calculatedOperatingExpenses": 101600000, "calculatedNetInterest": 0, "calculatedOtherIncome": 2300000, "calculatedIncomeNonControlling": 0, "calculatedEbitda": 27700000}, {"date": "1990-07-31", "symbol": "BRC", "reportedCurrency": "USD", "cik": "0000746598", "fillingDate": "1990-07-31", "acceptedDate": "1990-07-31 00:00:00", "calendarYear": "1990", "period": "FY", "revenue": 191200000, "costOfRevenue": 78500000, "grossProfit": 112700000, "grossProfitRatio": 0.5894351464, "researchAndDevelopmentExpenses": 0, "generalAndAdministrativeExpenses": 0, "sellingAndMarketingExpenses": 0, "sellingGeneralAndAdministrativeExpenses": 84000000, "otherExpenses": 6500000, "operatingExpenses": 90500000, "costAndExpenses": 169000000, "interestIncome": 0, "interestExpense": 0, "depreciationAndAmortization": 6500000, "ebitda": 24700000, "ebitdaratio": 0.1291841004, "operatingIncome": 22200000, "operatingIncomeRatio": 0.1161087866, "totalOtherIncomeExpensesNet": 4000000, "incomeBeforeTax": 25600000, "incomeBeforeTaxRatio": 0.1338912134, "incomeTaxExpense": 10600000, "netIncome": 15000000, "netIncomeRatio": 0.0784518828, "eps": 0.35, "epsdiluted": 0.35, "weightedAverageShsOut": 42000000, "weightedAverageShsOutDil": 42000000, "link": null, "finalLink": null, "calculatedOtherExpenses": 6500000, "calculatedOperatingExpenses": 90500000, "calculatedNetInterest": 0, "calculatedOtherIncome": 3400000, "calculatedIncomeNonControlling": 0, "calculatedEbitda": 28700000}, {"date": "1989-07-31", "symbol": "BRC", "reportedCurrency": "USD", "cik": "0000746598", "fillingDate": "1989-07-31", "acceptedDate": "1989-07-31 00:00:00", "calendarYear": "1989", "period": "FY", "revenue": 174200000, "costOfRevenue": 68700000, "grossProfit": 105500000, "grossProfitRatio": 0.6056257176, "researchAndDevelopmentExpenses": 0, "generalAndAdministrativeExpenses": 0, "sellingAndMarketingExpenses": 0, "sellingGeneralAndAdministrativeExpenses": 77500000, "otherExpenses": 6900000, "operatingExpenses": 84400000, "costAndExpenses": 153100000, "interestIncome": 0, "interestExpense": 0, "depreciationAndAmortization": 6900000, "ebitda": 32100000, "ebitdaratio": 0.1842709529, "operatingIncome": 21100000, "operatingIncomeRatio": 0.1211251435, "totalOtherIncomeExpensesNet": -4100000, "incomeBeforeTax": 16700000, "incomeBeforeTaxRatio": 0.0958668197, "incomeTaxExpense": 6800000, "netIncome": 9900000, "netIncomeRatio": 0.0568312285, "eps": 0.22, "epsdiluted": 0.22, "weightedAverageShsOut": 43636364, "weightedAverageShsOutDil": 43636364, "link": null, "finalLink": null, "calculatedOtherExpenses": 6900000, "calculatedOperatingExpenses": 84400000, "calculatedNetInterest": 0, "calculatedOtherIncome": -4400000, "calculatedIncomeNonControlling": 0, "calculatedEbitda": 28000000}, {"date": "1988-07-31", "symbol": "BRC", "reportedCurrency": "USD", "cik": "0000746598", "fillingDate": "1988-07-31", "acceptedDate": "1988-07-31 00:00:00", "calendarYear": "1988", "period": "FY", "revenue": 153000000, "costOfRevenue": 61000000, "grossProfit": 92000000, "grossProfitRatio": 0.6013071895, "researchAndDevelopmentExpenses": 0, "generalAndAdministrativeExpenses": 0, "sellingAndMarketingExpenses": 0, "sellingGeneralAndAdministrativeExpenses": 69900000, "otherExpenses": 6300000, "operatingExpenses": 76200000, "costAndExpenses": 137200000, "interestIncome": 0, "interestExpense": 0, "depreciationAndAmortization": 6300000, "ebitda": 20200000, "ebitdaratio": 0.1320261438, "operatingIncome": 15800000, "operatingIncomeRatio": 0.1032679739, "totalOtherIncomeExpensesNet": 1900000, "incomeBeforeTax": 17300000, "incomeBeforeTaxRatio": 0.1130718954, "incomeTaxExpense": 7000000, "netIncome": 10300000, "netIncomeRatio": 0.0673202614, "eps": 0.23, "epsdiluted": 0.23, "weightedAverageShsOut": 44444444, "weightedAverageShsOutDil": 44444444, "link": null, "finalLink": null, "calculatedOtherExpenses": 6300000, "calculatedOperatingExpenses": 76200000, "calculatedNetInterest": 0, "calculatedOtherIncome": 1500000, "calculatedIncomeNonControlling": 0, "calculatedEbitda": 22100000}, {"date": "1987-07-31", "symbol": "BRC", "reportedCurrency": "USD", "cik": "0000746598", "fillingDate": "1987-07-31", "acceptedDate": "1987-07-31 00:00:00", "calendarYear": "1987", "period": "FY", "revenue": 126400000, "costOfRevenue": 50800000, "grossProfit": 75600000, "grossProfitRatio": 0.5981012658, "researchAndDevelopmentExpenses": 0, "generalAndAdministrativeExpenses": 0, "sellingAndMarketingExpenses": 0, "sellingGeneralAndAdministrativeExpenses": 55500000, "otherExpenses": 5500000, "operatingExpenses": 61000000, "costAndExpenses": 111800000, "interestIncome": 0, "interestExpense": 0, "depreciationAndAmortization": 5500000, "ebitda": 18000000, "ebitdaratio": 0.1424050633, "operatingIncome": 14600000, "operatingIncomeRatio": 0.1155063291, "totalOtherIncomeExpensesNet": 2100000, "incomeBeforeTax": 16300000, "incomeBeforeTaxRatio": 0.1289556962, "incomeTaxExpense": 7500000, "netIncome": 8800000, "netIncomeRatio": 0.0696202532, "eps": 0.2, "epsdiluted": 0.2, "weightedAverageShsOut": 43589744, "weightedAverageShsOutDil": 43589744, "link": null, "finalLink": null, "calculatedOtherExpenses": 5500000, "calculatedOperatingExpenses": 61000000, "calculatedNetInterest": 0, "calculatedOtherIncome": 1700000, "calculatedIncomeNonControlling": 0, "calculatedEbitda": 20100000}, {"date": "1986-07-31", "symbol": "BRC", "reportedCurrency": "USD", "cik": "0000746598", "fillingDate": "1986-07-31", "acceptedDate": "1986-07-31 00:00:00", "calendarYear": "1986", "period": "FY", "revenue": 109900000, "costOfRevenue": 45000000, "grossProfit": 64900000, "grossProfitRatio": 0.5905368517, "researchAndDevelopmentExpenses": 0, "generalAndAdministrativeExpenses": 0, "sellingAndMarketingExpenses": 0, "sellingGeneralAndAdministrativeExpenses": 42800000, "otherExpenses": 4400000, "operatingExpenses": 47200000, "costAndExpenses": 92200000, "interestIncome": 0, "interestExpense": 0, "depreciationAndAmortization": 4400000, "ebitda": 22100000, "ebitdaratio": 0.2010919017, "operatingIncome": 17700000, "operatingIncomeRatio": 0.161055505, "totalOtherIncomeExpensesNet": -400000, "incomeBeforeTax": 17300000, "incomeBeforeTaxRatio": 0.1574158326, "incomeTaxExpense": 7900000, "netIncome": 9400000, "netIncomeRatio": 0.0855323021, "eps": 0.21, "epsdiluted": 0.21, "weightedAverageShsOut": 43333333, "weightedAverageShsOutDil": 43333333, "link": null, "finalLink": null, "calculatedOtherExpenses": 4400000, "calculatedOperatingExpenses": 47200000, "calculatedNetInterest": 0, "calculatedOtherIncome": -400000, "calculatedIncomeNonControlling": 0, "calculatedEbitda": 22100000}]}