{"originalCurrency": "USD", "convertedCurrency": "USD", "report": [{"date": "2023-12-31", "symbol": "BRKR", "reportedCurrency": "USD", "cik": "0001109354", "fillingDate": "2024-02-29", "acceptedDate": "2024-02-29 15:58:08", "calendarYear": "2023", "period": "FY", "revenue": 2964500000, "costOfRevenue": 1447700000, "grossProfit": 1516800000, "grossProfitRatio": 0.5116545792, "researchAndDevelopmentExpenses": 294800000, "generalAndAdministrativeExpenses": 730100000, "sellingAndMarketingExpenses": -700000, "sellingGeneralAndAdministrativeExpenses": 729400000, "otherExpenses": -10300000, "operatingExpenses": 1034500000, "costAndExpenses": 2482200000, "interestIncome": 7500000, "interestExpense": 16399999, "depreciationAndAmortization": 114900000, "ebitda": 597200000, "ebitdaratio": 0.2014504976, "operatingIncome": 482300000, "operatingIncomeRatio": 0.1626918536, "totalOtherIncomeExpensesNet": 61900000, "incomeBeforeTax": 544200000, "incomeBeforeTaxRatio": 0.1835722719, "incomeTaxExpense": 117700000, "netIncome": 427200000, "netIncomeRatio": 0.1441052454, "eps": 2.92, "epsdiluted": 2.9, "weightedAverageShsOut": 146400000, "weightedAverageShsOutDil": 147200000, "link": "https://www.sec.gov/Archives/edgar/data/1109354/000095017024023038/0000950170-24-023038-index.htm", "finalLink": "https://www.sec.gov/Archives/edgar/data/1109354/000095017024023038/brkr-20231231.htm", "calculatedOtherExpenses": 10300000, "calculatedOperatingExpenses": 1034500000, "calculatedNetInterest": -8899999, "calculatedOtherIncome": 70799999, "calculatedIncomeNonControlling": -700000, "calculatedEbitda": 597200000}, {"date": "2022-12-31", "symbol": "BRKR", "reportedCurrency": "USD", "cik": "0001109354", "fillingDate": "2022-12-31", "acceptedDate": "2022-12-31 00:00:00", "calendarYear": "2022", "period": "FY", "revenue": 2530700000, "costOfRevenue": 1225000000, "grossProfit": 1305700000, "grossProfitRatio": 0.5159442052, "researchAndDevelopmentExpenses": 235900000, "generalAndAdministrativeExpenses": 610800000, "sellingAndMarketingExpenses": -3400000, "sellingGeneralAndAdministrativeExpenses": 607400000, "otherExpenses": -29700000, "operatingExpenses": 843300000, "costAndExpenses": 2068300000, "interestIncome": 4100000, "interestExpense": 16100000, "depreciationAndAmortization": 117700000, "ebitda": 550400000, "ebitdaratio": 0.2174892322, "operatingIncome": 432700000, "operatingIncomeRatio": 0.1709803612, "totalOtherIncomeExpensesNet": -18800000, "incomeBeforeTax": 413900000, "incomeBeforeTaxRatio": 0.1635515865, "incomeTaxExpense": 116400000, "netIncome": 296600000, "netIncomeRatio": 0.1172007745, "eps": 2, "epsdiluted": 1.99, "weightedAverageShsOut": 148600000, "weightedAverageShsOutDil": 149400000, "link": null, "finalLink": null, "calculatedOtherExpenses": 29700000, "calculatedOperatingExpenses": 873000000, "calculatedNetInterest": -12000000, "calculatedOtherIncome": -6800000, "calculatedIncomeNonControlling": 900000, "calculatedEbitda": 550400000}, {"date": "2021-12-31", "symbol": "BRKR", "reportedCurrency": "USD", "cik": "0001109354", "fillingDate": "2022-02-28", "acceptedDate": "2022-02-28 10:46:59", "calendarYear": "2021", "period": "FY", "revenue": 2417900000, "costOfRevenue": 1208300000, "grossProfit": 1209600000, "grossProfitRatio": 0.5002688283, "researchAndDevelopmentExpenses": 220800000, "generalAndAdministrativeExpenses": 564500000, "sellingAndMarketingExpenses": -3300000, "sellingGeneralAndAdministrativeExpenses": 561200000, "otherExpenses": -14300000, "operatingExpenses": 782000000, "costAndExpenses": 1990300000, "interestIncome": 900000, "interestExpense": 14300000, "depreciationAndAmortization": 103400000, "ebitda": 516700000, "ebitdaratio": 0.213697837, "operatingIncome": 413300000, "operatingIncomeRatio": 0.1709334547, "totalOtherIncomeExpensesNet": -19700000, "incomeBeforeTax": 393600000, "incomeBeforeTaxRatio": 0.1627858886, "incomeTaxExpense": 113000000, "netIncome": 277100000, "netIncomeRatio": 0.1146035816, "eps": 1.83, "epsdiluted": 1.81, "weightedAverageShsOut": 151400000, "weightedAverageShsOutDil": 152900000, "link": "https://www.sec.gov/Archives/edgar/data/1109354/000119312522056531/0001193125-22-056531-index.htm", "finalLink": "https://www.sec.gov/Archives/edgar/data/1109354/000119312522056531/d108764d10k.htm", "calculatedOtherExpenses": 14300000, "calculatedOperatingExpenses": 796300000, "calculatedNetInterest": -13400000, "calculatedOtherIncome": -6300000, "calculatedIncomeNonControlling": 3500000, "calculatedEbitda": 516700000}, {"date": "2020-12-31", "symbol": "BRKR", "reportedCurrency": "USD", "cik": "0001109354", "fillingDate": "2021-03-01", "acceptedDate": "2021-03-01 15:37:40", "calendarYear": "2020", "period": "FY", "revenue": 1987500000, "costOfRevenue": 1047700000, "grossProfit": 939800000, "grossProfitRatio": 0.4728553459, "researchAndDevelopmentExpenses": 198000000, "generalAndAdministrativeExpenses": 477800000, "sellingAndMarketingExpenses": -9200000, "sellingGeneralAndAdministrativeExpenses": 468600000, "otherExpenses": -24900000, "operatingExpenses": 666600000, "costAndExpenses": 1714300000, "interestIncome": 3200000, "interestExpense": 14400000, "depreciationAndAmortization": 105300000, "ebitda": 353600000, "ebitdaratio": 0.1779119497, "operatingIncome": 248300000, "operatingIncomeRatio": 0.1249308176, "totalOtherIncomeExpensesNet": -22500000, "incomeBeforeTax": 225800000, "incomeBeforeTaxRatio": 0.1136100629, "incomeTaxExpense": 64400000, "netIncome": 157800000, "netIncomeRatio": 0.0793962264, "eps": 1.03, "epsdiluted": 1.02, "weightedAverageShsOut": 153400000, "weightedAverageShsOutDil": 154600000, "link": "https://www.sec.gov/Archives/edgar/data/1109354/000110465921029938/0001104659-21-029938-index.htm", "finalLink": "https://www.sec.gov/Archives/edgar/data/1109354/000110465921029938/brkr-20201231x10k.htm", "calculatedOtherExpenses": 24900000, "calculatedOperatingExpenses": 691500000, "calculatedNetInterest": -11200000, "calculatedOtherIncome": -11300000, "calculatedIncomeNonControlling": 3600000, "calculatedEbitda": 353600000}, {"date": "2019-12-31", "symbol": "BRKR", "reportedCurrency": "USD", "cik": "0001109354", "fillingDate": "2020-03-27", "acceptedDate": "2020-03-27 16:59:46", "calendarYear": "2019", "period": "FY", "revenue": 2072600000, "costOfRevenue": 1077300000, "grossProfit": 995300000, "grossProfitRatio": 0.4802180836, "researchAndDevelopmentExpenses": 187700000, "generalAndAdministrativeExpenses": 500200000, "sellingAndMarketingExpenses": 0, "sellingGeneralAndAdministrativeExpenses": 500200000, "otherExpenses": -6500000, "operatingExpenses": 687900000, "costAndExpenses": 1765200000, "interestIncome": 1300000, "interestExpense": 16000000, "depreciationAndAmortization": 82100000, "ebitda": 383000000, "ebitdaratio": 0.1847920486, "operatingIncome": 300900000, "operatingIncomeRatio": 0.1451799672, "totalOtherIncomeExpensesNet": -20500000, "incomeBeforeTax": 280400000, "incomeBeforeTaxRatio": 0.135289009, "incomeTaxExpense": 82400000, "netIncome": 197200000, "netIncomeRatio": 0.0951461932, "eps": 1.27, "epsdiluted": 1.26, "weightedAverageShsOut": 155200000, "weightedAverageShsOutDil": 156600000, "link": "https://www.sec.gov/Archives/edgar/data/1109354/000110465920039645/0001104659-20-039645-index.htm", "finalLink": "https://www.sec.gov/Archives/edgar/data/1109354/000110465920039645/brkr-20191231x10k06be43.htm", "calculatedOtherExpenses": 6500000, "calculatedOperatingExpenses": 694400000, "calculatedNetInterest": -14700000, "calculatedOtherIncome": -5800000, "calculatedIncomeNonControlling": 800000, "calculatedEbitda": 383000000}, {"date": "2018-12-31", "symbol": "BRKR", "reportedCurrency": "USD", "cik": "0001109354", "fillingDate": "2019-03-01", "acceptedDate": "2019-03-01 16:25:49", "calendarYear": "2018", "period": "FY", "revenue": 1895600000, "costOfRevenue": 995600000, "grossProfit": 900000000, "grossProfitRatio": 0.4747837096, "researchAndDevelopmentExpenses": 173400000, "generalAndAdministrativeExpenses": 444700000, "sellingAndMarketingExpenses": 0, "sellingGeneralAndAdministrativeExpenses": 444700000, "otherExpenses": -19500000, "operatingExpenses": 618100000, "costAndExpenses": 1613700000, "interestIncome": 1200000, "interestExpense": 12600000, "depreciationAndAmortization": 64900000, "ebitda": 346800000, "ebitdaratio": 0.1829499894, "operatingIncome": 262400000, "operatingIncomeRatio": 0.1384258282, "totalOtherIncomeExpensesNet": -19500000, "incomeBeforeTax": 244700000, "incomeBeforeTaxRatio": 0.1290884153, "incomeTaxExpense": 63700000, "netIncome": 179700000, "netIncomeRatio": 0.0947984807, "eps": 1.15, "epsdiluted": 1.14, "weightedAverageShsOut": 156200000, "weightedAverageShsOutDil": 157200000, "link": "https://www.sec.gov/Archives/edgar/data/1109354/000104746919000839/0001047469-19-000839-index.htm", "finalLink": "https://www.sec.gov/Archives/edgar/data/1109354/000104746919000839/a2237863z10-k.htm", "calculatedOtherExpenses": 19500000, "calculatedOperatingExpenses": 637600000, "calculatedNetInterest": -11400000, "calculatedOtherIncome": -6300000, "calculatedIncomeNonControlling": 1300000, "calculatedEbitda": 327300000}, {"date": "2017-12-31", "symbol": "BRKR", "reportedCurrency": "USD", "cik": "0001109354", "fillingDate": "2018-03-16", "acceptedDate": "2018-03-16 17:13:04", "calendarYear": "2017", "period": "FY", "revenue": 1765900000, "costOfRevenue": 952900000, "grossProfit": 813000000, "grossProfitRatio": 0.4603884705, "researchAndDevelopmentExpenses": 162700000, "generalAndAdministrativeExpenses": 415900000, "sellingAndMarketingExpenses": 0, "sellingGeneralAndAdministrativeExpenses": 415900000, "otherExpenses": -19700000, "operatingExpenses": 578600000, "costAndExpenses": 1531500000, "interestIncome": 800000, "interestExpense": 15400000, "depreciationAndAmortization": 63900000, "ebitda": 298300000, "ebitdaratio": 0.1689223625, "operatingIncome": 214700000, "operatingIncomeRatio": 0.1215810635, "totalOtherIncomeExpensesNet": -19700000, "incomeBeforeTax": 197800000, "incomeBeforeTaxRatio": 0.1120108726, "incomeTaxExpense": 117500000, "netIncome": 78600000, "netIncomeRatio": 0.0445098816, "eps": 0.5, "epsdiluted": 0.49, "weightedAverageShsOut": 158100000, "weightedAverageShsOutDil": 159100000, "link": "https://www.sec.gov/Archives/edgar/data/1109354/000104746918001779/0001047469-18-001779-index.htm", "finalLink": "https://www.sec.gov/Archives/edgar/data/1109354/000104746918001779/a2234597z10-k.htm", "calculatedOtherExpenses": 19700000, "calculatedOperatingExpenses": 598300000, "calculatedNetInterest": -14600000, "calculatedOtherIncome": -2300000, "calculatedIncomeNonControlling": 1700000, "calculatedEbitda": 278600000}, {"date": "2016-12-31", "symbol": "BRKR", "reportedCurrency": "USD", "cik": "0001109354", "fillingDate": "2017-03-01", "acceptedDate": "2017-03-01 14:47:19", "calendarYear": "2016", "period": "FY", "revenue": 1611300000, "costOfRevenue": 868800000, "grossProfit": 742500000, "grossProfitRatio": 0.4608080432, "researchAndDevelopmentExpenses": 149000000, "generalAndAdministrativeExpenses": 390500000, "sellingAndMarketingExpenses": 0, "sellingGeneralAndAdministrativeExpenses": 390500000, "otherExpenses": -25800000, "operatingExpenses": 539500000, "costAndExpenses": 1408300000, "interestIncome": 300000, "interestExpense": 13200000, "depreciationAndAmortization": 54300000, "ebitda": 257300000, "ebitdaratio": 0.1596847266, "operatingIncome": 177200000, "operatingIncomeRatio": 0.1099733135, "totalOtherIncomeExpensesNet": -25800000, "incomeBeforeTax": 177600000, "incomeBeforeTaxRatio": 0.1102215602, "incomeTaxExpense": 23100000, "netIncome": 153600000, "netIncomeRatio": 0.0953267548, "eps": 0.95, "epsdiluted": 0.95, "weightedAverageShsOut": 161400000, "weightedAverageShsOutDil": 162200000, "link": "https://www.sec.gov/Archives/edgar/data/1109354/000104746917001114/0001047469-17-001114-index.htm", "finalLink": "https://www.sec.gov/Archives/edgar/data/1109354/000104746917001114/a2231083z10-k.htm", "calculatedOtherExpenses": 25800000, "calculatedOperatingExpenses": 565300000, "calculatedNetInterest": -12900000, "calculatedOtherIncome": 13300000, "calculatedIncomeNonControlling": 900000, "calculatedEbitda": 231500000}, {"date": "2015-12-31", "symbol": "BRKR", "reportedCurrency": "USD", "cik": "0001109354", "fillingDate": "2016-02-29", "acceptedDate": "2016-02-26 20:56:31", "calendarYear": "2015", "period": "FY", "revenue": 1623800000, "costOfRevenue": 915200000, "grossProfit": 708600000, "grossProfitRatio": 0.4363837911, "researchAndDevelopmentExpenses": 145700000, "generalAndAdministrativeExpenses": 392200000, "sellingAndMarketingExpenses": 0, "sellingGeneralAndAdministrativeExpenses": 392200000, "otherExpenses": -20400000, "operatingExpenses": 537900000, "costAndExpenses": 1453100000, "interestIncome": 1200000, "interestExpense": 13000000, "depreciationAndAmortization": 53300000, "ebitda": 228600000, "ebitdaratio": 0.1407808843, "operatingIncome": 145700000, "operatingIncomeRatio": 0.089727799, "totalOtherIncomeExpensesNet": -25000000, "incomeBeforeTax": 128000000, "incomeBeforeTaxRatio": 0.0788274418, "incomeTaxExpense": 23100000, "netIncome": 101600000, "netIncomeRatio": 0.0625692819, "eps": 0.6, "epsdiluted": 0.6, "weightedAverageShsOut": 168200000, "weightedAverageShsOutDil": 169100000, "link": "https://www.sec.gov/Archives/edgar/data/1109354/000104746916010532/0001047469-16-010532-index.htm", "finalLink": "https://www.sec.gov/Archives/edgar/data/1109354/000104746916010532/a2227490z10-k.htm", "calculatedOtherExpenses": 25000000, "calculatedOperatingExpenses": 562900000, "calculatedNetInterest": -11800000, "calculatedOtherIncome": -5900000, "calculatedIncomeNonControlling": 3300000, "calculatedEbitda": 199000000}, {"date": "2014-12-31", "symbol": "BRKR", "reportedCurrency": "USD", "cik": "0001109354", "fillingDate": "2015-02-27", "acceptedDate": "2015-02-27 14:32:00", "calendarYear": "2014", "period": "FY", "revenue": 1808900000, "costOfRevenue": 1045600000, "grossProfit": 763300000, "grossProfitRatio": 0.4219691525, "researchAndDevelopmentExpenses": 174200000, "generalAndAdministrativeExpenses": 451000000, "sellingAndMarketingExpenses": 0, "sellingGeneralAndAdministrativeExpenses": 451000000, "otherExpenses": -21200000, "operatingExpenses": 625200000, "costAndExpenses": 1670800000, "interestIncome": 800000, "interestExpense": 13300000, "depreciationAndAmortization": 59700000, "ebitda": 209300000, "ebitdaratio": 0.1157056775, "operatingIncome": 105400000, "operatingIncomeRatio": 0.0582674554, "totalOtherIncomeExpensesNet": -32700000, "incomeBeforeTax": 101300000, "incomeBeforeTaxRatio": 0.0560008845, "incomeTaxExpense": 41700000, "netIncome": 56700000, "netIncomeRatio": 0.0313450163, "eps": 0.34, "epsdiluted": 0.33, "weightedAverageShsOut": 167800000, "weightedAverageShsOutDil": 169500000, "link": "https://www.sec.gov/Archives/edgar/data/1109354/000104746915001394/0001047469-15-001394-index.htm", "finalLink": "https://www.sec.gov/Archives/edgar/data/1109354/000104746915001394/a2223291z10-k.htm", "calculatedOtherExpenses": 32700000, "calculatedOperatingExpenses": 657900000, "calculatedNetInterest": -12500000, "calculatedOtherIncome": 8400000, "calculatedIncomeNonControlling": 2900000, "calculatedEbitda": 165100000}, {"date": "2013-12-31", "symbol": "BRKR", "reportedCurrency": "USD", "cik": "0001109354", "fillingDate": "2014-02-27", "acceptedDate": "2014-02-27 16:26:47", "calendarYear": "2013", "period": "FY", "revenue": 1839400000, "costOfRevenue": 1034200000, "grossProfit": 805200000, "grossProfitRatio": 0.4377514407, "researchAndDevelopmentExpenses": 190500000, "generalAndAdministrativeExpenses": 437900000, "sellingAndMarketingExpenses": 0, "sellingGeneralAndAdministrativeExpenses": 437900000, "otherExpenses": -28600000, "operatingExpenses": 628400000, "costAndExpenses": 1662600000, "interestIncome": 1000000, "interestExpense": 13400000, "depreciationAndAmortization": 61300000, "ebitda": 238100000, "ebitdaratio": 0.129444384, "operatingIncome": 148200000, "operatingIncomeRatio": 0.080569751, "totalOtherIncomeExpensesNet": -28600000, "incomeBeforeTax": 124600000, "incomeBeforeTaxRatio": 0.0677394803, "incomeTaxExpense": 42800000, "netIncome": 80100000, "netIncomeRatio": 0.0435468087, "eps": 0.48, "epsdiluted": 0.48, "weightedAverageShsOut": 166500000, "weightedAverageShsOutDil": 168500000, "link": "https://www.sec.gov/Archives/edgar/data/1109354/000104746914001489/0001047469-14-001489-index.htm", "finalLink": "https://www.sec.gov/Archives/edgar/data/1109354/000104746914001489/a2218458z10-k.htm", "calculatedOtherExpenses": 28600000, "calculatedOperatingExpenses": 657000000, "calculatedNetInterest": -12400000, "calculatedOtherIncome": -11200000, "calculatedIncomeNonControlling": 1700000, "calculatedEbitda": 209500000}, {"date": "2012-12-31", "symbol": "BRKR", "reportedCurrency": "USD", "cik": "0001109354", "fillingDate": "2013-02-28", "acceptedDate": "2013-02-28 16:50:43", "calendarYear": "2012", "period": "FY", "revenue": 1791400000, "costOfRevenue": 960000000, "grossProfit": 831400000, "grossProfitRatio": 0.4641062856, "researchAndDevelopmentExpenses": 195300000, "generalAndAdministrativeExpenses": 442400000, "sellingAndMarketingExpenses": 0, "sellingGeneralAndAdministrativeExpenses": 442400000, "otherExpenses": -13900000, "operatingExpenses": 637700000, "costAndExpenses": 1597700000, "interestIncome": 900000, "interestExpense": 14300000, "depreciationAndAmortization": 59100000, "ebitda": 217500000, "ebitdaratio": 0.1214134197, "operatingIncome": 156000000, "operatingIncomeRatio": 0.0870827286, "totalOtherIncomeExpensesNet": -37700000, "incomeBeforeTax": 138300000, "incomeBeforeTaxRatio": 0.0772021882, "incomeTaxExpense": 60100000, "netIncome": 77500000, "netIncomeRatio": 0.043262253, "eps": 0.47, "epsdiluted": 0.46, "weightedAverageShsOut": 166000000, "weightedAverageShsOutDil": 167400000, "link": "https://www.sec.gov/Archives/edgar/data/1109354/000104746913001958/0001047469-13-001958-index.htm", "finalLink": "https://www.sec.gov/Archives/edgar/data/1109354/000104746913001958/a2213258z10-k.htm", "calculatedOtherExpenses": 37700000, "calculatedOperatingExpenses": 675400000, "calculatedNetInterest": -13400000, "calculatedOtherIncome": -4300000, "calculatedIncomeNonControlling": 700000, "calculatedEbitda": 215100000}, {"date": "2011-12-31", "symbol": "BRKR", "reportedCurrency": "USD", "cik": "0001109354", "fillingDate": "2012-02-29", "acceptedDate": "2012-02-29 14:57:11", "calendarYear": "2011", "period": "FY", "revenue": 1651700000, "costOfRevenue": 899200000, "grossProfit": 752500000, "grossProfitRatio": 0.4555912091, "researchAndDevelopmentExpenses": 177200000, "generalAndAdministrativeExpenses": 406600000, "sellingAndMarketingExpenses": -3000000, "sellingGeneralAndAdministrativeExpenses": 403600000, "otherExpenses": 13100000, "operatingExpenses": 596900000, "costAndExpenses": 1496100000, "interestIncome": 1000000, "interestExpense": 7300000, "depreciationAndAmortization": 3000000, "ebitda": 158600000, "ebitdaratio": 0.0960222801, "operatingIncome": 155600000, "operatingIncomeRatio": 0.0942059696, "totalOtherIncomeExpensesNet": -16900000, "incomeBeforeTax": 145500000, "incomeBeforeTaxRatio": 0.0880910577, "incomeTaxExpense": 51500000, "netIncome": 92300000, "netIncomeRatio": 0.0558818187, "eps": 0.56, "epsdiluted": 0.55, "weightedAverageShsOut": 165400000, "weightedAverageShsOutDil": 166900000, "link": "https://www.sec.gov/Archives/edgar/data/1109354/000104746912001890/0001047469-12-001890-index.htm", "finalLink": "https://www.sec.gov/Archives/edgar/data/1109354/000104746912001890/a2207591z10-k.htm", "calculatedOtherExpenses": 16100000, "calculatedOperatingExpenses": 596900000, "calculatedNetInterest": -6300000, "calculatedOtherIncome": -3800000, "calculatedIncomeNonControlling": 1700000, "calculatedEbitda": 158600000}, {"date": "2010-12-31", "symbol": "BRKR", "reportedCurrency": "USD", "cik": "0001109354", "fillingDate": "2011-03-01", "acceptedDate": "2011-03-01 15:10:03", "calendarYear": "2010", "period": "FY", "revenue": 1304900000, "costOfRevenue": 698900000, "grossProfit": 606000000, "grossProfitRatio": 0.4644034026, "researchAndDevelopmentExpenses": 141400000, "generalAndAdministrativeExpenses": 303100000, "sellingAndMarketingExpenses": -5800000, "sellingGeneralAndAdministrativeExpenses": 297300000, "otherExpenses": 5800000, "operatingExpenses": 450300000, "costAndExpenses": 1149200000, "interestIncome": 900000, "interestExpense": 5600000, "depreciationAndAmortization": 5800000, "ebitda": 161500000, "ebitdaratio": 0.1237642731, "operatingIncome": 155700000, "operatingIncomeRatio": 0.1193194881, "totalOtherIncomeExpensesNet": -900000, "incomeBeforeTax": 150100000, "incomeBeforeTaxRatio": 0.1150279715, "incomeTaxExpense": 53300000, "netIncome": 95400000, "netIncomeRatio": 0.0731090505, "eps": 0.58, "epsdiluted": 0.58, "weightedAverageShsOut": 164400000, "weightedAverageShsOutDil": 165700000, "link": "https://www.sec.gov/Archives/edgar/data/1109354/000104746911001614/0001047469-11-001614-index.htm", "finalLink": "https://www.sec.gov/Archives/edgar/data/1109354/000104746911001614/a2202264z10-k.htm", "calculatedOtherExpenses": 11600000, "calculatedOperatingExpenses": 450300000, "calculatedNetInterest": -4700000, "calculatedOtherIncome": -900000, "calculatedIncomeNonControlling": 1400000, "calculatedEbitda": 161500000}, {"date": "2009-12-31", "symbol": "BRKR", "reportedCurrency": "USD", "cik": "0001109354", "fillingDate": "2010-03-12", "acceptedDate": "2010-03-12 16:46:36", "calendarYear": "2009", "period": "FY", "revenue": 1114500000, "costOfRevenue": 595900000, "grossProfit": 518600000, "grossProfitRatio": 0.4653207716, "researchAndDevelopmentExpenses": 126400000, "generalAndAdministrativeExpenses": 69500000, "sellingAndMarketingExpenses": 185800000, "sellingGeneralAndAdministrativeExpenses": 255300000, "otherExpenses": 200000, "operatingExpenses": 255300000, "costAndExpenses": 851200000, "interestIncome": 1000000, "interestExpense": 7500000, "depreciationAndAmortization": 29700000, "ebitda": 397500000, "ebitdaratio": 0.3566621803, "operatingIncome": 136700000, "operatingIncomeRatio": 0.1226558995, "totalOtherIncomeExpensesNet": -134200000, "incomeBeforeTax": 129100000, "incomeBeforeTaxRatio": 0.1158366981, "incomeTaxExpense": 48100000, "netIncome": 81200000, "netIncomeRatio": 0.0728577838, "eps": 0.5, "epsdiluted": 0.49, "weightedAverageShsOut": 163500000, "weightedAverageShsOutDil": 164900000, "link": "https://www.sec.gov/Archives/edgar/data/1109354/000104746910002146/0001047469-10-002146-index.htm", "finalLink": "https://www.sec.gov/Archives/edgar/data/1109354/000104746910002146/a2197125z10-k.htm", "calculatedOtherExpenses": 200000, "calculatedOperatingExpenses": 381900000, "calculatedNetInterest": -6500000, "calculatedOtherIncome": -1100000, "calculatedIncomeNonControlling": -200000, "calculatedEbitda": 166400000}, {"date": "2008-12-31", "symbol": "BRKR", "reportedCurrency": "USD", "cik": "0001109354", "fillingDate": "2009-03-16", "acceptedDate": "2009-03-16 09:54:54", "calendarYear": "2008", "period": "FY", "revenue": 1107100000, "costOfRevenue": 602100000, "grossProfit": 505000000, "grossProfitRatio": 0.4561466895, "researchAndDevelopmentExpenses": 133800000, "generalAndAdministrativeExpenses": 254500000, "sellingAndMarketingExpenses": 183800000, "sellingGeneralAndAdministrativeExpenses": 254500000, "otherExpenses": 8500000, "operatingExpenses": 388300000, "costAndExpenses": 990400000, "interestIncome": 0, "interestExpense": 40500000, "depreciationAndAmortization": 29900000, "ebitda": 163300000, "ebitdaratio": 0.147502484, "operatingIncome": 108200000, "operatingIncomeRatio": 0.0977328155, "totalOtherIncomeExpensesNet": -16700000, "incomeBeforeTax": 93200000, "incomeBeforeTaxRatio": 0.0841839039, "incomeTaxExpense": 28000000, "netIncome": 64900000, "netIncomeRatio": 0.0586216241, "eps": 0.4, "epsdiluted": 0.39, "weightedAverageShsOut": 162700000, "weightedAverageShsOutDil": 165600000, "link": "https://www.sec.gov/Archives/edgar/data/1109354/000104746909002698/0001047469-09-002698-index.htm", "finalLink": "https://www.sec.gov/Archives/edgar/data/1109354/000104746909002698/a2191423z10-k.htm", "calculatedOtherExpenses": 8500000, "calculatedOperatingExpenses": 396800000, "calculatedNetInterest": -40500000, "calculatedOtherIncome": 25500000, "calculatedIncomeNonControlling": 300000, "calculatedEbitda": 138100000}, {"date": "2007-12-31", "symbol": "BRKR", "reportedCurrency": "USD", "cik": "0001109354", "fillingDate": "2008-03-17", "acceptedDate": "2008-03-17 12:51:17", "calendarYear": "2007", "period": "FY", "revenue": 547576000, "costOfRevenue": 294438000, "grossProfit": 253138000, "grossProfitRatio": 0.4622883399, "researchAndDevelopmentExpenses": 58466000, "generalAndAdministrativeExpenses": 140041000, "sellingAndMarketingExpenses": 105983000, "sellingGeneralAndAdministrativeExpenses": 140041000, "otherExpenses": 4664000, "operatingExpenses": 198507000, "costAndExpenses": 492945000, "interestIncome": 0, "interestExpense": 11840000, "depreciationAndAmortization": 12628000, "ebitda": 72781000, "ebitdaratio": 0.132914883, "operatingIncome": 49967000, "operatingIncomeRatio": 0.0912512601, "totalOtherIncomeExpensesNet": -5522000, "incomeBeforeTax": 48612000, "incomeBeforeTaxRatio": 0.0887767178, "incomeTaxExpense": 16784000, "netIncome": 31529000, "netIncomeRatio": 0.0575792219, "eps": 0.61, "epsdiluted": 0.6, "weightedAverageShsOut": 161200000, "weightedAverageShsOutDil": 164300000, "link": "https://www.sec.gov/Archives/edgar/data/1109354/000104746908002906/0001047469-08-002906-index.htm", "finalLink": "https://www.sec.gov/Archives/edgar/data/1109354/000104746908002906/a2183733z10-k.htm", "calculatedOtherExpenses": 4664000, "calculatedOperatingExpenses": 203171000, "calculatedNetInterest": -11840000, "calculatedOtherIncome": 10485000, "calculatedIncomeNonControlling": 299000, "calculatedEbitda": 62595000}, {"date": "2006-12-31", "symbol": "BRKR", "reportedCurrency": "USD", "cik": "0001109354", "fillingDate": "2007-03-15", "acceptedDate": "2007-03-15 16:34:03", "calendarYear": "2006", "period": "FY", "revenue": 435834000, "costOfRevenue": 236500000, "grossProfit": 199334000, "grossProfitRatio": 0.4573622067, "researchAndDevelopmentExpenses": 49959000, "generalAndAdministrativeExpenses": 112989000, "sellingAndMarketingExpenses": 84007000, "sellingGeneralAndAdministrativeExpenses": 112989000, "otherExpenses": 5724000, "operatingExpenses": 162948000, "costAndExpenses": 399448000, "interestIncome": 0, "interestExpense": 3964000, "depreciationAndAmortization": 13289000, "ebitda": 51665000, "ebitdaratio": 0.1185428397, "operatingIncome": 30662000, "operatingIncomeRatio": 0.0703524736, "totalOtherIncomeExpensesNet": -1990000, "incomeBeforeTax": 34420000, "incomeBeforeTaxRatio": 0.0789750226, "incomeTaxExpense": 15931000, "netIncome": 18481000, "netIncomeRatio": 0.0424037592, "eps": 0.18, "epsdiluted": 0.18, "weightedAverageShsOut": 101512000, "weightedAverageShsOutDil": 102561000, "link": "https://www.sec.gov/Archives/edgar/data/1109354/000110465907019573/0001104659-07-019573-index.htm", "finalLink": "https://www.sec.gov/Archives/edgar/data/1109354/000110465907019573/a07-5819_110k.htm", "calculatedOtherExpenses": 5724000, "calculatedOperatingExpenses": 168672000, "calculatedNetInterest": -3964000, "calculatedOtherIncome": 7722000, "calculatedIncomeNonControlling": 8000, "calculatedEbitda": 43951000}, {"date": "2005-12-31", "symbol": "BRKR", "reportedCurrency": "USD", "cik": "0001109354", "fillingDate": "2006-03-14", "acceptedDate": "2006-03-13 17:39:56", "calendarYear": "2005", "period": "FY", "revenue": 297569000, "costOfRevenue": 171762000, "grossProfit": 125807000, "grossProfitRatio": 0.4227826151, "researchAndDevelopmentExpenses": 41357000, "generalAndAdministrativeExpenses": 73812000, "sellingAndMarketingExpenses": 51438000, "sellingGeneralAndAdministrativeExpenses": 73812000, "otherExpenses": 0, "operatingExpenses": 115169000, "costAndExpenses": 286931000, "interestIncome": 0, "interestExpense": -1271000, "depreciationAndAmortization": 8608000, "ebitda": 19246000, "ebitdaratio": 0.0646774362, "operatingIncome": 10638000, "operatingIncomeRatio": 0.0357496917, "totalOtherIncomeExpensesNet": 1311000, "incomeBeforeTax": 11949000, "incomeBeforeTaxRatio": 0.0401553925, "incomeTaxExpense": 8263000, "netIncome": 3646000, "netIncomeRatio": 0.0122526204, "eps": 0.1, "epsdiluted": 0.0964, "weightedAverageShsOut": 100823000, "weightedAverageShsOutDil": 101130000, "link": "https://www.sec.gov/Archives/edgar/data/1109354/000110465906016214/0001104659-06-016214-index.htm", "finalLink": "https://www.sec.gov/Archives/edgar/data/1109354/000110465906016214/a06-2719_110k.htm", "calculatedOtherExpenses": 0, "calculatedOperatingExpenses": 115169000, "calculatedNetInterest": 1271000, "calculatedOtherIncome": 40000, "calculatedIncomeNonControlling": 40000, "calculatedEbitda": 19246000}, {"date": "2004-12-31", "symbol": "BRKR", "reportedCurrency": "USD", "cik": "0001109354", "fillingDate": "2005-03-31", "acceptedDate": "2005-03-31 14:57:56", "calendarYear": "2004", "period": "FY", "revenue": 284416000, "costOfRevenue": 165940000, "grossProfit": 118476000, "grossProfitRatio": 0.4165588434, "researchAndDevelopmentExpenses": 43219000, "generalAndAdministrativeExpenses": 76375000, "sellingAndMarketingExpenses": 55976000, "sellingGeneralAndAdministrativeExpenses": 76375000, "otherExpenses": 0, "operatingExpenses": 119594000, "costAndExpenses": 285534000, "interestIncome": 0, "interestExpense": 3848000, "depreciationAndAmortization": 9793000, "ebitda": 8675000, "ebitdaratio": 0.030501097, "operatingIncome": -1118000, "operatingIncomeRatio": -0.0039308618, "totalOtherIncomeExpensesNet": -3779000, "incomeBeforeTax": -4897000, "incomeBeforeTaxRatio": -0.0172177374, "incomeTaxExpense": 2865000, "netIncome": -7831000, "netIncomeRatio": -0.0275336127, "eps": -0.0813, "epsdiluted": -0.0813, "weightedAverageShsOut": 96375000, "weightedAverageShsOutDil": 96375000, "link": "https://www.sec.gov/Archives/edgar/data/1109354/000104746905008540/0001047469-05-008540-index.htm", "finalLink": "https://www.sec.gov/Archives/edgar/data/1109354/000104746905008540/a2153566z10-k.htm", "calculatedOtherExpenses": 0, "calculatedOperatingExpenses": 119594000, "calculatedNetInterest": -3848000, "calculatedOtherIncome": 69000, "calculatedIncomeNonControlling": 69000, "calculatedEbitda": 8675000}, {"date": "2003-12-31", "symbol": "BRKR", "reportedCurrency": "USD", "cik": "0001109354", "fillingDate": "2004-03-15", "acceptedDate": "2004-03-15 17:27:55", "calendarYear": "2003", "period": "FY", "revenue": 260679000, "costOfRevenue": 144834000, "grossProfit": 115845000, "grossProfitRatio": 0.4443971321, "researchAndDevelopmentExpenses": 38026000, "generalAndAdministrativeExpenses": 77755000, "sellingAndMarketingExpenses": 60420000, "sellingGeneralAndAdministrativeExpenses": 77755000, "otherExpenses": 9745000, "operatingExpenses": 125526000, "costAndExpenses": 270360000, "interestIncome": 0, "interestExpense": 6359000, "depreciationAndAmortization": 16873000, "ebitda": 15402000, "ebitdaratio": 0.059084161, "operatingIncome": -9681000, "operatingIncomeRatio": -0.037137629, "totalOtherIncomeExpensesNet": -8210000, "incomeBeforeTax": -7830000, "incomeBeforeTaxRatio": -0.030036942, "incomeTaxExpense": 9724000, "netIncome": -17554000, "netIncomeRatio": -0.0673395249, "eps": -0.17, "epsdiluted": -0.17, "weightedAverageShsOut": 103258824, "weightedAverageShsOutDil": 103258824, "link": "https://www.sec.gov/Archives/edgar/data/1109354/000104746904008056/0001047469-04-008056-index.htm", "finalLink": "https://www.sec.gov/Archives/edgar/data/1109354/000104746904008056/a2130857z10-k.htm", "calculatedOtherExpenses": 9745000, "calculatedOperatingExpenses": 125526000, "calculatedNetInterest": -6359000, "calculatedOtherIncome": 8210000, "calculatedIncomeNonControlling": 0, "calculatedEbitda": 7192000}, {"date": "2002-12-31", "symbol": "BRKR", "reportedCurrency": "USD", "cik": "0001109354", "fillingDate": "2003-03-26", "acceptedDate": "2003-03-26 13:06:56", "calendarYear": "2002", "period": "FY", "revenue": 116368000, "costOfRevenue": 55872000, "grossProfit": 60496000, "grossProfitRatio": 0.5198680049, "researchAndDevelopmentExpenses": 20734000, "generalAndAdministrativeExpenses": 33815000, "sellingAndMarketingExpenses": 26806000, "sellingGeneralAndAdministrativeExpenses": 33815000, "otherExpenses": 202000, "operatingExpenses": 54751000, "costAndExpenses": 110623000, "interestIncome": 0, "interestExpense": 20148000, "depreciationAndAmortization": 8195000, "ebitda": 24206000, "ebitdaratio": 0.208012512, "operatingIncome": 5745000, "operatingIncomeRatio": 0.0493692424, "totalOtherIncomeExpensesNet": -10266000, "incomeBeforeTax": -4137000, "incomeBeforeTaxRatio": -0.0355510106, "incomeTaxExpense": 2063000, "netIncome": -6200000, "netIncomeRatio": -0.053279252, "eps": -0.12, "epsdiluted": -0.12, "weightedAverageShsOut": 52600000, "weightedAverageShsOutDil": 52600000, "link": "https://www.sec.gov/Archives/edgar/data/1109354/000104746903010287/0001047469-03-010287-index.htm", "finalLink": "https://www.sec.gov/Archives/edgar/data/1109354/000104746903010287/a2105760z10-k.htm", "calculatedOtherExpenses": 202000, "calculatedOperatingExpenses": 54751000, "calculatedNetInterest": -20148000, "calculatedOtherIncome": 10266000, "calculatedIncomeNonControlling": 0, "calculatedEbitda": 13940000}, {"date": "2001-12-31", "symbol": "BRKR", "reportedCurrency": "USD", "cik": "0001109354", "fillingDate": "2002-03-12", "acceptedDate": "2002-03-12 00:00:00", "calendarYear": "2001", "period": "FY", "revenue": 92691000, "costOfRevenue": 43588000, "grossProfit": 49103000, "grossProfitRatio": 0.5297493824, "researchAndDevelopmentExpenses": 18468000, "generalAndAdministrativeExpenses": 27718000, "sellingAndMarketingExpenses": 21711000, "sellingGeneralAndAdministrativeExpenses": 27718000, "otherExpenses": -356000, "operatingExpenses": 45830000, "costAndExpenses": 89418000, "interestIncome": 0, "interestExpense": -3072000, "depreciationAndAmortization": 6040000, "ebitda": 8974000, "ebitdaratio": 0.0968163036, "operatingIncome": 3273000, "operatingIncomeRatio": 0.0353108716, "totalOtherIncomeExpensesNet": 339000, "incomeBeforeTax": 6006000, "incomeBeforeTaxRatio": 0.0647959349, "incomeTaxExpense": 2369000, "netIncome": 3637000, "netIncomeRatio": 0.039237898, "eps": -0.05, "epsdiluted": -0.05, "weightedAverageShsOut": 54060000, "weightedAverageShsOutDil": 54060000, "link": "https://www.sec.gov/Archives/edgar/data/1109354/000091205702009595/0000912057-02-009595-index.htm", "finalLink": "https://www.sec.gov/Archives/edgar/data/1109354/000091205702009595/a2072468z10-k.htm", "calculatedOtherExpenses": -356000, "calculatedOperatingExpenses": 45830000, "calculatedNetInterest": 3072000, "calculatedOtherIncome": -339000, "calculatedIncomeNonControlling": 0, "calculatedEbitda": 9313000}, {"date": "2000-12-31", "symbol": "BRKR", "reportedCurrency": "USD", "cik": "0001109354", "fillingDate": "2001-03-28", "acceptedDate": "2001-03-28 00:00:00", "calendarYear": "2000", "period": "FY", "revenue": 76602000, "costOfRevenue": 35587000, "grossProfit": 41015000, "grossProfitRatio": 0.5354298843, "researchAndDevelopmentExpenses": 20033000, "generalAndAdministrativeExpenses": 20248000, "sellingAndMarketingExpenses": 0, "sellingGeneralAndAdministrativeExpenses": 20248000, "otherExpenses": 0, "operatingExpenses": 40281000, "costAndExpenses": 75868000, "interestIncome": 0, "interestExpense": -1562000, "depreciationAndAmortization": 4145000, "ebitda": 5087000, "ebitdaratio": 0.0664081878, "operatingIncome": 734000, "operatingIncomeRatio": 0.0095819952, "totalOtherIncomeExpensesNet": -208000, "incomeBeforeTax": 2320000, "incomeBeforeTaxRatio": 0.0302864155, "incomeTaxExpense": 254000, "netIncome": 2250000, "netIncomeRatio": 0.0293726012, "eps": 0.04, "epsdiluted": 0.04, "weightedAverageShsOut": 56250000, "weightedAverageShsOutDil": 56250000, "link": "https://www.sec.gov/Archives/edgar/data/1109354/000091205701505202/0000912057-01-505202-index.htm", "finalLink": "https://www.sec.gov/Archives/edgar/data/1109354/000091205701505202/a2040867z10-k.txt", "calculatedOtherExpenses": 0, "calculatedOperatingExpenses": 40281000, "calculatedNetInterest": 1562000, "calculatedOtherIncome": 24000, "calculatedIncomeNonControlling": -184000, "calculatedEbitda": 4879000}, {"date": "1999-12-31", "symbol": "BRKR", "reportedCurrency": "USD", "cik": "0001109354", "fillingDate": "1999-12-31", "acceptedDate": "1999-12-31 00:00:00", "calendarYear": "1999", "period": "FY", "revenue": 64690450, "costOfRevenue": 28131099, "grossProfit": 36559351, "grossProfitRatio": 0.5651429384, "researchAndDevelopmentExpenses": 15138114, "generalAndAdministrativeExpenses": 14756403, "sellingAndMarketingExpenses": 0, "sellingGeneralAndAdministrativeExpenses": 14756403, "otherExpenses": 3486625, "operatingExpenses": 33381142, "costAndExpenses": 61512241, "interestIncome": 0, "interestExpense": 1349401, "depreciationAndAmortization": 3486625, "ebitda": 7072432, "ebitdaratio": 0.1093272964, "operatingIncome": 3178209, "operatingIncomeRatio": 0.0491294928, "totalOtherIncomeExpensesNet": -407598, "incomeBeforeTax": 1862929, "incomeBeforeTaxRatio": 0.0287975891, "incomeTaxExpense": 986887, "netIncome": 1249519, "netIncomeRatio": 0.0193153549, "eps": 0.03, "epsdiluted": 0.03, "weightedAverageShsOut": 45500000, "weightedAverageShsOutDil": 45500000, "link": null, "finalLink": null, "calculatedOtherExpenses": 3486625, "calculatedOperatingExpenses": 33381142, "calculatedNetInterest": -1349401, "calculatedOtherIncome": 34121, "calculatedIncomeNonControlling": -373477, "calculatedEbitda": 6664834}, {"date": "1998-12-31", "symbol": "BRKR", "reportedCurrency": "USD", "cik": "0001109354", "fillingDate": "1998-12-31", "acceptedDate": "1998-12-31 00:00:00", "calendarYear": "1998", "period": "FY", "revenue": 42207000, "costOfRevenue": 0, "grossProfit": 42207000, "grossProfitRatio": 1, "researchAndDevelopmentExpenses": 0, "generalAndAdministrativeExpenses": 0, "sellingAndMarketingExpenses": 0, "sellingGeneralAndAdministrativeExpenses": 0, "otherExpenses": 42368000, "operatingExpenses": 42368000, "costAndExpenses": 42368000, "interestIncome": 0, "interestExpense": 0, "depreciationAndAmortization": 0, "ebitda": -161000, "ebitdaratio": -0.0038145331, "operatingIncome": -161000, "operatingIncomeRatio": -0.0038145331, "totalOtherIncomeExpensesNet": 0, "incomeBeforeTax": 0, "incomeBeforeTaxRatio": 0, "incomeTaxExpense": 0, "netIncome": 0, "netIncomeRatio": 0, "eps": 0, "epsdiluted": 0, "weightedAverageShsOut": 45500000, "weightedAverageShsOutDil": 45500000, "link": null, "finalLink": null, "calculatedOtherExpenses": 42368000, "calculatedOperatingExpenses": 42368000, "calculatedNetInterest": 0, "calculatedOtherIncome": 161000, "calculatedIncomeNonControlling": 0, "calculatedEbitda": -161000}]}