{"originalCurrency": "USD", "convertedCurrency": "USD", "report": [{"date": "2023-12-31", "symbol": "BRO", "reportedCurrency": "USD", "cik": "0000079282", "fillingDate": "2024-02-22", "acceptedDate": "2024-02-22 17:01:33", "calendarYear": "2023", "period": "FY", "revenue": 4257100000, "costOfRevenue": 206000000, "grossProfit": 4051100000, "grossProfitRatio": 0.9516102511, "researchAndDevelopmentExpenses": 0, "generalAndAdministrativeExpenses": 0, "sellingAndMarketingExpenses": 0, "sellingGeneralAndAdministrativeExpenses": 0, "otherExpenses": -2836500000, "operatingExpenses": 2836500000, "costAndExpenses": 3042500000, "interestIncome": 0, "interestExpense": 190000000, "depreciationAndAmortization": 206000000, "ebitda": 1420600000, "ebitdaratio": 0.333701346, "operatingIncome": 1214600000, "operatingIncomeRatio": 0.2853115971, "totalOtherIncomeExpensesNet": -68500000, "incomeBeforeTax": 1146100000, "incomeBeforeTaxRatio": 0.2692208311, "incomeTaxExpense": 275600000, "netIncome": 870500000, "netIncomeRatio": 0.2044819243, "eps": 3.07, "epsdiluted": 3.05, "weightedAverageShsOut": 279600000, "weightedAverageShsOutDil": 280800000, "link": "https://www.sec.gov/Archives/edgar/data/79282/000095017024018890/0000950170-24-018890-index.htm", "finalLink": "https://www.sec.gov/Archives/edgar/data/79282/000095017024018890/bro-20231231.htm", "calculatedOtherExpenses": 2836500000, "calculatedOperatingExpenses": 2836500000, "calculatedNetInterest": -190000000, "calculatedOtherIncome": 121500000, "calculatedIncomeNonControlling": 0, "calculatedEbitda": 1420600000}, {"date": "2022-12-31", "symbol": "BRO", "reportedCurrency": "USD", "cik": "0000079282", "fillingDate": "2023-02-27", "acceptedDate": "2023-02-27 17:30:56", "calendarYear": "2022", "period": "FY", "revenue": 3573400000, "costOfRevenue": 1816900000, "grossProfit": 1756500000, "grossProfitRatio": 0.4915486651, "researchAndDevelopmentExpenses": 0, "generalAndAdministrativeExpenses": 0, "sellingAndMarketingExpenses": 0, "sellingGeneralAndAdministrativeExpenses": 0, "otherExpenses": 782600000, "operatingExpenses": 782600000, "costAndExpenses": 2599500000, "interestIncome": 134700000, "interestExpense": 141200000, "depreciationAndAmortization": 185800000, "ebitda": 1159700000, "ebitdaratio": 0.3245368557, "operatingIncome": 973900000, "operatingIncomeRatio": 0.2725415571, "totalOtherIncomeExpensesNet": -97800000, "incomeBeforeTax": 876100000, "incomeBeforeTaxRatio": 0.2451726647, "incomeTaxExpense": 204300000, "netIncome": 671800000, "netIncomeRatio": 0.1880002239, "eps": 2.38, "epsdiluted": 2.37, "weightedAverageShsOut": 277500000, "weightedAverageShsOutDil": 278600000, "link": "https://www.sec.gov/Archives/edgar/data/79282/000095017023004717/0000950170-23-004717-index.htm", "finalLink": "https://www.sec.gov/Archives/edgar/data/79282/000095017023004717/bro-20221231.htm", "calculatedOtherExpenses": 782600000, "calculatedOperatingExpenses": 782600000, "calculatedNetInterest": -6500000, "calculatedOtherIncome": -91300000, "calculatedIncomeNonControlling": 0, "calculatedEbitda": 1159700000}, {"date": "2021-12-31", "symbol": "BRO", "reportedCurrency": "USD", "cik": "0000079282", "fillingDate": "2022-02-23", "acceptedDate": "2022-02-22 18:14:32", "calendarYear": "2021", "period": "FY", "revenue": 3047500000, "costOfRevenue": 1636900000, "grossProfit": 1410600000, "grossProfitRatio": 0.4628712059, "researchAndDevelopmentExpenses": 0, "generalAndAdministrativeExpenses": 0, "sellingAndMarketingExpenses": 0, "sellingGeneralAndAdministrativeExpenses": 0, "otherExpenses": 555900000, "operatingExpenses": 555900000, "costAndExpenses": 2192800000, "interestIncome": 63900000, "interestExpense": 65000000, "depreciationAndAmortization": 152900000, "ebitda": 1010400000, "ebitdaratio": 0.3315504512, "operatingIncome": 857500000, "operatingIncomeRatio": 0.2813781788, "totalOtherIncomeExpensesNet": -94700000, "incomeBeforeTax": 762800000, "incomeBeforeTaxRatio": 0.2503035275, "incomeTaxExpense": 175700000, "netIncome": 587100000, "netIncomeRatio": 0.1926497129, "eps": 2.08, "epsdiluted": 2.07, "weightedAverageShsOut": 276024000, "weightedAverageShsOutDil": 277414000, "link": "https://www.sec.gov/Archives/edgar/data/79282/000095017022001654/0000950170-22-001654-index.htm", "finalLink": "https://www.sec.gov/Archives/edgar/data/79282/000095017022001654/bro-20211231.htm", "calculatedOtherExpenses": 553100000, "calculatedOperatingExpenses": 553100000, "calculatedNetInterest": -1100000, "calculatedOtherIncome": -93600000, "calculatedIncomeNonControlling": 0, "calculatedEbitda": 1010400000}, {"date": "2020-12-31", "symbol": "BRO", "reportedCurrency": "USD", "cik": "0000079282", "fillingDate": "2021-02-23", "acceptedDate": "2021-02-23 17:02:30", "calendarYear": "2020", "period": "FY", "revenue": 2606100000, "costOfRevenue": 1436400000, "grossProfit": 1169700000, "grossProfitRatio": 0.4488315874, "researchAndDevelopmentExpenses": 0, "generalAndAdministrativeExpenses": 0, "sellingAndMarketingExpenses": 0, "sellingGeneralAndAdministrativeExpenses": 0, "otherExpenses": 500800000, "operatingExpenses": 500800000, "costAndExpenses": 1937200000, "interestIncome": 56200000, "interestExpense": 59000000, "depreciationAndAmortization": 134800000, "ebitda": 808200000, "ebitdaratio": 0.310118568, "operatingIncome": 673400000, "operatingIncomeRatio": 0.2583937685, "totalOtherIncomeExpensesNet": -49300000, "incomeBeforeTax": 624100000, "incomeBeforeTaxRatio": 0.2394766126, "incomeTaxExpense": 143600000, "netIncome": 480500000, "netIncomeRatio": 0.1843751199, "eps": 1.7, "epsdiluted": 1.69, "weightedAverageShsOut": 274334000, "weightedAverageShsOutDil": 275867000, "link": "https://www.sec.gov/Archives/edgar/data/79282/000156459021007624/0001564590-21-007624-index.htm", "finalLink": "https://www.sec.gov/Archives/edgar/data/79282/000156459021007624/bro-10k_20201231.htm", "calculatedOtherExpenses": 496300000, "calculatedOperatingExpenses": 496300000, "calculatedNetInterest": -2800000, "calculatedOtherIncome": -46500000, "calculatedIncomeNonControlling": 0, "calculatedEbitda": 808200000}, {"date": "2019-12-31", "symbol": "BRO", "reportedCurrency": "USD", "cik": "0000079282", "fillingDate": "2020-02-24", "acceptedDate": "2020-02-24 17:32:24", "calendarYear": "2019", "period": "FY", "revenue": 2384700000, "costOfRevenue": 1308200000, "grossProfit": 1076500000, "grossProfitRatio": 0.4514194658, "researchAndDevelopmentExpenses": 0, "generalAndAdministrativeExpenses": 0, "sellingAndMarketingExpenses": 0, "sellingGeneralAndAdministrativeExpenses": 0, "otherExpenses": 505800000, "operatingExpenses": 505800000, "costAndExpenses": 1814000000, "interestIncome": 57880000, "interestExpense": 63700000, "depreciationAndAmortization": 128700000, "ebitda": 701100000, "ebitdaratio": 0.2939992452, "operatingIncome": 572400000, "operatingIncomeRatio": 0.2400301925, "totalOtherIncomeExpensesNet": -46500000, "incomeBeforeTax": 525900000, "incomeBeforeTaxRatio": 0.2205308844, "incomeTaxExpense": 127400000, "netIncome": 398500000, "netIncomeRatio": 0.1671069736, "eps": 1.42, "epsdiluted": 1.4, "weightedAverageShsOut": 272471000, "weightedAverageShsOutDil": 274616000, "link": "https://www.sec.gov/Archives/edgar/data/79282/000156459020006075/0001564590-20-006075-index.htm", "finalLink": "https://www.sec.gov/Archives/edgar/data/79282/000156459020006075/bro-10k_20191231.htm", "calculatedOtherExpenses": 504100000, "calculatedOperatingExpenses": 504100000, "calculatedNetInterest": -5820000, "calculatedOtherIncome": -40680000, "calculatedIncomeNonControlling": 0, "calculatedEbitda": 701100000}, {"date": "2018-12-31", "symbol": "BRO", "reportedCurrency": "USD", "cik": "0000079282", "fillingDate": "2019-02-26", "acceptedDate": "2019-02-25 19:57:18", "calendarYear": "2018", "period": "FY", "revenue": 2009900000, "costOfRevenue": 1068900000, "grossProfit": 941000000, "grossProfitRatio": 0.4681824966, "researchAndDevelopmentExpenses": 0, "generalAndAdministrativeExpenses": 0, "sellingAndMarketingExpenses": 0, "sellingGeneralAndAdministrativeExpenses": 0, "otherExpenses": 1600000, "operatingExpenses": 441400000, "costAndExpenses": 1510300000, "interestIncome": 0, "interestExpense": 40600000, "depreciationAndAmortization": 109300000, "ebitda": 610500000, "ebitdaratio": 0.303746455, "operatingIncome": 499447000, "operatingIncomeRatio": 0.2484934574, "totalOtherIncomeExpensesNet": 3500000, "incomeBeforeTax": 462500000, "incomeBeforeTaxRatio": 0.2301109508, "incomeTaxExpense": 118200000, "netIncome": 344300000, "netIncomeRatio": 0.1713020548, "eps": 1.27, "epsdiluted": 1.25, "weightedAverageShsOut": 270991000, "weightedAverageShsOutDil": 275542000, "link": "https://www.sec.gov/Archives/edgar/data/79282/000007928219000006/0000079282-19-000006-index.htm", "finalLink": "https://www.sec.gov/Archives/edgar/data/79282/000007928219000006/bro-20181231x10k.htm", "calculatedOtherExpenses": 441553000, "calculatedOperatingExpenses": 441553000, "calculatedNetInterest": -40600000, "calculatedOtherIncome": 3653000, "calculatedIncomeNonControlling": 0, "calculatedEbitda": 608747000}, {"date": "2017-12-31", "symbol": "BRO", "reportedCurrency": "USD", "cik": "0000079282", "fillingDate": "2018-02-28", "acceptedDate": "2018-02-28 17:25:31", "calendarYear": "2017", "period": "FY", "revenue": 1857300000, "costOfRevenue": 994700000, "grossProfit": 862600000, "grossProfitRatio": 0.4644376245, "researchAndDevelopmentExpenses": 0, "generalAndAdministrativeExpenses": 0, "sellingAndMarketingExpenses": 0, "sellingGeneralAndAdministrativeExpenses": 0, "otherExpenses": 22400000, "operatingExpenses": 391600000, "costAndExpenses": 1386300000, "interestIncome": 0, "interestExpense": 38300000, "depreciationAndAmortization": 108100000, "ebitda": 601500000, "ebitdaratio": 0.3238572121, "operatingIncome": 471004000, "operatingIncomeRatio": 0.2535960803, "totalOtherIncomeExpensesNet": 17000000, "incomeBeforeTax": 449700000, "incomeBeforeTaxRatio": 0.2421256663, "incomeTaxExpense": 50100000, "netIncome": 399600000, "netIncomeRatio": 0.2151510257, "eps": 1.43, "epsdiluted": 1.41, "weightedAverageShsOut": 272580000, "weightedAverageShsOutDil": 277586000, "link": "https://www.sec.gov/Archives/edgar/data/79282/000007928218000006/0000079282-18-000006-index.htm", "finalLink": "https://www.sec.gov/Archives/edgar/data/79282/000007928218000006/bro-20171231x10k.htm", "calculatedOtherExpenses": 391596000, "calculatedOperatingExpenses": 391596000, "calculatedNetInterest": -38300000, "calculatedOtherIncome": 16996000, "calculatedIncomeNonControlling": 0, "calculatedEbitda": 579104000}, {"date": "2016-12-31", "symbol": "BRO", "reportedCurrency": "USD", "cik": "0000079282", "fillingDate": "2017-02-24", "acceptedDate": "2017-02-24 17:32:00", "calendarYear": "2016", "period": "FY", "revenue": 1762800000, "costOfRevenue": 925100000, "grossProfit": 837700000, "grossProfitRatio": 0.4752098934, "researchAndDevelopmentExpenses": 0, "generalAndAdministrativeExpenses": 0, "sellingAndMarketingExpenses": 0, "sellingGeneralAndAdministrativeExpenses": 0, "otherExpenses": 2400000, "operatingExpenses": 370600000, "costAndExpenses": 1295700000, "interestIncome": 0, "interestExpense": 39500000, "depreciationAndAmortization": 107700000, "ebitda": 577200000, "ebitdaratio": 0.3274336283, "operatingIncome": 467032000, "operatingIncomeRatio": 0.2649375993, "totalOtherIncomeExpensesNet": -4100000, "incomeBeforeTax": 423500000, "incomeBeforeTaxRatio": 0.2402427956, "incomeTaxExpense": 166000000, "netIncome": 257500000, "netIncomeRatio": 0.146074427, "eps": 0.92, "epsdiluted": 0.91, "weightedAverageShsOut": 272278000, "weightedAverageShsOutDil": 275608000, "link": "https://www.sec.gov/Archives/edgar/data/79282/000007928217000006/0000079282-17-000006-index.htm", "finalLink": "https://www.sec.gov/Archives/edgar/data/79282/000007928217000006/bro-20161231x10k.htm", "calculatedOtherExpenses": 370668000, "calculatedOperatingExpenses": 370668000, "calculatedNetInterest": -39500000, "calculatedOtherIncome": -4032000, "calculatedIncomeNonControlling": 0, "calculatedEbitda": 574732000}, {"date": "2015-12-31", "symbol": "BRO", "reportedCurrency": "USD", "cik": "0000079282", "fillingDate": "2016-02-26", "acceptedDate": "2016-02-25 17:59:34", "calendarYear": "2015", "period": "FY", "revenue": 1657000000, "costOfRevenue": 841400000, "grossProfit": 815600000, "grossProfitRatio": 0.4922148461, "researchAndDevelopmentExpenses": 0, "generalAndAdministrativeExpenses": 15500000, "sellingAndMarketingExpenses": 0, "sellingGeneralAndAdministrativeExpenses": 15500000, "otherExpenses": 2600000, "operatingExpenses": 374800000, "costAndExpenses": 1216200000, "interestIncome": 0, "interestExpense": 39200000, "depreciationAndAmortization": 108300000, "ebitda": 551700000, "ebitdaratio": 0.3329511165, "operatingIncome": 440633000, "operatingIncomeRatio": 0.2659221485, "totalOtherIncomeExpensesNet": 1200000, "incomeBeforeTax": 402800000, "incomeBeforeTaxRatio": 0.2430899215, "incomeTaxExpense": 159200000, "netIncome": 243600000, "netIncomeRatio": 0.1470126735, "eps": 0.86, "epsdiluted": 0.85, "weightedAverageShsOut": 275620000, "weightedAverageShsOutDil": 280224000, "link": "https://www.sec.gov/Archives/edgar/data/79282/000007928216000034/0000079282-16-000034-index.htm", "finalLink": "https://www.sec.gov/Archives/edgar/data/79282/000007928216000034/bro-20151231x10k.htm", "calculatedOtherExpenses": 359467000, "calculatedOperatingExpenses": 374967000, "calculatedNetInterest": -39200000, "calculatedOtherIncome": 1367000, "calculatedIncomeNonControlling": 0, "calculatedEbitda": 548933000}, {"date": "2014-12-31", "symbol": "BRO", "reportedCurrency": "USD", "cik": "0000079282", "fillingDate": "2015-03-02", "acceptedDate": "2015-02-27 20:44:14", "calendarYear": "2014", "period": "FY", "revenue": 1567500000, "costOfRevenue": 791700000, "grossProfit": 775800000, "grossProfitRatio": 0.4949282297, "researchAndDevelopmentExpenses": 0, "generalAndAdministrativeExpenses": 19300000, "sellingAndMarketingExpenses": 0, "sellingGeneralAndAdministrativeExpenses": 19300000, "otherExpenses": 7600000, "operatingExpenses": 358400000, "costAndExpenses": 1150100000, "interestIncome": 0, "interestExpense": 28400000, "depreciationAndAmortization": 103800000, "ebitda": 528800000, "ebitdaratio": 0.3373524721, "operatingIncome": 417184000, "operatingIncomeRatio": 0.2661460925, "totalOtherIncomeExpensesNet": -49100000, "incomeBeforeTax": 339900000, "incomeBeforeTaxRatio": 0.2168421053, "incomeTaxExpense": 132900000, "netIncome": 207000000, "netIncomeRatio": 0.1320574163, "eps": 0.72, "epsdiluted": 0.71, "weightedAverageShsOut": 281888000, "weightedAverageShsOutDil": 285782000, "link": "https://www.sec.gov/Archives/edgar/data/79282/000119312515070864/0001193125-15-070864-index.htm", "finalLink": "https://www.sec.gov/Archives/edgar/data/79282/000119312515070864/d847767d10k.htm", "calculatedOtherExpenses": 339316000, "calculatedOperatingExpenses": 358616000, "calculatedNetInterest": -28400000, "calculatedOtherIncome": -48884000, "calculatedIncomeNonControlling": 0, "calculatedEbitda": 520984000}, {"date": "2013-12-31", "symbol": "BRO", "reportedCurrency": "USD", "cik": "0000079282", "fillingDate": "2014-02-28", "acceptedDate": "2014-02-28 17:22:08", "calendarYear": "2013", "period": "FY", "revenue": 1355503000, "costOfRevenue": 683000000, "grossProfit": 672503000, "grossProfitRatio": 0.4961280056, "researchAndDevelopmentExpenses": 0, "generalAndAdministrativeExpenses": 22603000, "sellingAndMarketingExpenses": 0, "sellingGeneralAndAdministrativeExpenses": 22603000, "otherExpenses": 7138000, "operatingExpenses": 303697000, "costAndExpenses": 986697000, "interestIncome": 0, "interestExpense": 16440000, "depreciationAndAmortization": 85417000, "ebitda": 461361000, "ebitdaratio": 0.3403614747, "operatingIncome": 368806000, "operatingIncomeRatio": 0.2720805487, "totalOtherIncomeExpensesNet": 5243000, "incomeBeforeTax": 357609000, "incomeBeforeTaxRatio": 0.2638201465, "incomeTaxExpense": 140497000, "netIncome": 217112000, "netIncomeRatio": 0.1601708001, "eps": 0.75, "epsdiluted": 0.74, "weightedAverageShsOut": 282066000, "weightedAverageShsOutDil": 285248000, "link": "https://www.sec.gov/Archives/edgar/data/79282/000119312514077842/0001193125-14-077842-index.htm", "finalLink": "https://www.sec.gov/Archives/edgar/data/79282/000119312514077842/d633916d10k.htm", "calculatedOtherExpenses": 281094000, "calculatedOperatingExpenses": 303697000, "calculatedNetInterest": -16440000, "calculatedOtherIncome": 5243000, "calculatedIncomeNonControlling": 0, "calculatedEbitda": 454223000}, {"date": "2012-12-31", "symbol": "BRO", "reportedCurrency": "USD", "cik": "0000079282", "fillingDate": "2013-03-01", "acceptedDate": "2013-03-01 16:07:50", "calendarYear": "2012", "period": "FY", "revenue": 1200032000, "costOfRevenue": 608506000, "grossProfit": 591526000, "grossProfitRatio": 0.4929251887, "researchAndDevelopmentExpenses": 0, "generalAndAdministrativeExpenses": 624371000, "sellingAndMarketingExpenses": 0, "sellingGeneralAndAdministrativeExpenses": 624371000, "otherExpenses": 10154000, "operatingExpenses": 879124000, "costAndExpenses": 879124000, "interestIncome": 0, "interestExpense": 16097000, "depreciationAndAmortization": 78946000, "ebitda": 399854000, "ebitdaratio": 0.3332027813, "operatingIncome": 311375000, "operatingIncomeRatio": 0.2594722474, "totalOtherIncomeExpensesNet": 9533000, "incomeBeforeTax": 304811000, "incomeBeforeTaxRatio": 0.2540023933, "incomeTaxExpense": 120766000, "netIncome": 184045000, "netIncomeRatio": 0.1533667436, "eps": 0.64, "epsdiluted": 0.63, "weightedAverageShsOut": 278728000, "weightedAverageShsOutDil": 284020000, "link": "https://www.sec.gov/Archives/edgar/data/79282/000119312513087664/0001193125-13-087664-index.htm", "finalLink": "https://www.sec.gov/Archives/edgar/data/79282/000119312513087664/d441942d10k.htm", "calculatedOtherExpenses": -344220000, "calculatedOperatingExpenses": 280151000, "calculatedNetInterest": -16097000, "calculatedOtherIncome": 9533000, "calculatedIncomeNonControlling": 0, "calculatedEbitda": 390321000}, {"date": "2011-12-31", "symbol": "BRO", "reportedCurrency": "USD", "cik": "0000079282", "fillingDate": "2012-02-29", "acceptedDate": "2012-02-29 16:52:01", "calendarYear": "2011", "period": "FY", "revenue": 1013542000, "costOfRevenue": 652754000, "grossProfit": 360788000, "grossProfitRatio": 0.3559674883, "researchAndDevelopmentExpenses": 0, "generalAndAdministrativeExpenses": 519869000, "sellingAndMarketingExpenses": 0, "sellingGeneralAndAdministrativeExpenses": 519869000, "otherExpenses": 211226000, "operatingExpenses": 728889000, "costAndExpenses": 728889000, "interestIncome": 0, "interestExpense": 14132000, "depreciationAndAmortization": 67147000, "ebitda": 351800000, "ebitdaratio": 0.3470995775, "operatingIncome": 282447000, "operatingIncomeRatio": 0.2786732074, "totalOtherIncomeExpensesNet": 2206000, "incomeBeforeTax": 270521000, "incomeBeforeTaxRatio": 0.2669065515, "incomeTaxExpense": 106526000, "netIncome": 163995000, "netIncomeRatio": 0.1618038522, "eps": 0.57, "epsdiluted": 0.56, "weightedAverageShsOut": 277164000, "weightedAverageShsOutDil": 280528000, "link": "https://www.sec.gov/Archives/edgar/data/79282/000119312512089393/0001193125-12-089393-index.htm", "finalLink": "https://www.sec.gov/Archives/edgar/data/79282/000119312512089393/d233092d10k.htm", "calculatedOtherExpenses": -441528000, "calculatedOperatingExpenses": 78341000, "calculatedNetInterest": -14132000, "calculatedOtherIncome": 2206000, "calculatedIncomeNonControlling": 0, "calculatedEbitda": 349594000}, {"date": "2010-12-31", "symbol": "BRO", "reportedCurrency": "USD", "cik": "0000079282", "fillingDate": "2011-03-01", "acceptedDate": "2011-03-01 15:33:07", "calendarYear": "2010", "period": "FY", "revenue": 973492000, "costOfRevenue": 623671000, "grossProfit": 349821000, "grossProfitRatio": 0.3593465586, "researchAndDevelopmentExpenses": 0, "generalAndAdministrativeExpenses": 494665000, "sellingAndMarketingExpenses": 0, "sellingGeneralAndAdministrativeExpenses": 494665000, "otherExpenses": 199932000, "operatingExpenses": 692923000, "costAndExpenses": 692923000, "interestIncome": 0, "interestExpense": 14471000, "depreciationAndAmortization": 64081000, "ebitda": 344650000, "ebitdaratio": 0.3540347532, "operatingIncome": 278895000, "operatingIncomeRatio": 0.2864892572, "totalOtherIncomeExpensesNet": 1674000, "incomeBeforeTax": 266098000, "incomeBeforeTaxRatio": 0.2733437974, "incomeTaxExpense": 104346000, "netIncome": 161752000, "netIncomeRatio": 0.1661564759, "eps": 0.57, "epsdiluted": 0.56, "weightedAverageShsOut": 275848000, "weightedAverageShsOutDil": 278636000, "link": "https://www.sec.gov/Archives/edgar/data/79282/000119312511051929/0001193125-11-051929-index.htm", "finalLink": "https://www.sec.gov/Archives/edgar/data/79282/000119312511051929/d10k.htm", "calculatedOtherExpenses": -423739000, "calculatedOperatingExpenses": 70926000, "calculatedNetInterest": -14471000, "calculatedOtherIncome": 1674000, "calculatedIncomeNonControlling": 0, "calculatedEbitda": 342976000}, {"date": "2009-12-31", "symbol": "BRO", "reportedCurrency": "USD", "cik": "0000079282", "fillingDate": "2010-03-01", "acceptedDate": "2010-03-01 15:24:00", "calendarYear": "2009", "period": "FY", "revenue": 967877000, "costOfRevenue": 628069000, "grossProfit": 339808000, "grossProfitRatio": 0.3510859334, "researchAndDevelopmentExpenses": 0, "generalAndAdministrativeExpenses": 492038000, "sellingAndMarketingExpenses": 0, "sellingGeneralAndAdministrativeExpenses": 492038000, "otherExpenses": 206486000, "operatingExpenses": 698524000, "costAndExpenses": 698524000, "interestIncome": 0, "interestExpense": 14599000, "depreciationAndAmortization": 63097000, "ebitda": 332450000, "ebitdaratio": 0.3434837278, "operatingIncome": 269353000, "operatingIncomeRatio": 0.278292593, "totalOtherIncomeExpensesNet": 254754000, "incomeBeforeTax": 254754000, "incomeBeforeTaxRatio": 0.2632090648, "incomeTaxExpense": 101460000, "netIncome": 153294000, "netIncomeRatio": 0.1583816952, "eps": 0.54, "epsdiluted": 0.54, "weightedAverageShsOut": 274346000, "weightedAverageShsOutDil": 275014000, "link": "https://www.sec.gov/Archives/edgar/data/79282/000119312510044577/0001193125-10-044577-index.htm", "finalLink": "https://www.sec.gov/Archives/edgar/data/79282/000119312510044577/d10k.htm", "calculatedOtherExpenses": -421583000, "calculatedOperatingExpenses": 70455000, "calculatedNetInterest": -14599000, "calculatedOtherIncome": 0, "calculatedIncomeNonControlling": 0, "calculatedEbitda": 332450000}, {"date": "2008-12-31", "symbol": "BRO", "reportedCurrency": "USD", "cik": "0000079282", "fillingDate": "2009-03-02", "acceptedDate": "2009-03-02 14:42:02", "calendarYear": "2008", "period": "FY", "revenue": 977554000, "costOfRevenue": 623135000, "grossProfit": 354419000, "grossProfitRatio": 0.3625569534, "researchAndDevelopmentExpenses": 0, "generalAndAdministrativeExpenses": 485783000, "sellingAndMarketingExpenses": 0, "sellingGeneralAndAdministrativeExpenses": 485783000, "otherExpenses": 197269000, "operatingExpenses": 690366000, "costAndExpenses": 690366000, "interestIncome": 0, "interestExpense": 14690000, "depreciationAndAmortization": 59917000, "ebitda": 347105000, "ebitdaratio": 0.3550750138, "operatingIncome": -690366000, "operatingIncomeRatio": -0.7062177639, "totalOtherIncomeExpensesNet": 272498000, "incomeBeforeTax": 272498000, "incomeBeforeTaxRatio": 0.2787549332, "incomeTaxExpense": 106374000, "netIncome": 166124000, "netIncomeRatio": 0.1699384382, "eps": 0.59, "epsdiluted": 0.59, "weightedAverageShsOut": 281984000, "weightedAverageShsOutDil": 283116000, "link": "https://www.sec.gov/Archives/edgar/data/79282/000119312509042336/0001193125-09-042336-index.htm", "finalLink": "https://www.sec.gov/Archives/edgar/data/79282/000119312509042336/d10k.htm", "calculatedOtherExpenses": 559002000, "calculatedOperatingExpenses": 1044785000, "calculatedNetInterest": -14690000, "calculatedOtherIncome": 977554000, "calculatedIncomeNonControlling": 0, "calculatedEbitda": -630449000}, {"date": "2007-12-31", "symbol": "BRO", "reportedCurrency": "USD", "cik": "0000079282", "fillingDate": "2008-02-29", "acceptedDate": "2008-02-29 16:42:57", "calendarYear": "2007", "period": "FY", "revenue": 959667000, "costOfRevenue": 575472000, "grossProfit": 384195000, "grossProfitRatio": 0.4003419936, "researchAndDevelopmentExpenses": 0, "generalAndAdministrativeExpenses": 449768000, "sellingAndMarketingExpenses": 0, "sellingGeneralAndAdministrativeExpenses": 449768000, "otherExpenses": 184570000, "operatingExpenses": 634338000, "costAndExpenses": 634338000, "interestIncome": 0, "interestExpense": 13802000, "depreciationAndAmortization": 53199000, "ebitda": 378528000, "ebitdaratio": 0.3944368203, "operatingIncome": -634338000, "operatingIncomeRatio": -0.6609980337, "totalOtherIncomeExpensesNet": 311527000, "incomeBeforeTax": 311527000, "incomeBeforeTaxRatio": 0.3246198942, "incomeTaxExpense": 120568000, "netIncome": 190959000, "netIncomeRatio": 0.1989846478, "eps": 0.68, "epsdiluted": 0.68, "weightedAverageShsOut": 271152000, "weightedAverageShsOutDil": 272714000, "link": "https://www.sec.gov/Archives/edgar/data/79282/000118811208000632/0001188112-08-000632-index.htm", "finalLink": "https://www.sec.gov/Archives/edgar/data/79282/000118811208000632/d22761_10-k.htm", "calculatedOtherExpenses": 568765000, "calculatedOperatingExpenses": 1018533000, "calculatedNetInterest": -13802000, "calculatedOtherIncome": 959667000, "calculatedIncomeNonControlling": 0, "calculatedEbitda": -581139000}, {"date": "2006-12-31", "symbol": "BRO", "reportedCurrency": "USD", "cik": "0000079282", "fillingDate": "2007-03-01", "acceptedDate": "2007-03-01 16:56:30", "calendarYear": "2006", "period": "FY", "revenue": 878004000, "costOfRevenue": 531383000, "grossProfit": 346621000, "grossProfitRatio": 0.3947829395, "researchAndDevelopmentExpenses": 0, "generalAndAdministrativeExpenses": 410307000, "sellingAndMarketingExpenses": 0, "sellingGeneralAndAdministrativeExpenses": 410307000, "otherExpenses": 174299000, "operatingExpenses": 584606000, "costAndExpenses": 584606000, "interestIncome": 0, "interestExpense": 13357000, "depreciationAndAmortization": 47807000, "ebitda": 341205000, "ebitdaratio": 0.3886144027, "operatingIncome": -584606000, "operatingIncomeRatio": -0.6658352354, "totalOtherIncomeExpensesNet": 280041000, "incomeBeforeTax": 280041000, "incomeBeforeTaxRatio": 0.3189518499, "incomeTaxExpense": 107691000, "netIncome": 172350000, "netIncomeRatio": 0.1962975112, "eps": 0.62, "epsdiluted": 0.61, "weightedAverageShsOut": 279268000, "weightedAverageShsOutDil": 282040000, "link": "https://www.sec.gov/Archives/edgar/data/79282/000118811207000553/0001188112-07-000553-index.htm", "finalLink": "https://www.sec.gov/Archives/edgar/data/79282/000118811207000553/t13135_10k.htm", "calculatedOtherExpenses": 520920000, "calculatedOperatingExpenses": 931227000, "calculatedNetInterest": -13357000, "calculatedOtherIncome": 878004000, "calculatedIncomeNonControlling": 0, "calculatedEbitda": -536799000}, {"date": "2005-12-31", "symbol": "BRO", "reportedCurrency": "USD", "cik": "0000079282", "fillingDate": "2006-03-16", "acceptedDate": "2006-03-16 15:09:34", "calendarYear": "2005", "period": "FY", "revenue": 782121000, "costOfRevenue": 374943000, "grossProfit": 407178000, "grossProfitRatio": 0.5206074252, "researchAndDevelopmentExpenses": 0, "generalAndAdministrativeExpenses": 3337000, "sellingAndMarketingExpenses": 0, "sellingGeneralAndAdministrativeExpenses": 3337000, "otherExpenses": 3686000, "operatingExpenses": 152265000, "costAndExpenses": 527208000, "interestIncome": 0, "interestExpense": 14469000, "depreciationAndAmortization": 43306000, "ebitda": 301905000, "ebitdaratio": 0.3860080473, "operatingIncome": 258599000, "operatingIncomeRatio": 0.3306380982, "totalOtherIncomeExpensesNet": 3686000, "incomeBeforeTax": 244130000, "incomeBeforeTaxRatio": 0.3121384031, "incomeTaxExpense": 93579000, "netIncome": 150551000, "netIncomeRatio": 0.192490676, "eps": 0.55, "epsdiluted": 0.54, "weightedAverageShsOut": 277126000, "weightedAverageShsOutDil": 279552000, "link": "https://www.sec.gov/Archives/edgar/data/79282/000118811206000715/0001188112-06-000715-index.htm", "finalLink": "https://www.sec.gov/Archives/edgar/data/79282/000118811206000715/t10k-9239.htm", "calculatedOtherExpenses": 145242000, "calculatedOperatingExpenses": 148579000, "calculatedNetInterest": -14469000, "calculatedOtherIncome": 0, "calculatedIncomeNonControlling": 0, "calculatedEbitda": 301905000}, {"date": "2004-12-31", "symbol": "BRO", "reportedCurrency": "USD", "cik": "0000079282", "fillingDate": "2005-03-16", "acceptedDate": "2005-03-16 17:02:54", "calendarYear": "2004", "period": "FY", "revenue": 646934000, "costOfRevenue": 399148000, "grossProfit": 247786000, "grossProfitRatio": 0.3830158872, "researchAndDevelopmentExpenses": 0, "generalAndAdministrativeExpenses": 314221000, "sellingAndMarketingExpenses": 0, "sellingGeneralAndAdministrativeExpenses": 314221000, "otherExpenses": 118608000, "operatingExpenses": 432829000, "costAndExpenses": 432829000, "interestIncome": 0, "interestExpense": 0, "depreciationAndAmortization": 31056000, "ebitda": 245161000, "ebitdaratio": 0.3789582863, "operatingIncome": -432829000, "operatingIncomeRatio": -0.6690466106, "totalOtherIncomeExpensesNet": 206949000, "incomeBeforeTax": 206949000, "incomeBeforeTaxRatio": 0.3198919828, "incomeTaxExpense": 78106000, "netIncome": 128843000, "netIncomeRatio": 0.1991594197, "eps": 0.47, "epsdiluted": 0.47, "weightedAverageShsOut": 275636000, "weightedAverageShsOutDil": 277776000, "link": "https://www.sec.gov/Archives/edgar/data/79282/000114544305000591/0001145443-05-000591-index.htm", "finalLink": "https://www.sec.gov/Archives/edgar/data/79282/000114544305000591/d16578_10k.htm", "calculatedOtherExpenses": 366394000, "calculatedOperatingExpenses": 680615000, "calculatedNetInterest": 0, "calculatedOtherIncome": 639778000, "calculatedIncomeNonControlling": 0, "calculatedEbitda": -401773000}, {"date": "2003-12-31", "symbol": "BRO", "reportedCurrency": "USD", "cik": "0000079282", "fillingDate": "2004-03-15", "acceptedDate": "2004-03-15 16:18:42", "calendarYear": "2003", "period": "FY", "revenue": 551040000, "costOfRevenue": 0, "grossProfit": 551040000, "grossProfitRatio": 1, "researchAndDevelopmentExpenses": 0, "generalAndAdministrativeExpenses": 268372000, "sellingAndMarketingExpenses": 0, "sellingGeneralAndAdministrativeExpenses": 268372000, "otherExpenses": 102562000, "operatingExpenses": 370934000, "costAndExpenses": 370934000, "interestIncome": 0, "interestExpense": 0, "depreciationAndAmortization": 25673000, "ebitda": 205779000, "ebitdaratio": 0.3734375, "operatingIncome": -370934000, "operatingIncomeRatio": -0.6731525842, "totalOtherIncomeExpensesNet": 176482000, "incomeBeforeTax": 176482000, "incomeBeforeTaxRatio": 0.3202707607, "incomeTaxExpense": 66160000, "netIncome": 110322000, "netIncomeRatio": 0.2002068815, "eps": 0.41, "epsdiluted": 0.4, "weightedAverageShsOut": 273308000, "weightedAverageShsOutDil": 275588000, "link": "https://www.sec.gov/Archives/edgar/data/79282/000114544304000325/0001145443-04-000325-index.htm", "finalLink": "https://www.sec.gov/Archives/edgar/data/79282/000114544304000325/d14156-10k.htm", "calculatedOtherExpenses": 653602000, "calculatedOperatingExpenses": 921974000, "calculatedNetInterest": 0, "calculatedOtherIncome": 547416000, "calculatedIncomeNonControlling": 0, "calculatedEbitda": -345261000}, {"date": "2002-12-31", "symbol": "BRO", "reportedCurrency": "USD", "cik": "0000079282", "fillingDate": "2003-03-24", "acceptedDate": "2003-03-24 17:24:16", "calendarYear": "2002", "period": "FY", "revenue": 455742000, "costOfRevenue": 0, "grossProfit": 455742000, "grossProfitRatio": 1, "researchAndDevelopmentExpenses": 0, "generalAndAdministrativeExpenses": 224755000, "sellingAndMarketingExpenses": 0, "sellingGeneralAndAdministrativeExpenses": 224755000, "otherExpenses": 91664000, "operatingExpenses": 316419000, "costAndExpenses": 316419000, "interestIncome": 0, "interestExpense": 0, "depreciationAndAmortization": 21287000, "ebitda": 160610000, "ebitdaratio": 0.3524143046, "operatingIncome": -316419000, "operatingIncomeRatio": -0.6942941401, "totalOtherIncomeExpensesNet": 134664000, "incomeBeforeTax": 134664000, "incomeBeforeTaxRatio": 0.2954829706, "incomeTaxExpense": 49271000, "netIncome": 83122000, "netIncomeRatio": 0.1823882811, "eps": 0.31, "epsdiluted": 0.31, "weightedAverageShsOut": 269132000, "weightedAverageShsOutDil": 272172000, "link": "https://www.sec.gov/Archives/edgar/data/79282/000007928203000021/0000079282-03-000021-index.htm", "finalLink": "https://www.sec.gov/Archives/edgar/data/79282/000007928203000021/edgar.htm", "calculatedOtherExpenses": 547406000, "calculatedOperatingExpenses": 772161000, "calculatedNetInterest": 0, "calculatedOtherIncome": 451083000, "calculatedIncomeNonControlling": 2271000, "calculatedEbitda": -295132000}, {"date": "2001-12-31", "symbol": "BRO", "reportedCurrency": "USD", "cik": "0000079282", "fillingDate": "2002-02-15", "acceptedDate": "2002-02-15 00:00:00", "calendarYear": "2001", "period": "FY", "revenue": 365029000, "costOfRevenue": 0, "grossProfit": 365029000, "grossProfitRatio": 1, "researchAndDevelopmentExpenses": 0, "generalAndAdministrativeExpenses": 187653000, "sellingAndMarketingExpenses": 0, "sellingGeneralAndAdministrativeExpenses": 187653000, "otherExpenses": 81195000, "operatingExpenses": 268848000, "costAndExpenses": 268848000, "interestIncome": 0, "interestExpense": 0, "depreciationAndAmortization": 22396000, "ebitda": 118577000, "ebitdaratio": 0.3248426837, "operatingIncome": -268848000, "operatingIncomeRatio": -0.7365113457, "totalOtherIncomeExpensesNet": 90478000, "incomeBeforeTax": 90478000, "incomeBeforeTaxRatio": 0.2478652381, "incomeTaxExpense": 34834000, "netIncome": 53913000, "netIncomeRatio": 0.1476951146, "eps": 0.22, "epsdiluted": 0.21, "weightedAverageShsOut": 250252000, "weightedAverageShsOutDil": 252888000, "link": "https://www.sec.gov/Archives/edgar/data/79282/000095014402001571/0000950144-02-001571-index.htm", "finalLink": "https://www.sec.gov/Archives/edgar/data/79282/000095014402001571/g74139e10-k.txt", "calculatedOtherExpenses": 446224000, "calculatedOperatingExpenses": 633877000, "calculatedNetInterest": 0, "calculatedOtherIncome": 359326000, "calculatedIncomeNonControlling": 1731000, "calculatedEbitda": -246452000}, {"date": "2000-12-31", "symbol": "BRO", "reportedCurrency": "USD", "cik": "0000079282", "fillingDate": "2001-03-14", "acceptedDate": "2001-03-14 00:00:00", "calendarYear": "2000", "period": "FY", "revenue": 209706000, "costOfRevenue": 0, "grossProfit": 209706000, "grossProfitRatio": 1, "researchAndDevelopmentExpenses": 0, "generalAndAdministrativeExpenses": 108258000, "sellingAndMarketingExpenses": 0, "sellingGeneralAndAdministrativeExpenses": 108258000, "otherExpenses": 46880000, "operatingExpenses": 155138000, "costAndExpenses": 155138000, "interestIncome": 0, "interestExpense": 0, "depreciationAndAmortization": 13156000, "ebitda": 67724000, "ebitdaratio": 0.3229473644, "operatingIncome": -155138000, "operatingIncomeRatio": -0.7397880843, "totalOtherIncomeExpensesNet": 53978000, "incomeBeforeTax": 53978000, "incomeBeforeTaxRatio": 0.2573984531, "incomeTaxExpense": 20792000, "netIncome": 33186000, "netIncomeRatio": 0.1582501216, "eps": 0.13, "epsdiluted": 0.13, "weightedAverageShsOut": 247380000, "weightedAverageShsOutDil": 248364000, "link": "https://www.sec.gov/Archives/edgar/data/79282/000007928201500008/0000079282-01-500008-index.htm", "finalLink": "https://www.sec.gov/Archives/edgar/data/79282/000007928201500008/k2000.htm", "calculatedOtherExpenses": 256586000, "calculatedOperatingExpenses": 364844000, "calculatedNetInterest": 0, "calculatedOtherIncome": 209116000, "calculatedIncomeNonControlling": 0, "calculatedEbitda": -141982000}, {"date": "1999-12-31", "symbol": "BRO", "reportedCurrency": "USD", "cik": "0000079282", "fillingDate": "2000-03-15", "acceptedDate": "2000-03-15 00:00:00", "calendarYear": "1999", "period": "FY", "revenue": 176413000, "costOfRevenue": 0, "grossProfit": 176413000, "grossProfitRatio": 1, "researchAndDevelopmentExpenses": 0, "generalAndAdministrativeExpenses": 90440000, "sellingAndMarketingExpenses": 0, "sellingGeneralAndAdministrativeExpenses": 90440000, "otherExpenses": 41081000, "operatingExpenses": 131521000, "costAndExpenses": 131521000, "interestIncome": 0, "interestExpense": 0, "depreciationAndAmortization": 11809000, "ebitda": 56701000, "ebitdaratio": 0.3214105536, "operatingIncome": -131521000, "operatingIncomeRatio": -0.7455289576, "totalOtherIncomeExpensesNet": 44208000, "incomeBeforeTax": 44208000, "incomeBeforeTaxRatio": 0.2505937771, "incomeTaxExpense": 17036000, "netIncome": 27172000, "netIncomeRatio": 0.1540249301, "eps": 0.12, "epsdiluted": 0.12, "weightedAverageShsOut": 227560000, "weightedAverageShsOutDil": 1745536000, "link": "https://www.sec.gov/Archives/edgar/data/79282/000007928200000005/0000079282-00-000005-index.html", "finalLink": "https://www.sec.gov/Archives/edgar/data/79282/000007928200000005/", "calculatedOtherExpenses": 217494000, "calculatedOperatingExpenses": 307934000, "calculatedNetInterest": 0, "calculatedOtherIncome": 175729000, "calculatedIncomeNonControlling": 0, "calculatedEbitda": -119712000}, {"date": "1998-12-31", "symbol": "BRO", "reportedCurrency": "USD", "cik": "0000079282", "fillingDate": "1999-03-15", "acceptedDate": "1999-03-15 00:00:00", "calendarYear": "1998", "period": "FY", "revenue": 153791000, "costOfRevenue": 0, "grossProfit": 153791000, "grossProfitRatio": 1, "researchAndDevelopmentExpenses": 0, "generalAndAdministrativeExpenses": 79116000, "sellingAndMarketingExpenses": 0, "sellingGeneralAndAdministrativeExpenses": 79116000, "otherExpenses": 36630000, "operatingExpenses": 115746000, "costAndExpenses": 115746000, "interestIncome": 0, "interestExpense": 0, "depreciationAndAmortization": 9381000, "ebitda": 47386000, "ebitdaratio": 0.3081194608, "operatingIncome": -115746000, "operatingIncomeRatio": -0.7526188138, "totalOtherIncomeExpensesNet": 40000, "incomeBeforeTax": 37485000, "incomeBeforeTaxRatio": 0.2437398807, "incomeTaxExpense": 14432000, "netIncome": 23053000, "netIncomeRatio": 0.1498982385, "eps": 0.0519, "epsdiluted": 0.0519, "weightedAverageShsOut": 454080000, "weightedAverageShsOutDil": 454080000, "link": "https://www.sec.gov/Archives/edgar/data/79282/000007928299000007/0000079282-99-000007-index.html", "finalLink": "https://www.sec.gov/Archives/edgar/data/79282/", "calculatedOtherExpenses": 190421000, "calculatedOperatingExpenses": 269537000, "calculatedNetInterest": 0, "calculatedOtherIncome": 153231000, "calculatedIncomeNonControlling": 0, "calculatedEbitda": -106365000}, {"date": "1997-12-31", "symbol": "BRO", "reportedCurrency": "USD", "cik": "0000079282", "fillingDate": "1998-03-24", "acceptedDate": "1998-03-24 00:00:00", "calendarYear": "1997", "period": "FY", "revenue": 129191000, "costOfRevenue": 0, "grossProfit": 129191000, "grossProfitRatio": 1, "researchAndDevelopmentExpenses": 0, "generalAndAdministrativeExpenses": 65067000, "sellingAndMarketingExpenses": 0, "sellingGeneralAndAdministrativeExpenses": 65067000, "otherExpenses": 32486000, "operatingExpenses": 97553000, "costAndExpenses": 97553000, "interestIncome": 0, "interestExpense": 0, "depreciationAndAmortization": 8051000, "ebitda": 39689000, "ebitdaratio": 0.3072118027, "operatingIncome": -97553000, "operatingIncomeRatio": -0.7551067799, "totalOtherIncomeExpensesNet": 31638000, "incomeBeforeTax": 31638000, "incomeBeforeTaxRatio": 0.2448932201, "incomeTaxExpense": 12251000, "netIncome": 19387000, "netIncomeRatio": 0.150064633, "eps": 0.0579, "epsdiluted": 0.0579, "weightedAverageShsOut": 327336000, "weightedAverageShsOutDil": 327336000, "link": "https://www.sec.gov/Archives/edgar/data/79282/000007928298000007/0000079282-98-000007-index.html", "finalLink": "https://www.sec.gov/Archives/edgar/data/79282/", "calculatedOtherExpenses": 161677000, "calculatedOperatingExpenses": 226744000, "calculatedNetInterest": 0, "calculatedOtherIncome": 129191000, "calculatedIncomeNonControlling": 0, "calculatedEbitda": -89502000}, {"date": "1996-12-31", "symbol": "BRO", "reportedCurrency": "USD", "cik": "0000079282", "fillingDate": "1997-03-21", "acceptedDate": "1997-03-21 00:00:00", "calendarYear": "1996", "period": "FY", "revenue": 118680000, "costOfRevenue": 25522000, "grossProfit": 93158000, "grossProfitRatio": 0.7849511291, "researchAndDevelopmentExpenses": 0, "generalAndAdministrativeExpenses": 0, "sellingAndMarketingExpenses": 0, "sellingGeneralAndAdministrativeExpenses": 60397000, "otherExpenses": 31237000, "operatingExpenses": 91634000, "costAndExpenses": 117156000, "interestIncome": 0, "interestExpense": 0, "depreciationAndAmortization": 7471000, "ebitda": 8995000, "ebitdaratio": 0.0757920458, "operatingIncome": 1524000, "operatingIncomeRatio": 0.0128412538, "totalOtherIncomeExpensesNet": 27046000, "incomeBeforeTax": 27046000, "incomeBeforeTaxRatio": 0.2278901247, "incomeTaxExpense": 10548000, "netIncome": 16498000, "netIncomeRatio": 0.1390124705, "eps": 0.0066, "epsdiluted": 0.0066, "weightedAverageShsOut": 2554368000, "weightedAverageShsOutDil": 2555904000, "link": "https://www.sec.gov/Archives/edgar/data/79282/000007928297000004/0000079282-97-000004-index.html", "finalLink": "https://www.sec.gov/Archives/edgar/data/79282/", "calculatedOtherExpenses": 31237000, "calculatedOperatingExpenses": 91634000, "calculatedNetInterest": 0, "calculatedOtherIncome": 25522000, "calculatedIncomeNonControlling": 0, "calculatedEbitda": 8995000}, {"date": "1995-12-31", "symbol": "BRO", "reportedCurrency": "USD", "cik": "0000079282", "fillingDate": "1996-03-20", "acceptedDate": "1996-03-20 00:00:00", "calendarYear": "1995", "period": "FY", "revenue": 106365000, "costOfRevenue": 22951000, "grossProfit": 83414000, "grossProfitRatio": 0.7842241339, "researchAndDevelopmentExpenses": 0, "generalAndAdministrativeExpenses": 0, "sellingAndMarketingExpenses": 0, "sellingGeneralAndAdministrativeExpenses": 55073000, "otherExpenses": 27963000, "operatingExpenses": 83036000, "costAndExpenses": 105987000, "interestIncome": 0, "interestExpense": 0, "depreciationAndAmortization": 6487000, "ebitda": 6231000, "ebitdaratio": 0.0585813002, "operatingIncome": 378000, "operatingIncomeRatio": 0.0035538006, "totalOtherIncomeExpensesNet": 634000, "incomeBeforeTax": 23329000, "incomeBeforeTaxRatio": 0.2193296667, "incomeTaxExpense": 8530000, "netIncome": 14799000, "netIncomeRatio": 0.1391341137, "eps": 0.0708, "epsdiluted": 0.0708, "weightedAverageShsOut": 208776000, "weightedAverageShsOutDil": 2502908544, "link": "https://www.sec.gov/Archives/edgar/data/79282/000095014496001042/0000950144-96-001042-index.html", "finalLink": "https://www.sec.gov/Archives/edgar/data/79282/", "calculatedOtherExpenses": 27963000, "calculatedOperatingExpenses": 83036000, "calculatedNetInterest": 0, "calculatedOtherIncome": 22951000, "calculatedIncomeNonControlling": 0, "calculatedEbitda": 6865000}, {"date": "1994-12-31", "symbol": "BRO", "reportedCurrency": "USD", "cik": "0000079282", "fillingDate": "1995-03-31", "acceptedDate": "1995-03-31 00:00:00", "calendarYear": "1994", "period": "FY", "revenue": 99507000, "costOfRevenue": 0, "grossProfit": 99507000, "grossProfitRatio": 1, "researchAndDevelopmentExpenses": 0, "generalAndAdministrativeExpenses": 0, "sellingAndMarketingExpenses": 0, "sellingGeneralAndAdministrativeExpenses": 73647000, "otherExpenses": 5508000, "operatingExpenses": 79155000, "costAndExpenses": 79155000, "interestIncome": 0, "interestExpense": 0, "depreciationAndAmortization": 6304000, "ebitda": 26656000, "ebitdaratio": 0.2678806516, "operatingIncome": -79155000, "operatingIncomeRatio": -0.7954716754, "totalOtherIncomeExpensesNet": 20352000, "incomeBeforeTax": 20352000, "incomeBeforeTaxRatio": 0.2045283246, "incomeTaxExpense": 7067000, "netIncome": 13285000, "netIncomeRatio": 0.1335081954, "eps": 0.0054, "epsdiluted": 0.0054, "weightedAverageShsOut": 2495712000, "weightedAverageShsOutDil": 2495712000, "link": "https://www.sec.gov/Archives/edgar/data/79282/000095014495000929/0000950144-95-000929-index.html", "finalLink": "https://www.sec.gov/Archives/edgar/data/79282/", "calculatedOtherExpenses": 105015000, "calculatedOperatingExpenses": 178662000, "calculatedNetInterest": 0, "calculatedOtherIncome": 99507000, "calculatedIncomeNonControlling": 0, "calculatedEbitda": -72851000}, {"date": "1993-12-31", "symbol": "BRO", "reportedCurrency": "USD", "cik": "0000079282", "fillingDate": "1993-12-31", "acceptedDate": "1993-12-31 00:00:00", "calendarYear": "1993", "period": "FY", "revenue": 95600000, "costOfRevenue": 18500000, "grossProfit": 77100000, "grossProfitRatio": 0.8064853556, "researchAndDevelopmentExpenses": 0, "generalAndAdministrativeExpenses": 0, "sellingAndMarketingExpenses": 0, "sellingGeneralAndAdministrativeExpenses": 51200000, "otherExpenses": 6900000, "operatingExpenses": 58100000, "costAndExpenses": 76600000, "interestIncome": 0, "interestExpense": 0, "depreciationAndAmortization": -6900000, "ebitda": 25900000, "ebitdaratio": 0.2709205021, "operatingIncome": 19000000, "operatingIncomeRatio": 0.1987447699, "totalOtherIncomeExpensesNet": 12900000, "incomeBeforeTax": 12900000, "incomeBeforeTaxRatio": 0.1349372385, "incomeTaxExpense": 4900000, "netIncome": 8000000, "netIncomeRatio": 0.0836820084, "eps": 0.0033, "epsdiluted": 0.0033, "weightedAverageShsOut": 200512000, "weightedAverageShsOutDil": 200512000, "link": null, "finalLink": null, "calculatedOtherExpenses": 6900000, "calculatedOperatingExpenses": 58100000, "calculatedNetInterest": 0, "calculatedOtherIncome": -6100000, "calculatedIncomeNonControlling": 0, "calculatedEbitda": 12100000}, {"date": "1992-12-31", "symbol": "BRO", "reportedCurrency": "USD", "cik": "0000079282", "fillingDate": "1992-12-31", "acceptedDate": "1992-12-31 00:00:00", "calendarYear": "1992", "period": "FY", "revenue": 52400000, "costOfRevenue": 10900000, "grossProfit": 41500000, "grossProfitRatio": 0.7919847328, "researchAndDevelopmentExpenses": 0, "generalAndAdministrativeExpenses": 0, "sellingAndMarketingExpenses": 0, "sellingGeneralAndAdministrativeExpenses": 28000000, "otherExpenses": 4500000, "operatingExpenses": 32500000, "costAndExpenses": 43400000, "interestIncome": 0, "interestExpense": 0, "depreciationAndAmortization": -4500000, "ebitda": 13500000, "ebitdaratio": 0.2576335878, "operatingIncome": 9000000, "operatingIncomeRatio": 0.1717557252, "totalOtherIncomeExpensesNet": 5100000, "incomeBeforeTax": 5100000, "incomeBeforeTaxRatio": 0.0973282443, "incomeTaxExpense": 2200000, "netIncome": 1300000, "netIncomeRatio": 0.0248091603, "eps": 0.0009, "epsdiluted": 0.0009, "weightedAverageShsOut": 122432000, "weightedAverageShsOutDil": 122432000, "link": null, "finalLink": null, "calculatedOtherExpenses": 4500000, "calculatedOperatingExpenses": 32500000, "calculatedNetInterest": 0, "calculatedOtherIncome": -3900000, "calculatedIncomeNonControlling": 1600000, "calculatedEbitda": 4500000}, {"date": "1991-12-31", "symbol": "BRO", "reportedCurrency": "USD", "cik": "0000079282", "fillingDate": "1991-12-31", "acceptedDate": "1991-12-31 00:00:00", "calendarYear": "1991", "period": "FY", "revenue": 48500000, "costOfRevenue": 10600000, "grossProfit": 37900000, "grossProfitRatio": 0.781443299, "researchAndDevelopmentExpenses": 0, "generalAndAdministrativeExpenses": 0, "sellingAndMarketingExpenses": 0, "sellingGeneralAndAdministrativeExpenses": 23800000, "otherExpenses": 3700000, "operatingExpenses": 27500000, "costAndExpenses": 38100000, "interestIncome": 0, "interestExpense": 0, "depreciationAndAmortization": -3700000, "ebitda": 14100000, "ebitdaratio": 0.2907216495, "operatingIncome": 10400000, "operatingIncomeRatio": 0.2144329897, "totalOtherIncomeExpensesNet": 7200000, "incomeBeforeTax": 7200000, "incomeBeforeTaxRatio": 0.1484536082, "incomeTaxExpense": 2600000, "netIncome": 4600000, "netIncomeRatio": 0.0948453608, "eps": 0.0032, "epsdiluted": 0.0032, "weightedAverageShsOut": 120496000, "weightedAverageShsOutDil": 120496000, "link": null, "finalLink": null, "calculatedOtherExpenses": 3700000, "calculatedOperatingExpenses": 27500000, "calculatedNetInterest": 0, "calculatedOtherIncome": -3200000, "calculatedIncomeNonControlling": 0, "calculatedEbitda": 6700000}, {"date": "1990-12-31", "symbol": "BRO", "reportedCurrency": "USD", "cik": "0000079282", "fillingDate": "1990-12-31", "acceptedDate": "1990-12-31 00:00:00", "calendarYear": "1990", "period": "FY", "revenue": 46700000, "costOfRevenue": 10400000, "grossProfit": 36300000, "grossProfitRatio": 0.7773019272, "researchAndDevelopmentExpenses": 0, "generalAndAdministrativeExpenses": 0, "sellingAndMarketingExpenses": 0, "sellingGeneralAndAdministrativeExpenses": 23600000, "otherExpenses": 3500000, "operatingExpenses": 27100000, "costAndExpenses": 37500000, "interestIncome": 0, "interestExpense": 0, "depreciationAndAmortization": -3500000, "ebitda": 12700000, "ebitdaratio": 0.2719486081, "operatingIncome": 9200000, "operatingIncomeRatio": 0.1970021413, "totalOtherIncomeExpensesNet": 6600000, "incomeBeforeTax": 6600000, "incomeBeforeTaxRatio": 0.1413276231, "incomeTaxExpense": 2500000, "netIncome": 4100000, "netIncomeRatio": 0.0877944325, "eps": 0.0023, "epsdiluted": 0.0023, "weightedAverageShsOut": 117520000, "weightedAverageShsOutDil": 117520000, "link": null, "finalLink": null, "calculatedOtherExpenses": 3500000, "calculatedOperatingExpenses": 27100000, "calculatedNetInterest": 0, "calculatedOtherIncome": -2600000, "calculatedIncomeNonControlling": 0, "calculatedEbitda": 5700000}, {"date": "1989-12-31", "symbol": "BRO", "reportedCurrency": "USD", "cik": "0000079282", "fillingDate": "1989-12-31", "acceptedDate": "1989-12-31 00:00:00", "calendarYear": "1989", "period": "FY", "revenue": 41600000, "costOfRevenue": 9800000, "grossProfit": 31800000, "grossProfitRatio": 0.7644230769, "researchAndDevelopmentExpenses": 0, "generalAndAdministrativeExpenses": 0, "sellingAndMarketingExpenses": 0, "sellingGeneralAndAdministrativeExpenses": 19900000, "otherExpenses": 2400000, "operatingExpenses": 22300000, "costAndExpenses": 32100000, "interestIncome": 0, "interestExpense": 0, "depreciationAndAmortization": -2400000, "ebitda": 15500000, "ebitdaratio": 0.3725961538, "operatingIncome": 9500000, "operatingIncomeRatio": 0.2283653846, "totalOtherIncomeExpensesNet": -3600000, "incomeBeforeTax": 4600000, "incomeBeforeTaxRatio": 0.1105769231, "incomeTaxExpense": 1500000, "netIncome": 3100000, "netIncomeRatio": 0.0745192308, "eps": 0.0018, "epsdiluted": 0.0018, "weightedAverageShsOut": 114496000, "weightedAverageShsOutDil": 114496000, "link": null, "finalLink": null, "calculatedOtherExpenses": 2400000, "calculatedOperatingExpenses": 22300000, "calculatedNetInterest": 0, "calculatedOtherIncome": -4900000, "calculatedIncomeNonControlling": 0, "calculatedEbitda": 7100000}, {"date": "1988-12-31", "symbol": "BRO", "reportedCurrency": "USD", "cik": "0000079282", "fillingDate": "1988-12-31", "acceptedDate": "1988-12-31 00:00:00", "calendarYear": "1988", "period": "FY", "revenue": 34700000, "costOfRevenue": 16200000, "grossProfit": 18500000, "grossProfitRatio": 0.5331412104, "researchAndDevelopmentExpenses": 0, "generalAndAdministrativeExpenses": 0, "sellingAndMarketingExpenses": 0, "sellingGeneralAndAdministrativeExpenses": 9800000, "otherExpenses": 1700000, "operatingExpenses": 11500000, "costAndExpenses": 27700000, "interestIncome": 0, "interestExpense": 0, "depreciationAndAmortization": 1700000, "ebitda": 8300000, "ebitdaratio": 0.2391930836, "operatingIncome": 7000000, "operatingIncomeRatio": 0.2017291066, "totalOtherIncomeExpensesNet": 400000, "incomeBeforeTax": 6600000, "incomeBeforeTaxRatio": 0.1902017291, "incomeTaxExpense": 2500000, "netIncome": 4100000, "netIncomeRatio": 0.1181556196, "eps": 0.0025, "epsdiluted": 0.0025, "weightedAverageShsOut": 110656000, "weightedAverageShsOutDil": 110656000, "link": null, "finalLink": null, "calculatedOtherExpenses": 1700000, "calculatedOperatingExpenses": 11500000, "calculatedNetInterest": 0, "calculatedOtherIncome": -400000, "calculatedIncomeNonControlling": 0, "calculatedEbitda": 8700000}, {"date": "1987-12-31", "symbol": "BRO", "reportedCurrency": "USD", "cik": "0000079282", "fillingDate": "1987-12-31", "acceptedDate": "1987-12-31 00:00:00", "calendarYear": "1987", "period": "FY", "revenue": 31000000, "costOfRevenue": 15300000, "grossProfit": 15700000, "grossProfitRatio": 0.5064516129, "researchAndDevelopmentExpenses": 0, "generalAndAdministrativeExpenses": 0, "sellingAndMarketingExpenses": 0, "sellingGeneralAndAdministrativeExpenses": 9400000, "otherExpenses": 1600000, "operatingExpenses": 11000000, "costAndExpenses": 26300000, "interestIncome": 0, "interestExpense": 0, "depreciationAndAmortization": 1600000, "ebitda": 6300000, "ebitdaratio": 0.2032258065, "operatingIncome": 4700000, "operatingIncomeRatio": 0.1516129032, "totalOtherIncomeExpensesNet": 3900000, "incomeBeforeTax": 3900000, "incomeBeforeTaxRatio": 0.1258064516, "incomeTaxExpense": 1600000, "netIncome": 1500000, "netIncomeRatio": 0.0483870968, "eps": 0.0004, "epsdiluted": 0.0004, "weightedAverageShsOut": 129296000, "weightedAverageShsOutDil": 129296000, "link": null, "finalLink": null, "calculatedOtherExpenses": 1600000, "calculatedOperatingExpenses": 11000000, "calculatedNetInterest": 0, "calculatedOtherIncome": -800000, "calculatedIncomeNonControlling": 800000, "calculatedEbitda": 6300000}, {"date": "1986-12-31", "symbol": "BRO", "reportedCurrency": "USD", "cik": "0000079282", "fillingDate": "1986-12-31", "acceptedDate": "1986-12-31 00:00:00", "calendarYear": "1986", "period": "FY", "revenue": 33100000, "costOfRevenue": 23500000, "grossProfit": 9600000, "grossProfitRatio": 0.2900302115, "researchAndDevelopmentExpenses": 0, "generalAndAdministrativeExpenses": 0, "sellingAndMarketingExpenses": 0, "sellingGeneralAndAdministrativeExpenses": 0, "otherExpenses": 1500000, "operatingExpenses": 1500000, "costAndExpenses": 25000000, "interestIncome": 0, "interestExpense": 0, "depreciationAndAmortization": 1500000, "ebitda": 8600000, "ebitdaratio": 0.2598187311, "operatingIncome": 8100000, "operatingIncomeRatio": 0.2447129909, "totalOtherIncomeExpensesNet": 1000000, "incomeBeforeTax": 8300000, "incomeBeforeTaxRatio": 0.250755287, "incomeTaxExpense": 3900000, "netIncome": 4400000, "netIncomeRatio": 0.1329305136, "eps": 0.0024, "epsdiluted": 0.0024, "weightedAverageShsOut": 107808000, "weightedAverageShsOutDil": 107808000, "link": null, "finalLink": null, "calculatedOtherExpenses": 1500000, "calculatedOperatingExpenses": 1500000, "calculatedNetInterest": 0, "calculatedOtherIncome": 200000, "calculatedIncomeNonControlling": 0, "calculatedEbitda": 9600000}, {"date": "1985-12-31", "symbol": "BRO", "reportedCurrency": "USD", "cik": "0000079282", "fillingDate": "1985-12-31", "acceptedDate": "1985-12-31 00:00:00", "calendarYear": "1985", "period": "FY", "revenue": 28700000, "costOfRevenue": 21900000, "grossProfit": 6800000, "grossProfitRatio": 0.2369337979, "researchAndDevelopmentExpenses": 0, "generalAndAdministrativeExpenses": 0, "sellingAndMarketingExpenses": 0, "sellingGeneralAndAdministrativeExpenses": 0, "otherExpenses": 1300000, "operatingExpenses": 1300000, "costAndExpenses": 23200000, "interestIncome": 0, "interestExpense": 0, "depreciationAndAmortization": 1300000, "ebitda": 6300000, "ebitdaratio": 0.2195121951, "operatingIncome": 5500000, "operatingIncomeRatio": 0.1916376307, "totalOtherIncomeExpensesNet": 500000, "incomeBeforeTax": 5400000, "incomeBeforeTaxRatio": 0.1881533101, "incomeTaxExpense": 2500000, "netIncome": 2900000, "netIncomeRatio": 0.1010452962, "eps": 0.0011, "epsdiluted": 0.0011, "weightedAverageShsOut": 126368000, "weightedAverageShsOutDil": 126368000, "link": null, "finalLink": null, "calculatedOtherExpenses": 1300000, "calculatedOperatingExpenses": 1300000, "calculatedNetInterest": 0, "calculatedOtherIncome": -100000, "calculatedIncomeNonControlling": 0, "calculatedEbitda": 6800000}]}