{"originalCurrency": "USD", "convertedCurrency": "USD", "report": [{"date": "2023-12-31", "symbol": "BRX", "reportedCurrency": "USD", "cik": "0001581068", "fillingDate": "2024-02-12", "acceptedDate": "2024-02-12 16:11:17", "calendarYear": "2023", "period": "FY", "revenue": 1245036000, "costOfRevenue": 682267000, "grossProfit": 562769000, "grossProfitRatio": 0.452010223, "researchAndDevelopmentExpenses": 0, "generalAndAdministrativeExpenses": 117128000, "sellingAndMarketingExpenses": 0, "sellingGeneralAndAdministrativeExpenses": 117128000, "otherExpenses": -117128000, "operatingExpenses": 117128000, "costAndExpenses": 799395000, "interestIncome": 666000, "interestExpense": 200682000, "depreciationAndAmortization": 362277000, "ebitda": 807918000, "ebitdaratio": 0.6489113568, "operatingIncome": 445641000, "operatingIncomeRatio": 0.3579342284, "totalOtherIncomeExpensesNet": -140554000, "incomeBeforeTax": 305087000, "incomeBeforeTaxRatio": 0.2450427136, "incomeTaxExpense": 828000, "netIncome": 305087000, "netIncomeRatio": 0.2450427136, "eps": 1.01, "epsdiluted": 1.01, "weightedAverageShsOut": 300977000, "weightedAverageShsOutDil": 302376000, "link": "https://www.sec.gov/Archives/edgar/data/1581068/000158106824000007/0001581068-24-000007-index.htm", "finalLink": "https://www.sec.gov/Archives/edgar/data/1581068/000158106824000007/brx-20231231.htm", "calculatedOtherExpenses": 0, "calculatedOperatingExpenses": 117128000, "calculatedNetInterest": -200016000, "calculatedOtherIncome": 59462000, "calculatedIncomeNonControlling": -828000, "calculatedEbitda": 807918000}, {"date": "2022-12-31", "symbol": "BRX", "reportedCurrency": "USD", "cik": "0001581068", "fillingDate": "2023-02-13", "acceptedDate": "2023-02-13 16:10:04", "calendarYear": "2022", "period": "FY", "revenue": 1218074000, "costOfRevenue": 311791000, "grossProfit": 906283000, "grossProfitRatio": 0.7440295089, "researchAndDevelopmentExpenses": 0, "generalAndAdministrativeExpenses": 117225000, "sellingAndMarketingExpenses": 0, "sellingGeneralAndAdministrativeExpenses": 117225000, "otherExpenses": 344731000, "operatingExpenses": 461956000, "costAndExpenses": 773747000, "interestIncome": 314000, "interestExpense": 192427000, "depreciationAndAmortization": 344731000, "ebitda": 785419000, "ebitdaratio": 0.6448040103, "operatingIncome": 440688000, "operatingIncomeRatio": 0.3617908272, "totalOtherIncomeExpensesNet": -86495000, "incomeBeforeTax": 354193000, "incomeBeforeTaxRatio": 0.2907811841, "incomeTaxExpense": 192427000, "netIncome": 161766000, "netIncomeRatio": 0.1328047393, "eps": 0.54, "epsdiluted": 0.54, "weightedAverageShsOut": 299938000, "weightedAverageShsOutDil": 301742000, "link": "https://www.sec.gov/Archives/edgar/data/1581068/000158106823000014/0001581068-23-000014-index.htm", "finalLink": "https://www.sec.gov/Archives/edgar/data/1581068/000158106823000014/brx-20221231.htm", "calculatedOtherExpenses": 348370000, "calculatedOperatingExpenses": 465595000, "calculatedNetInterest": -192113000, "calculatedOtherIncome": 105618000, "calculatedIncomeNonControlling": 0, "calculatedEbitda": 785419000}, {"date": "2021-12-31", "symbol": "BRX", "reportedCurrency": "USD", "cik": "0001581068", "fillingDate": "2022-02-07", "acceptedDate": "2022-02-07 16:12:55", "calendarYear": "2021", "period": "FY", "revenue": 1152274000, "costOfRevenue": 297788000, "grossProfit": 854486000, "grossProfitRatio": 0.7415649403, "researchAndDevelopmentExpenses": 0, "generalAndAdministrativeExpenses": 105454000, "sellingAndMarketingExpenses": 0, "sellingGeneralAndAdministrativeExpenses": 105454000, "otherExpenses": 327152000, "operatingExpenses": 432606000, "costAndExpenses": 730394000, "interestIncome": 299000, "interestExpense": 194776000, "depreciationAndAmortization": 327152000, "ebitda": 748967000, "ebitdaratio": 0.6499903669, "operatingIncome": 421815000, "operatingIncomeRatio": 0.366071785, "totalOtherIncomeExpensesNet": -151628000, "incomeBeforeTax": 270187000, "incomeBeforeTaxRatio": 0.2344815556, "incomeTaxExpense": 194711000, "netIncome": 75476000, "netIncomeRatio": 0.0655017817, "eps": 0.25, "epsdiluted": 0.25, "weightedAverageShsOut": 297408000, "weightedAverageShsOutDil": 298835000, "link": "https://www.sec.gov/Archives/edgar/data/1581068/000158106822000012/0001581068-22-000012-index.htm", "finalLink": "https://www.sec.gov/Archives/edgar/data/1581068/000158106822000012/brx-20211231.htm", "calculatedOtherExpenses": 327217000, "calculatedOperatingExpenses": 432671000, "calculatedNetInterest": -194477000, "calculatedOtherIncome": 42849000, "calculatedIncomeNonControlling": 0, "calculatedEbitda": 748967000}, {"date": "2020-12-31", "symbol": "BRX", "reportedCurrency": "USD", "cik": "0001581068", "fillingDate": "2021-02-11", "acceptedDate": "2021-02-11 16:16:04", "calendarYear": "2020", "period": "FY", "revenue": 1053266000, "costOfRevenue": 280621000, "grossProfit": 772645000, "grossProfitRatio": 0.733570627, "researchAndDevelopmentExpenses": 0, "generalAndAdministrativeExpenses": 98280000, "sellingAndMarketingExpenses": 0, "sellingGeneralAndAdministrativeExpenses": 98280000, "otherExpenses": 335583000, "operatingExpenses": 433863000, "costAndExpenses": 714484000, "interestIncome": 482000, "interestExpense": 199988000, "depreciationAndAmortization": 335583000, "ebitda": 669366000, "ebitdaratio": 0.6355146753, "operatingIncome": 333783000, "operatingIncomeRatio": 0.3169028527, "totalOtherIncomeExpensesNet": -212610000, "incomeBeforeTax": 121173000, "incomeBeforeTaxRatio": 0.1150450124, "incomeTaxExpense": 194989000, "netIncome": -73816000, "netIncomeRatio": -0.070082961, "eps": -0.25, "epsdiluted": -0.25, "weightedAverageShsOut": 296972000, "weightedAverageShsOutDil": 297899000, "link": "https://www.sec.gov/Archives/edgar/data/1581068/000158106821000012/0001581068-21-000012-index.htm", "finalLink": "https://www.sec.gov/Archives/edgar/data/1581068/000158106821000012/brx-20201231.htm", "calculatedOtherExpenses": 340582000, "calculatedOperatingExpenses": 438862000, "calculatedNetInterest": -199506000, "calculatedOtherIncome": -13104000, "calculatedIncomeNonControlling": 0, "calculatedEbitda": 669366000}, {"date": "2019-12-31", "symbol": "BRX", "reportedCurrency": "USD", "cik": "0001581068", "fillingDate": "2020-02-10", "acceptedDate": "2020-02-10 16:14:31", "calendarYear": "2019", "period": "FY", "revenue": 1168258000, "costOfRevenue": 295864000, "grossProfit": 872394000, "grossProfitRatio": 0.7467477218, "researchAndDevelopmentExpenses": 0, "generalAndAdministrativeExpenses": 102309000, "sellingAndMarketingExpenses": 0, "sellingGeneralAndAdministrativeExpenses": 102309000, "otherExpenses": 332431000, "operatingExpenses": 434740000, "costAndExpenses": 730604000, "interestIncome": 699000, "interestExpense": 189775000, "depreciationAndAmortization": 332431000, "ebitda": 767535000, "ebitdaratio": 0.6569910071, "operatingIncome": 435104000, "operatingIncomeRatio": 0.3724382799, "totalOtherIncomeExpensesNet": -160331000, "incomeBeforeTax": 274773000, "incomeBeforeTaxRatio": 0.235198903, "incomeTaxExpense": 187225000, "netIncome": 87548000, "netIncomeRatio": 0.0749389262, "eps": 0.29, "epsdiluted": 0.29, "weightedAverageShsOut": 298229000, "weightedAverageShsOutDil": 299334000, "link": "https://www.sec.gov/Archives/edgar/data/1581068/000158106820000008/0001581068-20-000008-index.htm", "finalLink": "https://www.sec.gov/Archives/edgar/data/1581068/000158106820000008/brx10k12312019.htm", "calculatedOtherExpenses": 334981000, "calculatedOperatingExpenses": 437290000, "calculatedNetInterest": -189076000, "calculatedOtherIncome": 28745000, "calculatedIncomeNonControlling": 0, "calculatedEbitda": 767535000}, {"date": "2018-12-31", "symbol": "BRX", "reportedCurrency": "USD", "cik": "0001581068", "fillingDate": "2019-02-11", "acceptedDate": "2019-02-11 16:13:02", "calendarYear": "2018", "period": "FY", "revenue": 1234340000, "costOfRevenue": 313618000, "grossProfit": 920722000, "grossProfitRatio": 0.7459225173, "researchAndDevelopmentExpenses": 0, "generalAndAdministrativeExpenses": 93596000, "sellingAndMarketingExpenses": 0, "sellingGeneralAndAdministrativeExpenses": 93596000, "otherExpenses": -2786000, "operatingExpenses": 455923000, "costAndExpenses": 769541000, "interestIncome": 0, "interestExpense": 215025000, "depreciationAndAmortization": 352245000, "ebitda": 814258000, "ebitdaratio": 0.6596707552, "operatingIncome": 464799000, "operatingIncomeRatio": 0.3765567024, "totalOtherIncomeExpensesNet": 116510000, "incomeBeforeTax": 366284000, "incomeBeforeTaxRatio": 0.2967448191, "incomeTaxExpense": 116510000, "netIncome": 366284000, "netIncomeRatio": 0.2967448191, "eps": 1.21, "epsdiluted": 1.21, "weightedAverageShsOut": 302074000, "weightedAverageShsOutDil": 302339000, "link": "https://www.sec.gov/Archives/edgar/data/1581068/000158106819000005/0001581068-19-000005-index.htm", "finalLink": "https://www.sec.gov/Archives/edgar/data/1581068/000158106819000005/brx10k12312018.htm", "calculatedOtherExpenses": 362327000, "calculatedOperatingExpenses": 455923000, "calculatedNetInterest": -215025000, "calculatedOtherIncome": 116510000, "calculatedIncomeNonControlling": -116510000, "calculatedEbitda": 817044000}, {"date": "2017-12-31", "symbol": "BRX", "reportedCurrency": "USD", "cik": "0001581068", "fillingDate": "2018-02-12", "acceptedDate": "2018-02-12 16:14:29", "calendarYear": "2017", "period": "FY", "revenue": 1283180000, "costOfRevenue": 315189000, "grossProfit": 967991000, "grossProfitRatio": 0.7543688337, "researchAndDevelopmentExpenses": 0, "generalAndAdministrativeExpenses": 92247000, "sellingAndMarketingExpenses": 0, "sellingGeneralAndAdministrativeExpenses": 92247000, "otherExpenses": -2907000, "operatingExpenses": 472598000, "costAndExpenses": 787787000, "interestIncome": 0, "interestExpense": 226660000, "depreciationAndAmortization": 375028000, "ebitda": 867895000, "ebitdaratio": 0.6763626303, "operatingIncome": 268733000, "operatingIncomeRatio": 0.2094273602, "totalOtherIncomeExpensesNet": 31636000, "incomeBeforeTax": 300369000, "incomeBeforeTaxRatio": 0.2340817344, "incomeTaxExpense": 224210000, "netIncome": 300293000, "netIncomeRatio": 0.2340225066, "eps": 0.99, "epsdiluted": 0.98, "weightedAverageShsOut": 304834000, "weightedAverageShsOutDil": 305281000, "link": "https://www.sec.gov/Archives/edgar/data/1630031/000158106818000008/0001581068-18-000008-index.html", "finalLink": "https://www.sec.gov/Archives/edgar/data/1581068/000158106818000008/brx10k12312017.htm", "calculatedOtherExpenses": 607011000, "calculatedOperatingExpenses": 699258000, "calculatedNetInterest": -226660000, "calculatedOtherIncome": 258296000, "calculatedIncomeNonControlling": -224134000, "calculatedEbitda": 643761000}, {"date": "2016-12-31", "symbol": "BRX", "reportedCurrency": "USD", "cik": "0001581068", "fillingDate": "2017-02-13", "acceptedDate": "2017-02-13 16:32:13", "calendarYear": "2016", "period": "FY", "revenue": 1275772000, "costOfRevenue": 307916000, "grossProfit": 967856000, "grossProfitRatio": 0.758643394, "researchAndDevelopmentExpenses": 0, "generalAndAdministrativeExpenses": 92248000, "sellingAndMarketingExpenses": 0, "sellingGeneralAndAdministrativeExpenses": 92248000, "otherExpenses": -4957000, "operatingExpenses": 488732000, "costAndExpenses": 796648000, "interestIncome": 0, "interestExpense": 226671000, "depreciationAndAmortization": 387302000, "ebitda": 861946000, "ebitdaratio": 0.6756269929, "operatingIncome": 252453000, "operatingIncomeRatio": 0.197882537, "totalOtherIncomeExpensesNet": 25689000, "incomeBeforeTax": 278142000, "incomeBeforeTaxRatio": 0.2180185801, "incomeTaxExpense": 224705000, "netIncome": 275628000, "netIncomeRatio": 0.2160480086, "eps": 0.91, "epsdiluted": 0.9, "weightedAverageShsOut": 301601000, "weightedAverageShsOutDil": 305060000, "link": "https://www.sec.gov/Archives/edgar/data/1581068/000158106817000005/0001581068-17-000005-index.htm", "finalLink": "https://www.sec.gov/Archives/edgar/data/1581068/000158106817000005/brx10k12312016.htm", "calculatedOtherExpenses": 623155000, "calculatedOperatingExpenses": 715403000, "calculatedNetInterest": -226671000, "calculatedOtherIncome": 252360000, "calculatedIncomeNonControlling": -222191000, "calculatedEbitda": 639755000}, {"date": "2015-12-31", "symbol": "BRX", "reportedCurrency": "USD", "cik": "0001581068", "fillingDate": "2016-02-29", "acceptedDate": "2016-02-29 16:25:41", "calendarYear": "2015", "period": "FY", "revenue": 1265980000, "costOfRevenue": 310388000, "grossProfit": 955592000, "grossProfitRatio": 0.7548239309, "researchAndDevelopmentExpenses": 0, "generalAndAdministrativeExpenses": 98454000, "sellingAndMarketingExpenses": 0, "sellingGeneralAndAdministrativeExpenses": 98454000, "otherExpenses": -348000, "operatingExpenses": 525929000, "costAndExpenses": 836317000, "interestIncome": 0, "interestExpense": 245012000, "depreciationAndAmortization": 370178000, "ebitda": 847709000, "ebitdaratio": 0.6696069448, "operatingIncome": 184651000, "operatingIncomeRatio": 0.1458561747, "totalOtherIncomeExpensesNet": 12885000, "incomeBeforeTax": 197536000, "incomeBeforeTaxRatio": 0.1560340606, "incomeTaxExpense": 296696000, "netIncome": 193720000, "netIncomeRatio": 0.1530197949, "eps": 0.65, "epsdiluted": 0.64, "weightedAverageShsOut": 298004000, "weightedAverageShsOutDil": 305017000, "link": "https://www.sec.gov/Archives/edgar/data/1581068/000158106816000101/0001581068-16-000101-index.htm", "finalLink": "https://www.sec.gov/Archives/edgar/data/1581068/000158106816000101/brx10k12312015.htm", "calculatedOtherExpenses": 672487000, "calculatedOperatingExpenses": 770941000, "calculatedNetInterest": -245012000, "calculatedOtherIncome": 257897000, "calculatedIncomeNonControlling": -292880000, "calculatedEbitda": 554829000}, {"date": "2014-12-31", "symbol": "BRX", "reportedCurrency": "USD", "cik": "0001581068", "fillingDate": "2015-02-19", "acceptedDate": "2015-02-19 16:30:09", "calendarYear": "2014", "period": "FY", "revenue": 1236599000, "costOfRevenue": 308652000, "grossProfit": 927947000, "grossProfitRatio": 0.7504025153, "researchAndDevelopmentExpenses": 0, "generalAndAdministrativeExpenses": 80175000, "sellingAndMarketingExpenses": 0, "sellingGeneralAndAdministrativeExpenses": 80175000, "otherExpenses": -8431000, "operatingExpenses": 533342000, "costAndExpenses": 841994000, "interestIncome": 0, "interestExpense": 262812000, "depreciationAndAmortization": 396700000, "ebitda": 828174000, "ebitdaratio": 0.6697191248, "operatingIncome": 131793000, "operatingIncomeRatio": 0.1065769906, "totalOtherIncomeExpensesNet": -19022000, "incomeBeforeTax": 112771000, "incomeBeforeTaxRatio": 0.0911944778, "incomeTaxExpense": 323450000, "netIncome": 89002000, "netIncomeRatio": 0.0719732104, "eps": 0.37, "epsdiluted": 0.36, "weightedAverageShsOut": 243390000, "weightedAverageShsOutDil": 244588000, "link": "https://www.sec.gov/Archives/edgar/data/1581068/000158106815000028/0001581068-15-000028-index.htm", "finalLink": "https://www.sec.gov/Archives/edgar/data/1581068/000158106815000028/brx10k12312014.htm", "calculatedOtherExpenses": 715979000, "calculatedOperatingExpenses": 796154000, "calculatedNetInterest": -262812000, "calculatedOtherIncome": 243790000, "calculatedIncomeNonControlling": -299681000, "calculatedEbitda": 528493000}, {"date": "2013-12-31", "symbol": "BRX", "reportedCurrency": "USD", "cik": "0001581068", "fillingDate": "2014-03-12", "acceptedDate": "2014-03-12 16:03:43", "calendarYear": "2013", "period": "FY", "revenue": 1174697000, "costOfRevenue": 295896000, "grossProfit": 878801000, "grossProfitRatio": 0.7481086612, "researchAndDevelopmentExpenses": 0, "generalAndAdministrativeExpenses": 121093000, "sellingAndMarketingExpenses": 0, "sellingGeneralAndAdministrativeExpenses": 121093000, "otherExpenses": -31626000, "operatingExpenses": 580695000, "costAndExpenses": 876591000, "interestIncome": 0, "interestExpense": 347996000, "depreciationAndAmortization": 398900000, "ebitda": 715562000, "ebitdaratio": 0.6091460181, "operatingIncome": 298106000, "operatingIncomeRatio": 0.253772675, "totalOtherIncomeExpensesNet": -50938000, "incomeBeforeTax": -100828000, "incomeBeforeTaxRatio": -0.0858331978, "incomeTaxExpense": 359258000, "netIncome": -93534000, "netIncomeRatio": -0.0796239371, "eps": -0.5, "epsdiluted": -0.49, "weightedAverageShsOut": 186976687, "weightedAverageShsOutDil": 188993000, "link": "https://www.sec.gov/Archives/edgar/data/1581068/000158106814000008/0001581068-14-000008-index.htm", "finalLink": "https://www.sec.gov/Archives/edgar/data/1581068/000158106814000008/bpginc1231201310-k.htm", "calculatedOtherExpenses": 459602000, "calculatedOperatingExpenses": 580695000, "calculatedNetInterest": -347996000, "calculatedOtherIncome": -50938000, "calculatedIncomeNonControlling": -366552000, "calculatedEbitda": 697006000}, {"date": "2012-12-31", "symbol": "BRX", "reportedCurrency": "USD", "cik": "0001581068", "fillingDate": "2012-12-31", "acceptedDate": "2012-12-30 19:00:00", "calendarYear": "2012", "period": "FY", "revenue": 1125797000, "costOfRevenue": 287573000, "grossProfit": 838224000, "grossProfitRatio": 0.7445605202, "researchAndDevelopmentExpenses": 0, "generalAndAdministrativeExpenses": 88870000, "sellingAndMarketingExpenses": 0, "sellingGeneralAndAdministrativeExpenses": 88870000, "otherExpenses": -507000, "operatingExpenses": 605314000, "costAndExpenses": 892887000, "interestIncome": 0, "interestExpense": 386380000, "depreciationAndAmortization": 459554000, "ebitda": 737673000, "ebitdaratio": 0.6552451286, "operatingIncome": 232910000, "operatingIncomeRatio": 0.2068845449, "totalOtherIncomeExpensesNet": 964000, "incomeBeforeTax": -152506000, "incomeBeforeTaxRatio": -0.1354649195, "incomeTaxExpense": 401650000, "netIncome": -122567000, "netIncomeRatio": -0.1088713152, "eps": -0.55, "epsdiluted": -0.55, "weightedAverageShsOut": 223492460, "weightedAverageShsOutDil": 223492460, "link": "", "finalLink": "", "calculatedOtherExpenses": 516444000, "calculatedOperatingExpenses": 605314000, "calculatedNetInterest": -386380000, "calculatedOtherIncome": 964000, "calculatedIncomeNonControlling": -431589000, "calculatedEbitda": 692464000}, {"date": "2011-12-31", "symbol": "BRX", "reportedCurrency": "USD", "cik": "0001581068", "fillingDate": "2011-12-31", "acceptedDate": "2011-12-30 19:00:00", "calendarYear": "2011", "period": "FY", "revenue": 1113380000, "costOfRevenue": 288265000, "grossProfit": 825115000, "grossProfitRatio": 0.7410901938, "researchAndDevelopmentExpenses": 0, "generalAndAdministrativeExpenses": 107871000, "sellingAndMarketingExpenses": 0, "sellingGeneralAndAdministrativeExpenses": 107871000, "otherExpenses": -1616000, "operatingExpenses": 594199000, "costAndExpenses": 882464000, "interestIncome": 0, "interestExpense": 394345000, "depreciationAndAmortization": 416022000, "ebitda": 694950000, "ebitdaratio": 0.6241804236, "operatingIncome": 230916000, "operatingIncomeRatio": 0.2074008874, "totalOtherIncomeExpensesNet": 281116000, "incomeBeforeTax": 117687000, "incomeBeforeTaxRatio": 0.1057024556, "incomeTaxExpense": 492536000, "netIncome": 67508000, "netIncomeRatio": 0.0606333866, "eps": 0.3, "epsdiluted": 0.3, "weightedAverageShsOut": 223492460, "weightedAverageShsOutDil": 223492460, "link": "", "finalLink": "", "calculatedOtherExpenses": 486328000, "calculatedOperatingExpenses": 594199000, "calculatedNetInterest": -394345000, "calculatedOtherIncome": 281116000, "calculatedIncomeNonControlling": -442357000, "calculatedEbitda": 646938000}, {"date": "2010-12-31", "symbol": "BRX", "reportedCurrency": "USD", "cik": "0001581068", "fillingDate": "2010-12-31", "acceptedDate": "2010-12-30 19:00:00", "calendarYear": "2010", "period": "FY", "revenue": 1125104000, "costOfRevenue": 291907000, "grossProfit": 833197000, "grossProfitRatio": 0.7405510957, "researchAndDevelopmentExpenses": 0, "generalAndAdministrativeExpenses": 94644000, "sellingAndMarketingExpenses": 0, "sellingGeneralAndAdministrativeExpenses": 94644000, "otherExpenses": 5550000, "operatingExpenses": 501689000, "costAndExpenses": 793596000, "interestIncome": 0, "interestExpense": 374388000, "depreciationAndAmortization": 332877000, "ebitda": 726112000, "ebitdaratio": 0.6453732277, "operatingIncome": 331508000, "operatingIncomeRatio": 0.2946465393, "totalOtherIncomeExpensesNet": -250315000, "incomeBeforeTax": -293195000, "incomeBeforeTaxRatio": -0.2605936873, "incomeTaxExpense": -16494000, "netIncome": -321387000, "netIncomeRatio": -0.2856509265, "eps": -1.44, "epsdiluted": -1.44, "weightedAverageShsOut": 223492460, "weightedAverageShsOutDil": 223492460, "link": "", "finalLink": "", "calculatedOtherExpenses": 407045000, "calculatedOperatingExpenses": 501689000, "calculatedNetInterest": -374388000, "calculatedOtherIncome": -250315000, "calculatedIncomeNonControlling": 44686000, "calculatedEbitda": 664385000}, {"date": "2009-12-31", "symbol": "BRX", "reportedCurrency": "USD", "cik": "0001581068", "fillingDate": "2009-12-31", "acceptedDate": "2009-12-30 19:00:00", "calendarYear": "2009", "period": "FY", "revenue": 0, "costOfRevenue": 0, "grossProfit": 0, "grossProfitRatio": 0, "researchAndDevelopmentExpenses": 0, "generalAndAdministrativeExpenses": 0, "sellingAndMarketingExpenses": 0, "sellingGeneralAndAdministrativeExpenses": 0, "otherExpenses": 0, "operatingExpenses": 0, "costAndExpenses": 0, "interestIncome": 0, "interestExpense": 0, "depreciationAndAmortization": 0, "ebitda": 0, "ebitdaratio": 0, "operatingIncome": 0, "operatingIncomeRatio": 0, "totalOtherIncomeExpensesNet": 0, "incomeBeforeTax": 0, "incomeBeforeTaxRatio": 0, "incomeTaxExpense": 0, "netIncome": 0, "netIncomeRatio": 0, "eps": 0, "epsdiluted": 0, "weightedAverageShsOut": 180675000, "weightedAverageShsOutDil": 180675000, "link": "", "finalLink": "", "calculatedOtherExpenses": 0, "calculatedOperatingExpenses": 0, "calculatedNetInterest": 0, "calculatedOtherIncome": 0, "calculatedIncomeNonControlling": 0, "calculatedEbitda": 0}]}