{"originalCurrency": "USD", "convertedCurrency": "USD", "report": [{"date": "2023-12-31", "symbol": "BSM", "reportedCurrency": "USD", "cik": "0001621434", "fillingDate": "2024-02-20", "acceptedDate": "2024-02-20 17:23:20", "calendarYear": "2023", "period": "FY", "revenue": 409982000, "costOfRevenue": 117238000, "grossProfit": 292744000, "grossProfitRatio": 0.7140411042, "researchAndDevelopmentExpenses": 0, "generalAndAdministrativeExpenses": 51455000, "sellingAndMarketingExpenses": 0, "sellingGeneralAndAdministrativeExpenses": 51455000, "otherExpenses": -160000, "operatingExpenses": 51455000, "costAndExpenses": 168693000, "interestIncome": 1867000, "interestExpense": 2754000, "depreciationAndAmortization": 46725000, "ebitda": 288014000, "ebitdaratio": 0.7025040124, "operatingIncome": 241289000, "operatingIncomeRatio": 0.5885355942, "totalOtherIncomeExpensesNet": 181260000, "incomeBeforeTax": 422549000, "incomeBeforeTaxRatio": 1.0306525652, "incomeTaxExpense": 0, "netIncome": 422549000, "netIncomeRatio": 1.0306525652, "eps": 1.91, "epsdiluted": 1.88, "weightedAverageShsOut": 209970000, "weightedAverageShsOutDil": 225105000, "link": "https://www.sec.gov/Archives/edgar/data/1621434/000162828024005670/0001628280-24-005670-index.htm", "finalLink": "https://www.sec.gov/Archives/edgar/data/1621434/000162828024005670/bsm-20231231.htm", "calculatedOtherExpenses": 0, "calculatedOperatingExpenses": 51455000, "calculatedNetInterest": -887000, "calculatedOtherIncome": 182147000, "calculatedIncomeNonControlling": 0, "calculatedEbitda": 288014000}, {"date": "2022-12-31", "symbol": "BSM", "reportedCurrency": "USD", "cik": "0001621434", "fillingDate": "2023-02-23", "acceptedDate": "2023-02-22 18:11:11", "calendarYear": "2022", "period": "FY", "revenue": 663604000, "costOfRevenue": 126417000, "grossProfit": 537187000, "grossProfitRatio": 0.80949934, "researchAndDevelopmentExpenses": 0, "generalAndAdministrativeExpenses": 53652000, "sellingAndMarketingExpenses": 0, "sellingGeneralAndAdministrativeExpenses": 53652000, "otherExpenses": 1054000, "operatingExpenses": 54706000, "costAndExpenses": 181123000, "interestIncome": 53000, "interestExpense": 6286000, "depreciationAndAmortization": 251000, "ebitda": 482749000, "ebitdaratio": 0.7274654764, "operatingIncome": 482498000, "operatingIncomeRatio": 0.7270872388, "totalOtherIncomeExpensesNet": -6018000, "incomeBeforeTax": 476480000, "incomeBeforeTaxRatio": 0.7180185773, "incomeTaxExpense": 6018000, "netIncome": 476480000, "netIncomeRatio": 0.7180185773, "eps": 2.18, "epsdiluted": 2.03, "weightedAverageShsOut": 209382000, "weightedAverageShsOutDil": 224446000, "link": "https://www.sec.gov/Archives/edgar/data/1621434/000162828023004630/0001628280-23-004630-index.htm", "finalLink": "https://www.sec.gov/Archives/edgar/data/1621434/000162828023004630/bsm-20221231.htm", "calculatedOtherExpenses": 1037000, "calculatedOperatingExpenses": 54689000, "calculatedNetInterest": -6233000, "calculatedOtherIncome": 215000, "calculatedIncomeNonControlling": -6018000, "calculatedEbitda": 482749000}, {"date": "2021-12-31", "symbol": "BSM", "reportedCurrency": "USD", "cik": "0001621434", "fillingDate": "2022-02-22", "acceptedDate": "2022-02-22 16:31:13", "calendarYear": "2021", "period": "FY", "revenue": 359260000, "costOfRevenue": 123884000, "grossProfit": 235376000, "grossProfitRatio": 0.6551689584, "researchAndDevelopmentExpenses": 0, "generalAndAdministrativeExpenses": 48746000, "sellingAndMarketingExpenses": 0, "sellingGeneralAndAdministrativeExpenses": 48746000, "otherExpenses": 2155000, "operatingExpenses": 50901000, "costAndExpenses": 174785000, "interestIncome": 1000, "interestExpense": 5638000, "depreciationAndAmortization": 61019000, "ebitda": 184775000, "ebitdaratio": 0.5143211045, "operatingIncome": 123756000, "operatingIncomeRatio": 0.3444747537, "totalOtherIncomeExpensesNet": 58231000, "incomeBeforeTax": 181987000, "incomeBeforeTaxRatio": 0.5065607081, "incomeTaxExpense": -55082000, "netIncome": 181987000, "netIncomeRatio": 0.5065607081, "eps": 0.77, "epsdiluted": 0.77, "weightedAverageShsOut": 208181000, "weightedAverageShsOutDil": 208290000, "link": "https://www.sec.gov/Archives/edgar/data/1621434/000162828022003347/0001628280-22-003347-index.htm", "finalLink": "https://www.sec.gov/Archives/edgar/data/1621434/000162828022003347/bsm-20211231.htm", "calculatedOtherExpenses": 62874000, "calculatedOperatingExpenses": 111620000, "calculatedNetInterest": -5637000, "calculatedOtherIncome": 63868000, "calculatedIncomeNonControlling": 55082000, "calculatedEbitda": 184775000}, {"date": "2020-12-31", "symbol": "BSM", "reportedCurrency": "USD", "cik": "0001621434", "fillingDate": "2021-02-23", "acceptedDate": "2021-02-23 17:07:08", "calendarYear": "2020", "period": "FY", "revenue": 342751000, "costOfRevenue": 139513000, "grossProfit": 203238000, "grossProfitRatio": 0.5929610709, "researchAndDevelopmentExpenses": 0, "generalAndAdministrativeExpenses": 42983000, "sellingAndMarketingExpenses": 0, "sellingGeneralAndAdministrativeExpenses": 42983000, "otherExpenses": 1160000, "operatingExpenses": 44143000, "costAndExpenses": 183656000, "interestIncome": 35000, "interestExpense": 10408000, "depreciationAndAmortization": 82018000, "ebitda": 159213000, "ebitdaratio": 0.4645150561, "operatingIncome": 77195000, "operatingIncomeRatio": 0.2252218083, "totalOtherIncomeExpensesNet": 44624000, "incomeBeforeTax": 121819000, "incomeBeforeTaxRatio": 0.3554154474, "incomeTaxExpense": -71527000, "netIncome": 193346000, "netIncomeRatio": 0.5641004694, "eps": 0.94, "epsdiluted": 0.93, "weightedAverageShsOut": 206705000, "weightedAverageShsOutDil": 206819000, "link": "https://www.sec.gov/Archives/edgar/data/1621434/000162828021002859/0001628280-21-002859-index.htm", "finalLink": "https://www.sec.gov/Archives/edgar/data/1621434/000162828021002859/bsm-20201231.htm", "calculatedOtherExpenses": 83060000, "calculatedOperatingExpenses": 126043000, "calculatedNetInterest": -10373000, "calculatedOtherIncome": 54997000, "calculatedIncomeNonControlling": 0, "calculatedEbitda": 159213000}, {"date": "2019-12-31", "symbol": "BSM", "reportedCurrency": "USD", "cik": "0001621434", "fillingDate": "2020-02-25", "acceptedDate": "2020-02-25 16:34:55", "calendarYear": "2019", "period": "FY", "revenue": 487821000, "costOfRevenue": 187782000, "grossProfit": 300039000, "grossProfitRatio": 0.6150596223, "researchAndDevelopmentExpenses": 0, "generalAndAdministrativeExpenses": 63353000, "sellingAndMarketingExpenses": 0, "sellingGeneralAndAdministrativeExpenses": 63353000, "otherExpenses": 1514000, "operatingExpenses": 64867000, "costAndExpenses": 252649000, "interestIncome": 159000, "interestExpense": 21435000, "depreciationAndAmortization": 109584000, "ebitda": 235803000, "ebitdaratio": 0.4833801743, "operatingIncome": 126219000, "operatingIncomeRatio": 0.2587403986, "totalOtherIncomeExpensesNet": 88149000, "incomeBeforeTax": 214368000, "incomeBeforeTaxRatio": 0.4394398765, "incomeTaxExpense": -87677000, "netIncome": 302045000, "netIncomeRatio": 0.6191717864, "eps": 1.47, "epsdiluted": 1.47, "weightedAverageShsOut": 205970000, "weightedAverageShsOutDil": 206116000, "link": "https://www.sec.gov/Archives/edgar/data/1621434/000162828020002208/0001628280-20-002208-index.htm", "finalLink": "https://www.sec.gov/Archives/edgar/data/1621434/000162828020002208/bsm-20191231.htm", "calculatedOtherExpenses": 110467000, "calculatedOperatingExpenses": 173820000, "calculatedNetInterest": -21276000, "calculatedOtherIncome": 109425000, "calculatedIncomeNonControlling": 0, "calculatedEbitda": 235803000}, {"date": "2018-12-31", "symbol": "BSM", "reportedCurrency": "USD", "cik": "0001621434", "fillingDate": "2019-02-26", "acceptedDate": "2019-02-26 15:06:30", "calendarYear": "2018", "period": "FY", "revenue": 609568000, "costOfRevenue": 205432000, "grossProfit": 404136000, "grossProfitRatio": 0.6629875584, "researchAndDevelopmentExpenses": 0, "generalAndAdministrativeExpenses": 76712000, "sellingAndMarketingExpenses": 0, "sellingGeneralAndAdministrativeExpenses": 76712000, "otherExpenses": -2248000, "operatingExpenses": 85758000, "costAndExpenses": 291190000, "interestIncome": 183000, "interestExpense": 20756000, "depreciationAndAmortization": 122653000, "ebitda": 316313000, "ebitdaratio": 0.5189133944, "operatingIncome": 318381000, "operatingIncomeRatio": 0.5223059609, "totalOtherIncomeExpensesNet": -2245000, "incomeBeforeTax": 295560000, "incomeBeforeTaxRatio": 0.4848679721, "incomeTaxExpense": -2065000, "netIncome": 295536000, "netIncomeRatio": 0.4848285999, "eps": 1.36, "epsdiluted": 1.36, "weightedAverageShsOut": 217610000, "weightedAverageShsOutDil": 217610000, "link": "https://www.sec.gov/Archives/edgar/data/1621434/000162828019001941/0001628280-19-001941-index.htm", "finalLink": "https://www.sec.gov/Archives/edgar/data/1621434/000162828019001941/bsm10-kdocx12312018.htm", "calculatedOtherExpenses": 9043000, "calculatedOperatingExpenses": 85755000, "calculatedNetInterest": -20573000, "calculatedOtherIncome": -2248000, "calculatedIncomeNonControlling": 2089000, "calculatedEbitda": 441034000}, {"date": "2017-12-31", "symbol": "BSM", "reportedCurrency": "USD", "cik": "0001621434", "fillingDate": "2018-02-28", "acceptedDate": "2018-02-28 17:24:35", "calendarYear": "2017", "period": "FY", "revenue": 429659000, "costOfRevenue": 179288000, "grossProfit": 250371000, "grossProfitRatio": 0.5827202502, "researchAndDevelopmentExpenses": 0, "generalAndAdministrativeExpenses": 77574000, "sellingAndMarketingExpenses": 0, "sellingGeneralAndAdministrativeExpenses": 77574000, "otherExpenses": 714000, "operatingExpenses": 79218000, "costAndExpenses": 258506000, "interestIncome": 49000, "interestExpense": 15694000, "depreciationAndAmortization": 114534000, "ebitda": 171916000, "ebitdaratio": 0.4001219572, "operatingIncome": 172084000, "operatingIncomeRatio": 0.4005129649, "totalOtherIncomeExpensesNet": 1645000, "incomeBeforeTax": 157153000, "incomeBeforeTaxRatio": 0.3657621509, "incomeTaxExpense": -98160000, "netIncome": 157187000, "netIncomeRatio": 0.3658412834, "eps": 1.01, "epsdiluted": 1.01, "weightedAverageShsOut": 192549000, "weightedAverageShsOutDil": 192549000, "link": "https://www.sec.gov/Archives/edgar/data/1621434/000162828018002529/0001628280-18-002529-index.htm", "finalLink": "https://www.sec.gov/Archives/edgar/data/1621434/000162828018002529/bsm10-kdocx12312017.htm", "calculatedOtherExpenses": 713000, "calculatedOperatingExpenses": 78287000, "calculatedNetInterest": -15645000, "calculatedOtherIncome": 714000, "calculatedIncomeNonControlling": 98126000, "calculatedEbitda": 286618000}, {"date": "2016-12-31", "symbol": "BSM", "reportedCurrency": "USD", "cik": "0001621434", "fillingDate": "2017-03-01", "acceptedDate": "2017-03-01 15:42:59", "calendarYear": "2016", "period": "FY", "revenue": 260833000, "costOfRevenue": 156706000, "grossProfit": 104127000, "grossProfitRatio": 0.3992094559, "researchAndDevelopmentExpenses": 0, "generalAndAdministrativeExpenses": 73139000, "sellingAndMarketingExpenses": 0, "sellingGeneralAndAdministrativeExpenses": 73139000, "otherExpenses": -390000, "operatingExpenses": 74676000, "costAndExpenses": 231382000, "interestIncome": 656000, "interestExpense": 7547000, "depreciationAndAmortization": 102487000, "ebitda": 29717000, "ebitdaratio": 0.113931136, "operatingIncome": 27469000, "operatingIncomeRatio": 0.1053125946, "totalOtherIncomeExpensesNet": -2372000, "incomeBeforeTax": 20188000, "incomeBeforeTaxRatio": 0.077398182, "incomeTaxExpense": -95342000, "netIncome": 20200000, "netIncomeRatio": 0.0774441884, "eps": 0.26, "epsdiluted": 0.26, "weightedAverageShsOut": 191211000, "weightedAverageShsOutDil": 191833000, "link": "https://www.sec.gov/Archives/edgar/data/1621434/000162828017002039/0001628280-17-002039-index.htm", "finalLink": "https://www.sec.gov/Archives/edgar/data/1621434/000162828017002039/bsm10-kdoc.htm", "calculatedOtherExpenses": 3519000, "calculatedOperatingExpenses": 76658000, "calculatedNetInterest": -6891000, "calculatedOtherIncome": -390000, "calculatedIncomeNonControlling": 95330000, "calculatedEbitda": 129956000}, {"date": "2015-12-31", "symbol": "BSM", "reportedCurrency": "USD", "cik": "0001621434", "fillingDate": "2016-03-08", "acceptedDate": "2016-03-08 16:49:30", "calendarYear": "2015", "period": "FY", "revenue": 392924000, "costOfRevenue": 161648000, "grossProfit": 231276000, "grossProfitRatio": 0.588602376, "researchAndDevelopmentExpenses": 0, "generalAndAdministrativeExpenses": 77175000, "sellingAndMarketingExpenses": 0, "sellingGeneralAndAdministrativeExpenses": 77175000, "otherExpenses": 910000, "operatingExpenses": 82435000, "costAndExpenses": 244083000, "interestIncome": 58000, "interestExpense": 6418000, "depreciationAndAmortization": 104298000, "ebitda": 149809000, "ebitdaratio": 0.3812671153, "operatingIncome": -95855000, "operatingIncomeRatio": -0.2439530291, "totalOtherIncomeExpensesNet": -243786000, "incomeBeforeTax": -101305000, "incomeBeforeTaxRatio": -0.2578233959, "incomeTaxExpense": -97780000, "netIncome": -100495000, "netIncomeRatio": -0.2557619285, "eps": -0.53, "epsdiluted": -0.53, "weightedAverageShsOut": 191239000, "weightedAverageShsOutDil": 191239000, "link": "https://www.sec.gov/Archives/edgar/data/1621434/000156459016014218/0001564590-16-014218-index.htm", "finalLink": "https://www.sec.gov/Archives/edgar/data/1621434/000156459016014218/bsm-10k_20151231.htm", "calculatedOtherExpenses": 249956000, "calculatedOperatingExpenses": 327131000, "calculatedNetInterest": -6360000, "calculatedOtherIncome": 910000, "calculatedIncomeNonControlling": 96970000, "calculatedEbitda": 8443000}, {"date": "2014-12-31", "symbol": "BSM", "reportedCurrency": "USD", "cik": "0001621434", "fillingDate": "2014-12-31", "acceptedDate": "2014-12-30 19:00:00", "calendarYear": "2014", "period": "FY", "revenue": 548321000, "costOfRevenue": 184825000, "grossProfit": 363496000, "grossProfitRatio": 0.6629255491, "researchAndDevelopmentExpenses": 0, "generalAndAdministrativeExpenses": 62765000, "sellingAndMarketingExpenses": 0, "sellingGeneralAndAdministrativeExpenses": 62765000, "otherExpenses": 959000, "operatingExpenses": 63825000, "costAndExpenses": 248650000, "interestIncome": 28000, "interestExpense": 13509000, "depreciationAndAmortization": 111962000, "ebitda": 412620000, "ebitdaratio": 0.7525154061, "operatingIncome": 181709000, "operatingIncomeRatio": 0.3313916483, "totalOtherIncomeExpensesNet": -117003000, "incomeBeforeTax": 169187000, "incomeBeforeTaxRatio": 0.3085546605, "incomeTaxExpense": 13304000, "netIncome": 170351000, "netIncomeRatio": 0.3106775046, "eps": 0.81, "epsdiluted": 0.81, "weightedAverageShsOut": 187009000, "weightedAverageShsOutDil": 190266666, "link": "", "finalLink": "", "calculatedOtherExpenses": 119022000, "calculatedOperatingExpenses": 181787000, "calculatedNetInterest": -13481000, "calculatedOtherIncome": 959000, "calculatedIncomeNonControlling": -14468000, "calculatedEbitda": 293671000}, {"date": "2013-12-31", "symbol": "BSM", "reportedCurrency": "USD", "cik": "0001621434", "fillingDate": "2013-12-31", "acceptedDate": "2013-12-30 19:00:00", "calendarYear": "2013", "period": "FY", "revenue": 463559000, "costOfRevenue": 166397000, "grossProfit": 297162000, "grossProfitRatio": 0.6410446135, "researchAndDevelopmentExpenses": 0, "generalAndAdministrativeExpenses": 59501000, "sellingAndMarketingExpenses": 0, "sellingGeneralAndAdministrativeExpenses": 59501000, "otherExpenses": 407000, "operatingExpenses": 60263000, "costAndExpenses": 226660000, "interestIncome": 90000, "interestExpense": 11342000, "depreciationAndAmortization": 102442000, "ebitda": 339838000, "ebitdaratio": 0.7331062497, "operatingIncome": 179808000, "operatingIncomeRatio": 0.3878859002, "totalOtherIncomeExpensesNet": -56684000, "incomeBeforeTax": 168963000, "incomeBeforeTaxRatio": 0.3644908199, "incomeTaxExpense": 168963000, "netIncome": 0, "netIncomeRatio": 0, "eps": 0, "epsdiluted": 0, "weightedAverageShsOut": 190266666, "weightedAverageShsOutDil": 190266666, "link": "", "finalLink": "", "calculatedOtherExpenses": 57853000, "calculatedOperatingExpenses": 117354000, "calculatedNetInterest": -11252000, "calculatedOtherIncome": 407000, "calculatedIncomeNonControlling": 0, "calculatedEbitda": 282250000}]}