{"originalCurrency": "USD", "convertedCurrency": "USD", "report": [{"date": "2023-12-31", "symbol": "BSX", "reportedCurrency": "USD", "cik": "0000885725", "fillingDate": "2024-02-20", "acceptedDate": "2024-02-20 16:23:27", "calendarYear": "2023", "period": "FY", "revenue": 14240000000, "costOfRevenue": 4345000000, "grossProfit": 9895000000, "grossProfitRatio": 0.6948735955, "researchAndDevelopmentExpenses": 1414000000, "generalAndAdministrativeExpenses": 0, "sellingAndMarketingExpenses": 0, "sellingGeneralAndAdministrativeExpenses": 5190000000, "otherExpenses": -14000000, "operatingExpenses": 7478000000, "costAndExpenses": 11823000000, "interestIncome": 22000000, "interestExpense": 265000000, "depreciationAndAmortization": 1196000000, "ebitda": 3620000000, "ebitdaratio": 0.2542134831, "operatingIncome": 2343000000, "operatingIncomeRatio": 0.1645365169, "totalOtherIncomeExpensesNet": -188000000, "incomeBeforeTax": 1985000000, "incomeBeforeTaxRatio": 0.1393960674, "incomeTaxExpense": 393000000, "netIncome": 1593000000, "netIncomeRatio": 0.1118679775, "eps": 1.08, "epsdiluted": 1.07, "weightedAverageShsOut": 1453000000, "weightedAverageShsOutDil": 1463500000, "link": "https://www.sec.gov/Archives/edgar/data/885725/000088572524000017/0000885725-24-000017-index.htm", "finalLink": "https://www.sec.gov/Archives/edgar/data/885725/000088572524000017/bsx-20231231.htm", "calculatedOtherExpenses": 948000000, "calculatedOperatingExpenses": 7552000000, "calculatedNetInterest": -243000000, "calculatedOtherIncome": -115000000, "calculatedIncomeNonControlling": -1000000, "calculatedEbitda": 3539000000}, {"date": "2022-12-31", "symbol": "BSX", "reportedCurrency": "USD", "cik": "0000885725", "fillingDate": "2023-02-23", "acceptedDate": "2023-02-23 16:20:14", "calendarYear": "2022", "period": "FY", "revenue": 12682000000, "costOfRevenue": 4003000000, "grossProfit": 8679000000, "grossProfitRatio": 0.6843557798, "researchAndDevelopmentExpenses": 1323000000, "generalAndAdministrativeExpenses": 0, "sellingAndMarketingExpenses": 0, "sellingGeneralAndAdministrativeExpenses": 4520000000, "otherExpenses": 803000000, "operatingExpenses": 6646000000, "costAndExpenses": 10649000000, "interestIncome": 10000000, "interestExpense": 470000000, "depreciationAndAmortization": 1151000000, "ebitda": 2800000000, "ebitdaratio": 0.2207853651, "operatingIncome": 1649000000, "operatingIncomeRatio": 0.1300268097, "totalOtherIncomeExpensesNet": -508000000, "incomeBeforeTax": 1141000000, "incomeBeforeTaxRatio": 0.0899700363, "incomeTaxExpense": 443000000, "netIncome": 698000000, "netIncomeRatio": 0.0550386374, "eps": 0.45, "epsdiluted": 0.45, "weightedAverageShsOut": 1430500000, "weightedAverageShsOutDil": 1439700000, "link": "https://www.sec.gov/Archives/edgar/data/885725/000088572523000008/0000885725-23-000008-index.htm", "finalLink": "https://www.sec.gov/Archives/edgar/data/885725/000088572523000008/bsx-20221231.htm", "calculatedOtherExpenses": 1187000000, "calculatedOperatingExpenses": 7030000000, "calculatedNetInterest": -460000000, "calculatedOtherIncome": -48000000, "calculatedIncomeNonControlling": 0, "calculatedEbitda": 2800000000}, {"date": "2021-12-31", "symbol": "BSX", "reportedCurrency": "USD", "cik": "0000885725", "fillingDate": "2022-02-23", "acceptedDate": "2022-02-23 16:34:25", "calendarYear": "2021", "period": "FY", "revenue": 11888000000, "costOfRevenue": 3760000000, "grossProfit": 8128000000, "grossProfitRatio": 0.6837146703, "researchAndDevelopmentExpenses": 1204000000, "generalAndAdministrativeExpenses": 0, "sellingAndMarketingExpenses": 0, "sellingGeneralAndAdministrativeExpenses": 4359000000, "otherExpenses": 741000000, "operatingExpenses": 6304000000, "costAndExpenses": 10064000000, "interestIncome": 4000000, "interestExpense": 341000000, "depreciationAndAmortization": 741000000, "ebitda": 2784000000, "ebitdaratio": 0.2341857335, "operatingIncome": 2043000000, "operatingIncomeRatio": 0.1718539704, "totalOtherIncomeExpensesNet": -967000000, "incomeBeforeTax": 1076000000, "incomeBeforeTaxRatio": 0.0905114401, "incomeTaxExpense": 36000000, "netIncome": 1041000000, "netIncomeRatio": 0.0875672948, "eps": 0.69, "epsdiluted": 0.69, "weightedAverageShsOut": 1422300000, "weightedAverageShsOutDil": 1433800000, "link": "https://www.sec.gov/Archives/edgar/data/885725/000088572522000006/0000885725-22-000006-index.htm", "finalLink": "https://www.sec.gov/Archives/edgar/data/885725/000088572522000006/bsx-20211231.htm", "calculatedOtherExpenses": 522000000, "calculatedOperatingExpenses": 6085000000, "calculatedNetInterest": -337000000, "calculatedOtherIncome": -630000000, "calculatedIncomeNonControlling": -1000000, "calculatedEbitda": 2784000000}, {"date": "2020-12-31", "symbol": "BSX", "reportedCurrency": "USD", "cik": "0000885725", "fillingDate": "2021-02-23", "acceptedDate": "2021-02-23 16:21:50", "calendarYear": "2020", "period": "FY", "revenue": 9913000000, "costOfRevenue": 3510000000, "grossProfit": 6403000000, "grossProfitRatio": 0.6459194996, "researchAndDevelopmentExpenses": 1143000000, "generalAndAdministrativeExpenses": 0, "sellingAndMarketingExpenses": 0, "sellingGeneralAndAdministrativeExpenses": 3787000000, "otherExpenses": 789000000, "operatingExpenses": 5719000000, "costAndExpenses": 9229000000, "interestIncome": 3000000, "interestExpense": 361000000, "depreciationAndAmortization": 789000000, "ebitda": 1833000000, "ebitdaratio": 0.1849087057, "operatingIncome": 1044000000, "operatingIncomeRatio": 0.1053162514, "totalOtherIncomeExpensesNet": -1182000000, "incomeBeforeTax": -138000000, "incomeBeforeTaxRatio": -0.0139211137, "incomeTaxExpense": 2000000, "netIncome": -140000000, "netIncomeRatio": -0.014122869, "eps": -0.0988, "epsdiluted": -0.0988, "weightedAverageShsOut": 1416700000, "weightedAverageShsOutDil": 1416700000, "link": "https://www.sec.gov/Archives/edgar/data/885725/000088572521000008/0000885725-21-000008-index.htm", "finalLink": "https://www.sec.gov/Archives/edgar/data/885725/000088572521000008/bsx-20201231.htm", "calculatedOtherExpenses": 429000000, "calculatedOperatingExpenses": 5359000000, "calculatedNetInterest": -358000000, "calculatedOtherIncome": -824000000, "calculatedIncomeNonControlling": 0, "calculatedEbitda": 1833000000}, {"date": "2019-12-31", "symbol": "BSX", "reportedCurrency": "USD", "cik": "0000885725", "fillingDate": "2020-02-25", "acceptedDate": "2020-02-25 16:58:01", "calendarYear": "2019", "period": "FY", "revenue": 10735000000, "costOfRevenue": 3181000000, "grossProfit": 7554000000, "grossProfitRatio": 0.7036795529, "researchAndDevelopmentExpenses": 1174000000, "generalAndAdministrativeExpenses": 0, "sellingAndMarketingExpenses": 0, "sellingGeneralAndAdministrativeExpenses": 3941000000, "otherExpenses": 699000000, "operatingExpenses": 5814000000, "costAndExpenses": 8995000000, "interestIncome": 30000000, "interestExpense": 473000000, "depreciationAndAmortization": 564000000, "ebitda": 2082000000, "ebitdaratio": 0.1939450396, "operatingIncome": 1518000000, "operatingIncomeRatio": 0.1414066139, "totalOtherIncomeExpensesNet": -831000000, "incomeBeforeTax": 687000000, "incomeBeforeTaxRatio": 0.0639962739, "incomeTaxExpense": -4013000000, "netIncome": 4700000000, "netIncomeRatio": 0.4378202143, "eps": 3.38, "epsdiluted": 3.33, "weightedAverageShsOut": 1391500000, "weightedAverageShsOutDil": 1410600000, "link": "https://www.sec.gov/Archives/edgar/data/885725/000088572520000012/0000885725-20-000012-index.htm", "finalLink": "https://www.sec.gov/Archives/edgar/data/885725/000088572520000012/a2019form10-k.htm", "calculatedOtherExpenses": 921000000, "calculatedOperatingExpenses": 6036000000, "calculatedNetInterest": -443000000, "calculatedOtherIncome": -388000000, "calculatedIncomeNonControlling": 0, "calculatedEbitda": 2082000000}, {"date": "2018-12-31", "symbol": "BSX", "reportedCurrency": "USD", "cik": "0000885725", "fillingDate": "2019-02-19", "acceptedDate": "2019-02-19 17:21:15", "calendarYear": "2018", "period": "FY", "revenue": 9823000000, "costOfRevenue": 2883000000, "grossProfit": 6940000000, "grossProfitRatio": 0.706505141, "researchAndDevelopmentExpenses": 1113000000, "generalAndAdministrativeExpenses": 3569000000, "sellingAndMarketingExpenses": 0, "sellingGeneralAndAdministrativeExpenses": 3569000000, "otherExpenses": 156000000, "operatingExpenses": 5281000000, "costAndExpenses": 8164000000, "interestIncome": 3000000, "interestExpense": 241000000, "depreciationAndAmortization": 599000000, "ebitda": 2415000000, "ebitdaratio": 0.2458515728, "operatingIncome": 1506000000, "operatingIncomeRatio": 0.1533136516, "totalOtherIncomeExpensesNet": 3000000, "incomeBeforeTax": 1422000000, "incomeBeforeTaxRatio": 0.1447622926, "incomeTaxExpense": -249000000, "netIncome": 1671000000, "netIncomeRatio": 0.1701109641, "eps": 1.21, "epsdiluted": 1.19, "weightedAverageShsOut": 1381000000, "weightedAverageShsOutDil": 1401400000, "link": "https://www.sec.gov/Archives/edgar/data/885725/000088572519000011/0000885725-19-000011-index.htm", "finalLink": "https://www.sec.gov/Archives/edgar/data/885725/000088572519000011/a2018form10-k.htm", "calculatedOtherExpenses": 752000000, "calculatedOperatingExpenses": 5434000000, "calculatedNetInterest": -238000000, "calculatedOtherIncome": 154000000, "calculatedIncomeNonControlling": 0, "calculatedEbitda": 2105000000}, {"date": "2017-12-31", "symbol": "BSX", "reportedCurrency": "USD", "cik": "0000885725", "fillingDate": "2018-02-20", "acceptedDate": "2018-02-20 06:20:01", "calendarYear": "2017", "period": "FY", "revenue": 9048000000, "costOfRevenue": 2661000000, "grossProfit": 6387000000, "grossProfitRatio": 0.7059018568, "researchAndDevelopmentExpenses": 997000000, "generalAndAdministrativeExpenses": 3294000000, "sellingAndMarketingExpenses": 0, "sellingGeneralAndAdministrativeExpenses": 3294000000, "otherExpenses": -124000000, "operatingExpenses": 4856000000, "costAndExpenses": 7517000000, "interestIncome": 5000000, "interestExpense": 229000000, "depreciationAndAmortization": 565000000, "ebitda": 1973000000, "ebitdaratio": 0.2180592396, "operatingIncome": 1285000000, "operatingIncomeRatio": 0.142020336, "totalOtherIncomeExpensesNet": -370000000, "incomeBeforeTax": 933000000, "incomeBeforeTaxRatio": 0.1031167109, "incomeTaxExpense": 828000000, "netIncome": 104000000, "netIncomeRatio": 0.0114942529, "eps": 0.0759, "epsdiluted": 0.0747, "weightedAverageShsOut": 1370100000, "weightedAverageShsOutDil": 1392700000, "link": "https://www.sec.gov/Archives/edgar/data/885725/000088572518000010/0000885725-18-000010-index.htm", "finalLink": "https://www.sec.gov/Archives/edgar/data/885725/000088572518000010/a2017form10-k.htm", "calculatedOtherExpenses": 811000000, "calculatedOperatingExpenses": 5102000000, "calculatedNetInterest": -224000000, "calculatedOtherIncome": -128000000, "calculatedIncomeNonControlling": 1000000, "calculatedEbitda": 1850000000}, {"date": "2016-12-31", "symbol": "BSX", "reportedCurrency": "USD", "cik": "0000885725", "fillingDate": "2017-02-23", "acceptedDate": "2017-02-23 16:07:23", "calendarYear": "2016", "period": "FY", "revenue": 8386000000, "costOfRevenue": 2503000000, "grossProfit": 5883000000, "grossProfitRatio": 0.7015263534, "researchAndDevelopmentExpenses": 920000000, "generalAndAdministrativeExpenses": 3099000000, "sellingAndMarketingExpenses": 0, "sellingGeneralAndAdministrativeExpenses": 3099000000, "otherExpenses": -37000000, "operatingExpenses": 4564000000, "costAndExpenses": 7067000000, "interestIncome": 5000000, "interestExpense": 233000000, "depreciationAndAmortization": 545000000, "ebitda": 1827000000, "ebitdaratio": 0.2178631052, "operatingIncome": 447000000, "operatingIncomeRatio": 0.0533031243, "totalOtherIncomeExpensesNet": -909000000, "incomeBeforeTax": 177000000, "incomeBeforeTaxRatio": 0.0211066062, "incomeTaxExpense": -170000000, "netIncome": 347000000, "netIncomeRatio": 0.041378488, "eps": 0.26, "epsdiluted": 0.25, "weightedAverageShsOut": 1357600000, "weightedAverageShsOutDil": 1377200000, "link": "https://www.sec.gov/Archives/edgar/data/885725/000088572517000006/0000885725-17-000006-index.htm", "finalLink": "https://www.sec.gov/Archives/edgar/data/885725/000088572517000006/a2016form10-k.htm", "calculatedOtherExpenses": 1417000000, "calculatedOperatingExpenses": 5436000000, "calculatedNetInterest": -228000000, "calculatedOtherIncome": -42000000, "calculatedIncomeNonControlling": 0, "calculatedEbitda": 992000000}, {"date": "2015-12-31", "symbol": "BSX", "reportedCurrency": "USD", "cik": "0000885725", "fillingDate": "2016-02-24", "acceptedDate": "2016-02-24 16:10:02", "calendarYear": "2015", "period": "FY", "revenue": 7477000000, "costOfRevenue": 2243000000, "grossProfit": 5234000000, "grossProfitRatio": 0.7000133743, "researchAndDevelopmentExpenses": 876000000, "generalAndAdministrativeExpenses": 2873000000, "sellingAndMarketingExpenses": 0, "sellingGeneralAndAdministrativeExpenses": 2873000000, "otherExpenses": -39000000, "operatingExpenses": 4244000000, "costAndExpenses": 6487000000, "interestIncome": 5000000, "interestExpense": 284000000, "depreciationAndAmortization": 495000000, "ebitda": 1446000000, "ebitdaratio": 0.1933930721, "operatingIncome": -327000000, "operatingIncomeRatio": -0.043734118, "totalOtherIncomeExpensesNet": -1356000000, "incomeBeforeTax": -650000000, "incomeBeforeTaxRatio": -0.086933262, "incomeTaxExpense": -411000000, "netIncome": -239000000, "netIncomeRatio": -0.0319646917, "eps": -0.18, "epsdiluted": -0.18, "weightedAverageShsOut": 1327777777, "weightedAverageShsOutDil": 1341200000, "link": "https://www.sec.gov/Archives/edgar/data/885725/000088572516000028/0000885725-16-000028-index.htm", "finalLink": "https://www.sec.gov/Archives/edgar/data/885725/000088572516000028/a2015form10-k.htm", "calculatedOtherExpenses": 1812000000, "calculatedOperatingExpenses": 5561000000, "calculatedNetInterest": -279000000, "calculatedOtherIncome": -44000000, "calculatedIncomeNonControlling": 0, "calculatedEbitda": 168000000}, {"date": "2014-12-31", "symbol": "BSX", "reportedCurrency": "USD", "cik": "0000885725", "fillingDate": "2015-02-25", "acceptedDate": "2015-02-25 16:11:03", "calendarYear": "2014", "period": "FY", "revenue": 7380000000, "costOfRevenue": 2321000000, "grossProfit": 5059000000, "grossProfitRatio": 0.685501355, "researchAndDevelopmentExpenses": 817000000, "generalAndAdministrativeExpenses": 2902000000, "sellingAndMarketingExpenses": 0, "sellingGeneralAndAdministrativeExpenses": 2902000000, "otherExpenses": 8000000, "operatingExpenses": 4157000000, "costAndExpenses": 6478000000, "interestIncome": 5000000, "interestExpense": 216000000, "depreciationAndAmortization": 438000000, "ebitda": 1348000000, "ebitdaratio": 0.1826558266, "operatingIncome": 299000000, "operatingIncomeRatio": 0.0405149051, "totalOtherIncomeExpensesNet": -595000000, "incomeBeforeTax": 91000000, "incomeBeforeTaxRatio": 0.0123306233, "incomeTaxExpense": -176000000, "netIncome": 267000000, "netIncomeRatio": 0.0361788618, "eps": 0.2, "epsdiluted": 0.2, "weightedAverageShsOut": 1324300000, "weightedAverageShsOutDil": 1348000000, "link": "https://www.sec.gov/Archives/edgar/data/885725/000088572515000006/0000885725-15-000006-index.htm", "finalLink": "https://www.sec.gov/Archives/edgar/data/885725/000088572515000006/a2014form10-k.htm", "calculatedOtherExpenses": 1041000000, "calculatedOperatingExpenses": 4760000000, "calculatedNetInterest": -211000000, "calculatedOtherIncome": 3000000, "calculatedIncomeNonControlling": 0, "calculatedEbitda": 737000000}, {"date": "2013-12-31", "symbol": "BSX", "reportedCurrency": "USD", "cik": "0000885725", "fillingDate": "2014-02-26", "acceptedDate": "2014-02-26 16:47:07", "calendarYear": "2013", "period": "FY", "revenue": 7143000000, "costOfRevenue": 2314000000, "grossProfit": 4829000000, "grossProfitRatio": 0.6760464791, "researchAndDevelopmentExpenses": 861000000, "generalAndAdministrativeExpenses": 2674000000, "sellingAndMarketingExpenses": 0, "sellingGeneralAndAdministrativeExpenses": 2674000000, "otherExpenses": -19000000, "operatingExpenses": 3945000000, "costAndExpenses": 6259000000, "interestIncome": 6000000, "interestExpense": 324000000, "depreciationAndAmortization": 410000000, "ebitda": 1275000000, "ebitdaratio": 0.1784964301, "operatingIncome": 120000000, "operatingIncomeRatio": 0.016799664, "totalOtherIncomeExpensesNet": -783000000, "incomeBeforeTax": -223000000, "incomeBeforeTaxRatio": -0.0312193756, "incomeTaxExpense": -102000000, "netIncome": -121000000, "netIncomeRatio": -0.0169396612, "eps": -0.0902, "epsdiluted": -0.0902, "weightedAverageShsOut": 1341200000, "weightedAverageShsOutDil": 1341200000, "link": "https://www.sec.gov/Archives/edgar/data/885725/000088572514000005/0000885725-14-000005-index.htm", "finalLink": "https://www.sec.gov/Archives/edgar/data/885725/000088572514000005/a2013form10-k.htm", "calculatedOtherExpenses": 1174000000, "calculatedOperatingExpenses": 4709000000, "calculatedNetInterest": -318000000, "calculatedOtherIncome": -25000000, "calculatedIncomeNonControlling": 0, "calculatedEbitda": 530000000}, {"date": "2012-12-31", "symbol": "BSX", "reportedCurrency": "USD", "cik": "0000885725", "fillingDate": "2013-02-22", "acceptedDate": "2013-02-22 16:02:54", "calendarYear": "2012", "period": "FY", "revenue": 7249000000, "costOfRevenue": 2502000000, "grossProfit": 4747000000, "grossProfitRatio": 0.6548489447, "researchAndDevelopmentExpenses": 886000000, "generalAndAdministrativeExpenses": 2535000000, "sellingAndMarketingExpenses": 0, "sellingGeneralAndAdministrativeExpenses": 2535000000, "otherExpenses": 22000000, "operatingExpenses": 3816000000, "costAndExpenses": 6318000000, "interestIncome": 5000000, "interestExpense": 261000000, "depreciationAndAmortization": 395000000, "ebitda": 1348000000, "ebitdaratio": 0.1859566837, "operatingIncome": -3868000000, "operatingIncomeRatio": -0.5335908401, "totalOtherIncomeExpensesNet": -4777000000, "incomeBeforeTax": -4107000000, "incomeBeforeTaxRatio": -0.566560905, "incomeTaxExpense": -39000000, "netIncome": -4068000000, "netIncomeRatio": -0.5611808525, "eps": -2.89, "epsdiluted": -2.89, "weightedAverageShsOut": 1406700000, "weightedAverageShsOutDil": 1406700000, "link": "https://www.sec.gov/Archives/edgar/data/885725/000088572513000007/0000885725-13-000007-index.htm", "finalLink": "https://www.sec.gov/Archives/edgar/data/885725/000088572513000007/a2012form10k.htm", "calculatedOtherExpenses": 5194000000, "calculatedOperatingExpenses": 8615000000, "calculatedNetInterest": -256000000, "calculatedOtherIncome": 17000000, "calculatedIncomeNonControlling": 0, "calculatedEbitda": -3473000000}, {"date": "2011-12-31", "symbol": "BSX", "reportedCurrency": "USD", "cik": "0000885725", "fillingDate": "2012-02-17", "acceptedDate": "2012-02-17 16:40:03", "calendarYear": "2011", "period": "FY", "revenue": 7622000000, "costOfRevenue": 2659000000, "grossProfit": 4963000000, "grossProfitRatio": 0.6511414327, "researchAndDevelopmentExpenses": 895000000, "generalAndAdministrativeExpenses": 2659000000, "sellingAndMarketingExpenses": 0, "sellingGeneralAndAdministrativeExpenses": 2659000000, "otherExpenses": -309000000, "operatingExpenses": 3252000000, "costAndExpenses": 5911000000, "interestIncome": 0, "interestExpense": 281000000, "depreciationAndAmortization": 421000000, "ebitda": 2132000000, "ebitdaratio": 0.2797166098, "operatingIncome": 904000000, "operatingIncomeRatio": 0.1186040409, "totalOtherIncomeExpensesNet": -788000000, "incomeBeforeTax": 642000000, "incomeBeforeTaxRatio": 0.0842298609, "incomeTaxExpense": 201000000, "netIncome": 441000000, "netIncomeRatio": 0.0578588297, "eps": 0.29, "epsdiluted": 0.29, "weightedAverageShsOut": 1509300000, "weightedAverageShsOutDil": 1519000000, "link": "https://www.sec.gov/Archives/edgar/data/885725/000088572512000006/0000885725-12-000006-index.htm", "finalLink": "https://www.sec.gov/Archives/edgar/data/885725/000088572512000006/a2011form10k.htm", "calculatedOtherExpenses": 505000000, "calculatedOperatingExpenses": 4059000000, "calculatedNetInterest": -281000000, "calculatedOtherIncome": 19000000, "calculatedIncomeNonControlling": 0, "calculatedEbitda": 1325000000}, {"date": "2010-12-31", "symbol": "BSX", "reportedCurrency": "USD", "cik": "0000885725", "fillingDate": "2011-02-17", "acceptedDate": "2011-02-17 14:39:34", "calendarYear": "2010", "period": "FY", "revenue": 7806000000, "costOfRevenue": 2599000000, "grossProfit": 5207000000, "grossProfitRatio": 0.6670509864, "researchAndDevelopmentExpenses": 939000000, "generalAndAdministrativeExpenses": 2765000000, "sellingAndMarketingExpenses": 0, "sellingGeneralAndAdministrativeExpenses": 2765000000, "otherExpenses": 265000000, "operatingExpenses": 4217000000, "costAndExpenses": 6816000000, "interestIncome": 0, "interestExpense": 393000000, "depreciationAndAmortization": 513000000, "ebitda": 1503000000, "ebitdaratio": 0.1925441968, "operatingIncome": -656000000, "operatingIncomeRatio": -0.0840379195, "totalOtherIncomeExpensesNet": -1660000000, "incomeBeforeTax": -1063000000, "incomeBeforeTaxRatio": -0.1361772995, "incomeTaxExpense": 2000000, "netIncome": -1065000000, "netIncomeRatio": -0.1364335127, "eps": -0.7, "epsdiluted": -0.7, "weightedAverageShsOut": 1517800000, "weightedAverageShsOutDil": 1517800000, "link": "https://www.sec.gov/Archives/edgar/data/885725/000095012311015112/0000950123-11-015112-index.htm", "finalLink": "https://www.sec.gov/Archives/edgar/data/885725/000095012311015112/b83548e10vk.htm", "calculatedOtherExpenses": 2159000000, "calculatedOperatingExpenses": 5863000000, "calculatedNetInterest": -393000000, "calculatedOtherIncome": -14000000, "calculatedIncomeNonControlling": 0, "calculatedEbitda": -143000000}, {"date": "2009-12-31", "symbol": "BSX", "reportedCurrency": "USD", "cik": "0000885725", "fillingDate": "2010-02-26", "acceptedDate": "2010-02-25 19:40:11", "calendarYear": "2009", "period": "FY", "revenue": 8188000000, "costOfRevenue": 2576000000, "grossProfit": 5612000000, "grossProfitRatio": 0.6853932584, "researchAndDevelopmentExpenses": 1035000000, "generalAndAdministrativeExpenses": 4848000000, "sellingAndMarketingExpenses": 0, "sellingGeneralAndAdministrativeExpenses": 4848000000, "otherExpenses": 527000000, "operatingExpenses": 6410000000, "costAndExpenses": 8986000000, "interestIncome": 0, "interestExpense": 407000000, "depreciationAndAmortization": 511000000, "ebitda": -287000000, "ebitdaratio": -0.0350512946, "operatingIncome": -894000000, "operatingIncomeRatio": -0.109184172, "totalOtherIncomeExpensesNet": -103000000, "incomeBeforeTax": -1308000000, "incomeBeforeTaxRatio": -0.1597459697, "incomeTaxExpense": -283000000, "netIncome": -1025000000, "netIncomeRatio": -0.1251831949, "eps": -0.68, "epsdiluted": -0.68, "weightedAverageShsOut": 1507900000, "weightedAverageShsOutDil": 1507900000, "link": "https://www.sec.gov/Archives/edgar/data/885725/000095012310017254/0000950123-10-017254-index.htm", "finalLink": "https://www.sec.gov/Archives/edgar/data/885725/000095012310017254/b78158e10vk.htm", "calculatedOtherExpenses": 623000000, "calculatedOperatingExpenses": 6506000000, "calculatedNetInterest": -407000000, "calculatedOtherIncome": -7000000, "calculatedIncomeNonControlling": 0, "calculatedEbitda": -383000000}, {"date": "2008-12-31", "symbol": "BSX", "reportedCurrency": "USD", "cik": "0000885725", "fillingDate": "2009-02-27", "acceptedDate": "2009-02-27 16:05:41", "calendarYear": "2008", "period": "FY", "revenue": 8050000000, "costOfRevenue": 2469000000, "grossProfit": 5581000000, "grossProfitRatio": 0.6932919255, "researchAndDevelopmentExpenses": 1006000000, "generalAndAdministrativeExpenses": 2792000000, "sellingAndMarketingExpenses": -226000000, "sellingGeneralAndAdministrativeExpenses": 2566000000, "otherExpenses": 293000000, "operatingExpenses": 7039000000, "costAndExpenses": 9508000000, "interestIncome": 0, "interestExpense": 468000000, "depreciationAndAmortization": 543000000, "ebitda": -915000000, "ebitdaratio": -0.1136645963, "operatingIncome": -1536000000, "operatingIncomeRatio": -0.1908074534, "totalOtherIncomeExpensesNet": -136000000, "incomeBeforeTax": -2062000000, "incomeBeforeTaxRatio": -0.2561490683, "incomeTaxExpense": 10000000, "netIncome": -2072000000, "netIncomeRatio": -0.2573913043, "eps": -1.38, "epsdiluted": -1.38, "weightedAverageShsOut": 1498500000, "weightedAverageShsOutDil": 1498500000, "link": "https://www.sec.gov/Archives/edgar/data/885725/000107261309000419/0001072613-09-000419-index.htm", "finalLink": "https://www.sec.gov/Archives/edgar/data/885725/000107261309000419/form10-k_16329.htm", "calculatedOtherExpenses": 3545000000, "calculatedOperatingExpenses": 7117000000, "calculatedNetInterest": -468000000, "calculatedOtherIncome": -58000000, "calculatedIncomeNonControlling": 0, "calculatedEbitda": -993000000}, {"date": "2007-12-31", "symbol": "BSX", "reportedCurrency": "USD", "cik": "0000885725", "fillingDate": "2008-02-28", "acceptedDate": "2008-02-27 20:47:35", "calendarYear": "2007", "period": "FY", "revenue": 8357000000, "costOfRevenue": 2342000000, "grossProfit": 6015000000, "grossProfitRatio": 0.7197558933, "researchAndDevelopmentExpenses": 1091000000, "generalAndAdministrativeExpenses": 2909000000, "sellingAndMarketingExpenses": 0, "sellingGeneralAndAdministrativeExpenses": 2909000000, "otherExpenses": 1768000000, "operatingExpenses": 5768000000, "costAndExpenses": 8110000000, "interestIncome": 0, "interestExpense": -570000000, "depreciationAndAmortization": 939000000, "ebitda": 2559000000, "ebitdaratio": 0.3062103626, "operatingIncome": -14000000, "operatingIncomeRatio": -0.0016752423, "totalOtherIncomeExpensesNet": -1373000000, "incomeBeforeTax": -569000000, "incomeBeforeTaxRatio": -0.068086634, "incomeTaxExpense": -74000000, "netIncome": -495000000, "netIncomeRatio": -0.0592317817, "eps": -0.33, "epsdiluted": -0.33, "weightedAverageShsOut": 1486900000, "weightedAverageShsOutDil": 1486900000, "link": "https://www.sec.gov/Archives/edgar/data/885725/000107261308000584/0001072613-08-000584-index.htm", "finalLink": "https://www.sec.gov/Archives/edgar/data/885725/000107261308000584/form10-k_15759.htm", "calculatedOtherExpenses": 2029000000, "calculatedOperatingExpenses": 6029000000, "calculatedNetInterest": 570000000, "calculatedOtherIncome": -1125000000, "calculatedIncomeNonControlling": 0, "calculatedEbitda": 925000000}, {"date": "2006-12-31", "symbol": "BSX", "reportedCurrency": "USD", "cik": "0000885725", "fillingDate": "2007-03-01", "acceptedDate": "2007-03-01 17:03:47", "calendarYear": "2006", "period": "FY", "revenue": 7821000000, "costOfRevenue": 2207000000, "grossProfit": 5614000000, "grossProfitRatio": 0.7178110216, "researchAndDevelopmentExpenses": 1008000000, "generalAndAdministrativeExpenses": 2675000000, "sellingAndMarketingExpenses": 0, "sellingGeneralAndAdministrativeExpenses": 2675000000, "otherExpenses": 761000000, "operatingExpenses": 4444000000, "costAndExpenses": 6651000000, "interestIncome": 0, "interestExpense": 0, "depreciationAndAmortization": 781000000, "ebitda": 6519000000, "ebitdaratio": 0.8335251247, "operatingIncome": -2949000000, "operatingIncomeRatio": -0.3770617568, "totalOtherIncomeExpensesNet": -4568000000, "incomeBeforeTax": -3535000000, "incomeBeforeTaxRatio": -0.4519882368, "incomeTaxExpense": 42000000, "netIncome": -3577000000, "netIncomeRatio": -0.4573583941, "eps": -2.81, "epsdiluted": -2.81, "weightedAverageShsOut": 1273700000, "weightedAverageShsOutDil": 1273700000, "link": "https://www.sec.gov/Archives/edgar/data/885725/000107261307000570/0001072613-07-000570-index.htm", "finalLink": "https://www.sec.gov/Archives/edgar/data/885725/000107261307000570/form10-k_14949.htm", "calculatedOtherExpenses": 4880000000, "calculatedOperatingExpenses": 8563000000, "calculatedNetInterest": 0, "calculatedOtherIncome": -586000000, "calculatedIncomeNonControlling": 0, "calculatedEbitda": -2168000000}, {"date": "2005-12-31", "symbol": "BSX", "reportedCurrency": "USD", "cik": "0000885725", "fillingDate": "2006-03-01", "acceptedDate": "2006-03-01 15:32:35", "calendarYear": "2005", "period": "FY", "revenue": 6283000000, "costOfRevenue": 1386000000, "grossProfit": 4897000000, "grossProfitRatio": 0.779404743, "researchAndDevelopmentExpenses": 680000000, "generalAndAdministrativeExpenses": 1814000000, "sellingAndMarketingExpenses": 0, "sellingGeneralAndAdministrativeExpenses": 1814000000, "otherExpenses": 1159000000, "operatingExpenses": 3653000000, "costAndExpenses": 5039000000, "interestIncome": 0, "interestExpense": 0, "depreciationAndAmortization": 314000000, "ebitda": 2828000000, "ebitdaratio": 0.4501034538, "operatingIncome": 968000000, "operatingIncomeRatio": 0.1540665287, "totalOtherIncomeExpensesNet": -1270000000, "incomeBeforeTax": 891000000, "incomeBeforeTaxRatio": 0.1418112367, "incomeTaxExpense": 263000000, "netIncome": 628000000, "netIncomeRatio": 0.0999522521, "eps": 0.76, "epsdiluted": 0.75, "weightedAverageShsOut": 826315789, "weightedAverageShsOutDil": 837333333, "link": "https://www.sec.gov/Archives/edgar/data/885725/000104746906002665/0001047469-06-002665-index.htm", "finalLink": "https://www.sec.gov/Archives/edgar/data/885725/000104746906002665/a2167817z10-k.htm", "calculatedOtherExpenses": 1435000000, "calculatedOperatingExpenses": 3929000000, "calculatedNetInterest": 0, "calculatedOtherIncome": -77000000, "calculatedIncomeNonControlling": 0, "calculatedEbitda": 1282000000}, {"date": "2004-12-31", "symbol": "BSX", "reportedCurrency": "USD", "cik": "0000885725", "fillingDate": "2005-03-16", "acceptedDate": "2005-03-16 15:34:03", "calendarYear": "2004", "period": "FY", "revenue": 5624000000, "costOfRevenue": 1292000000, "grossProfit": 4332000000, "grossProfitRatio": 0.7702702703, "researchAndDevelopmentExpenses": 569000000, "generalAndAdministrativeExpenses": 1742000000, "sellingAndMarketingExpenses": 0, "sellingGeneralAndAdministrativeExpenses": 1742000000, "otherExpenses": 382000000, "operatingExpenses": 2693000000, "costAndExpenses": 3985000000, "interestIncome": 0, "interestExpense": 0, "depreciationAndAmortization": 275000000, "ebitda": 2265000000, "ebitdaratio": 0.4027382646, "operatingIncome": 1574000000, "operatingIncomeRatio": 0.2798719772, "totalOtherIncomeExpensesNet": -351000000, "incomeBeforeTax": 1494000000, "incomeBeforeTaxRatio": 0.2656472262, "incomeTaxExpense": 432000000, "netIncome": 1062000000, "netIncomeRatio": 0.1888335704, "eps": 1.27, "epsdiluted": 1.24, "weightedAverageShsOut": 836220472, "weightedAverageShsOutDil": 856451613, "link": "https://www.sec.gov/Archives/edgar/data/885725/000095013505001479/0000950135-05-001479-index.htm", "finalLink": "https://www.sec.gov/Archives/edgar/data/885725/000095013505001479/b53222bse10vk.htm", "calculatedOtherExpenses": 447000000, "calculatedOperatingExpenses": 2758000000, "calculatedNetInterest": 0, "calculatedOtherIncome": -80000000, "calculatedIncomeNonControlling": 0, "calculatedEbitda": 1849000000}, {"date": "2003-12-31", "symbol": "BSX", "reportedCurrency": "USD", "cik": "0000885725", "fillingDate": "2004-03-15", "acceptedDate": "2004-03-15 15:39:08", "calendarYear": "2003", "period": "FY", "revenue": 3476000000, "costOfRevenue": 961000000, "grossProfit": 2515000000, "grossProfitRatio": 0.7235327963, "researchAndDevelopmentExpenses": 452000000, "generalAndAdministrativeExpenses": 1171000000, "sellingAndMarketingExpenses": 0, "sellingGeneralAndAdministrativeExpenses": 1171000000, "otherExpenses": 158000000, "operatingExpenses": 1781000000, "costAndExpenses": 2742000000, "interestIncome": 0, "interestExpense": 0, "depreciationAndAmortization": 196000000, "ebitda": 1044000000, "ebitdaratio": 0.3003452244, "operatingIncome": 697000000, "operatingIncomeRatio": 0.2005178366, "totalOtherIncomeExpensesNet": -114000000, "incomeBeforeTax": 643000000, "incomeBeforeTaxRatio": 0.1849827388, "incomeTaxExpense": 171000000, "netIncome": 472000000, "netIncomeRatio": 0.1357882624, "eps": 0.57, "epsdiluted": 0.56, "weightedAverageShsOut": 828070175, "weightedAverageShsOutDil": 842857143, "link": "https://www.sec.gov/Archives/edgar/data/885725/000095013504001301/0000950135-04-001301-index.htm", "finalLink": "https://www.sec.gov/Archives/edgar/data/885725/000095013504001301/b48996bse10vk.txt", "calculatedOtherExpenses": 195000000, "calculatedOperatingExpenses": 1818000000, "calculatedNetInterest": 0, "calculatedOtherIncome": -54000000, "calculatedIncomeNonControlling": 0, "calculatedEbitda": 893000000}, {"date": "2002-12-31", "symbol": "BSX", "reportedCurrency": "USD", "cik": "0000885725", "fillingDate": "2003-03-31", "acceptedDate": "2003-03-31 12:00:45", "calendarYear": "2002", "period": "FY", "revenue": 2919000000, "costOfRevenue": 870000000, "grossProfit": 2049000000, "grossProfitRatio": 0.7019527235, "researchAndDevelopmentExpenses": 343000000, "generalAndAdministrativeExpenses": 1002000000, "sellingAndMarketingExpenses": 0, "sellingGeneralAndAdministrativeExpenses": 1002000000, "otherExpenses": 9000000, "operatingExpenses": 1354000000, "costAndExpenses": 2224000000, "interestIncome": 0, "interestExpense": 0, "depreciationAndAmortization": 161000000, "ebitda": 896000000, "ebitdaratio": 0.3069544365, "operatingIncome": 610000000, "operatingIncomeRatio": 0.2089756766, "totalOtherIncomeExpensesNet": -40000000, "incomeBeforeTax": 549000000, "incomeBeforeTaxRatio": 0.1880781089, "incomeTaxExpense": 176000000, "netIncome": 373000000, "netIncomeRatio": 0.1277834875, "eps": 0.46, "epsdiluted": 0.45, "weightedAverageShsOut": 810869565, "weightedAverageShsOutDil": 828888889, "link": "https://www.sec.gov/Archives/edgar/data/885725/000095013503002096/0000950135-03-002096-index.htm", "finalLink": "https://www.sec.gov/Archives/edgar/data/885725/000095013503002096/b45658bse10vk.txt", "calculatedOtherExpenses": 94000000, "calculatedOperatingExpenses": 1439000000, "calculatedNetInterest": 0, "calculatedOtherIncome": -61000000, "calculatedIncomeNonControlling": 0, "calculatedEbitda": 771000000}, {"date": "2001-12-31", "symbol": "BSX", "reportedCurrency": "USD", "cik": "0000885725", "fillingDate": "2002-03-27", "acceptedDate": "2002-03-27 00:00:00", "calendarYear": "2001", "period": "FY", "revenue": 2673000000, "costOfRevenue": 919000000, "grossProfit": 1754000000, "grossProfitRatio": 0.6561915451, "researchAndDevelopmentExpenses": 275000000, "generalAndAdministrativeExpenses": 961000000, "sellingAndMarketingExpenses": 0, "sellingGeneralAndAdministrativeExpenses": 961000000, "otherExpenses": 136000000, "operatingExpenses": 1372000000, "costAndExpenses": 2291000000, "interestIncome": 0, "interestExpense": 0, "depreciationAndAmortization": 232000000, "ebitda": 893000000, "ebitdaratio": 0.3340815563, "operatingIncome": 100000000, "operatingIncomeRatio": 0.0374111485, "totalOtherIncomeExpensesNet": -279000000, "incomeBeforeTax": 44000000, "incomeBeforeTaxRatio": 0.0164609053, "incomeTaxExpense": 98000000, "netIncome": -54000000, "netIncomeRatio": -0.0202020202, "eps": -0.065, "epsdiluted": -0.065, "weightedAverageShsOut": 830769231, "weightedAverageShsOutDil": 830769231, "link": "https://www.sec.gov/Archives/edgar/data/885725/000091205702011989/0000912057-02-011989-index.htm", "finalLink": "https://www.sec.gov/Archives/edgar/data/885725/000091205702011989/a2074671z10-k.txt", "calculatedOtherExpenses": 418000000, "calculatedOperatingExpenses": 1654000000, "calculatedNetInterest": 0, "calculatedOtherIncome": -56000000, "calculatedIncomeNonControlling": 0, "calculatedEbitda": 332000000}, {"date": "2000-12-31", "symbol": "BSX", "reportedCurrency": "USD", "cik": "0000885725", "fillingDate": "2001-04-02", "acceptedDate": "2001-04-02 00:00:00", "calendarYear": "2000", "period": "FY", "revenue": 2664000000, "costOfRevenue": 742000000, "grossProfit": 1922000000, "grossProfitRatio": 0.7214714715, "researchAndDevelopmentExpenses": 199000000, "generalAndAdministrativeExpenses": 867000000, "sellingAndMarketingExpenses": 0, "sellingGeneralAndAdministrativeExpenses": 867000000, "otherExpenses": 181000000, "operatingExpenses": 1247000000, "costAndExpenses": 1989000000, "interestIncome": 0, "interestExpense": 0, "depreciationAndAmortization": 181000000, "ebitda": 934000000, "ebitdaratio": 0.3506006006, "operatingIncome": 675000000, "operatingIncomeRatio": 0.2533783784, "totalOtherIncomeExpensesNet": -78000000, "incomeBeforeTax": 527000000, "incomeBeforeTaxRatio": 0.1978228228, "incomeTaxExpense": 154000000, "netIncome": 373000000, "netIncomeRatio": 0.140015015, "eps": 0.46, "epsdiluted": 0.45, "weightedAverageShsOut": 810869565, "weightedAverageShsOutDil": 819780220, "link": "https://www.sec.gov/Archives/edgar/data/885725/000095013501001146/0000950135-01-001146-index.htm", "finalLink": "https://www.sec.gov/Archives/edgar/data/885725/000095013501001146/b38188sse10-k.txt", "calculatedOtherExpenses": 181000000, "calculatedOperatingExpenses": 1247000000, "calculatedNetInterest": 0, "calculatedOtherIncome": -148000000, "calculatedIncomeNonControlling": 0, "calculatedEbitda": 856000000}, {"date": "1999-12-31", "symbol": "BSX", "reportedCurrency": "USD", "cik": "0000885725", "fillingDate": "2000-03-30", "acceptedDate": "2000-03-30 00:00:00", "calendarYear": "1999", "period": "FY", "revenue": 2842000000, "costOfRevenue": 900000000, "grossProfit": 1942000000, "grossProfitRatio": 0.6833216045, "researchAndDevelopmentExpenses": 197000000, "generalAndAdministrativeExpenses": 842000000, "sellingAndMarketingExpenses": 0, "sellingGeneralAndAdministrativeExpenses": 842000000, "otherExpenses": 178000000, "operatingExpenses": 1217000000, "costAndExpenses": 2117000000, "interestIncome": 0, "interestExpense": 0, "depreciationAndAmortization": 178000000, "ebitda": 952000000, "ebitdaratio": 0.3349753695, "operatingIncome": 725000000, "operatingIncomeRatio": 0.2551020408, "totalOtherIncomeExpensesNet": -49000000, "incomeBeforeTax": 562000000, "incomeBeforeTaxRatio": 0.1977480647, "incomeTaxExpense": 191000000, "netIncome": 371000000, "netIncomeRatio": 0.1305418719, "eps": 0.46, "epsdiluted": 0.45, "weightedAverageShsOut": 806521739, "weightedAverageShsOutDil": 824444444, "link": "https://www.sec.gov/Archives/edgar/data/885725/000095013500001894/0000950135-00-001894-index.html", "finalLink": "https://www.sec.gov/Archives/edgar/data/885725/000095013500001894/", "calculatedOtherExpenses": 178000000, "calculatedOperatingExpenses": 1217000000, "calculatedNetInterest": 0, "calculatedOtherIncome": -163000000, "calculatedIncomeNonControlling": 0, "calculatedEbitda": 903000000}, {"date": "1998-12-31", "symbol": "BSX", "reportedCurrency": "USD", "cik": "0000885725", "fillingDate": "1999-03-31", "acceptedDate": "1999-03-31 00:00:00", "calendarYear": "1998", "period": "FY", "revenue": 2233600000, "costOfRevenue": 658900000, "grossProfit": 1574700000, "grossProfitRatio": 0.7050053725, "researchAndDevelopmentExpenses": 882200000, "generalAndAdministrativeExpenses": 786300000, "sellingAndMarketingExpenses": 0, "sellingGeneralAndAdministrativeExpenses": 786300000, "otherExpenses": 128600000, "operatingExpenses": 1797100000, "costAndExpenses": 2456000000, "interestIncome": 0, "interestExpense": 0, "depreciationAndAmortization": 128600000, "ebitda": -108500000, "ebitdaratio": -0.0485762894, "operatingIncome": -222400000, "operatingIncomeRatio": -0.0995702006, "totalOtherIncomeExpensesNet": 14700000, "incomeBeforeTax": -275300000, "incomeBeforeTaxRatio": -0.1232539398, "incomeTaxExpense": -10900000, "netIncome": -264400000, "netIncomeRatio": -0.1183739255, "eps": -0.34, "epsdiluted": -0.34, "weightedAverageShsOut": 776470588, "weightedAverageShsOutDil": 776470588, "link": "https://www.sec.gov/Archives/edgar/data/885725/000095013599001755/0000950135-99-001755-index.html", "finalLink": "https://www.sec.gov/Archives/edgar/data/885725/", "calculatedOtherExpenses": 128600000, "calculatedOperatingExpenses": 1797100000, "calculatedNetInterest": 0, "calculatedOtherIncome": -52900000, "calculatedIncomeNonControlling": 0, "calculatedEbitda": -93800000}, {"date": "1997-12-31", "symbol": "BSX", "reportedCurrency": "USD", "cik": "0000885725", "fillingDate": "1998-03-31", "acceptedDate": "1998-03-31 00:00:00", "calendarYear": "1997", "period": "FY", "revenue": 1872300000, "costOfRevenue": 463700000, "grossProfit": 1408600000, "grossProfitRatio": 0.7523366982, "researchAndDevelopmentExpenses": 196700000, "generalAndAdministrativeExpenses": 710400000, "sellingAndMarketingExpenses": 0, "sellingGeneralAndAdministrativeExpenses": 710400000, "otherExpenses": 86700000, "operatingExpenses": 993800000, "costAndExpenses": 1457500000, "interestIncome": 0, "interestExpense": 0, "depreciationAndAmortization": 86700000, "ebitda": 643400000, "ebitdaratio": 0.3436415104, "operatingIncome": 414800000, "operatingIncomeRatio": 0.2215456925, "totalOtherIncomeExpensesNet": -141900000, "incomeBeforeTax": 258700000, "incomeBeforeTaxRatio": 0.1381723014, "incomeTaxExpense": 98300000, "netIncome": 139300000, "netIncomeRatio": 0.07440047, "eps": 0.18, "epsdiluted": 0.17, "weightedAverageShsOut": 778292000, "weightedAverageShsOutDil": 799552000, "link": "https://www.sec.gov/Archives/edgar/data/885725/000095013598002085/0000950135-98-002085-index.html", "finalLink": "https://www.sec.gov/Archives/edgar/data/885725/", "calculatedOtherExpenses": 86700000, "calculatedOperatingExpenses": 993800000, "calculatedNetInterest": 0, "calculatedOtherIncome": -156100000, "calculatedIncomeNonControlling": 21100000, "calculatedEbitda": 501500000}, {"date": "1996-12-31", "symbol": "BSX", "reportedCurrency": "USD", "cik": "0000885725", "fillingDate": "1997-03-31", "acceptedDate": "1997-03-31 00:00:00", "calendarYear": "1996", "period": "FY", "revenue": 1462000000, "costOfRevenue": 339600000, "grossProfit": 1122400000, "grossProfitRatio": 0.7677154583, "researchAndDevelopmentExpenses": 0, "generalAndAdministrativeExpenses": 719200000, "sellingAndMarketingExpenses": 0, "sellingGeneralAndAdministrativeExpenses": 719200000, "otherExpenses": 61400000, "operatingExpenses": 780600000, "costAndExpenses": 1120200000, "interestIncome": 0, "interestExpense": 0, "depreciationAndAmortization": 61400000, "ebitda": 436800000, "ebitdaratio": 0.2987688098, "operatingIncome": 341800000, "operatingIncomeRatio": 0.2337893297, "totalOtherIncomeExpensesNet": -33600000, "incomeBeforeTax": 297000000, "incomeBeforeTaxRatio": 0.2031463748, "incomeTaxExpense": 129900000, "netIncome": 167100000, "netIncomeRatio": 0.1142954856, "eps": 0.22, "epsdiluted": 0.21, "weightedAverageShsOut": 777209302, "weightedAverageShsOutDil": 795714286, "link": "https://www.sec.gov/Archives/edgar/data/885725/000095013597001518/0000950135-97-001518-index.html", "finalLink": "https://www.sec.gov/Archives/edgar/data/885725/", "calculatedOtherExpenses": 61400000, "calculatedOperatingExpenses": 780600000, "calculatedNetInterest": 0, "calculatedOtherIncome": -44800000, "calculatedIncomeNonControlling": 0, "calculatedEbitda": 403200000}, {"date": "1995-12-31", "symbol": "BSX", "reportedCurrency": "USD", "cik": "0000885725", "fillingDate": "1995-12-31", "acceptedDate": "1995-12-30 19:00:00", "calendarYear": "1995", "period": "FY", "revenue": 1107000000, "costOfRevenue": 277000000, "grossProfit": 830000000, "grossProfitRatio": 0.7497741644, "researchAndDevelopmentExpenses": 0, "generalAndAdministrativeExpenses": 505000000, "sellingAndMarketingExpenses": 0, "sellingGeneralAndAdministrativeExpenses": 505000000, "otherExpenses": 40000000, "operatingExpenses": 545000000, "costAndExpenses": 822000000, "interestIncome": 0, "interestExpense": 0, "depreciationAndAmortization": 40000000, "ebitda": 516000000, "ebitdaratio": 0.4661246612, "operatingIncome": 285000000, "operatingIncomeRatio": 0.2574525745, "totalOtherIncomeExpensesNet": -191000000, "incomeBeforeTax": 85000000, "incomeBeforeTaxRatio": 0.0767841012, "incomeTaxExpense": 77000000, "netIncome": 8000000, "netIncomeRatio": 0.0072267389, "eps": 0.0109, "epsdiluted": 0.0109, "weightedAverageShsOut": 736000000, "weightedAverageShsOutDil": 736000000, "link": "", "finalLink": "", "calculatedOtherExpenses": 40000000, "calculatedOperatingExpenses": 545000000, "calculatedNetInterest": 0, "calculatedOtherIncome": -200000000, "calculatedIncomeNonControlling": 0, "calculatedEbitda": 325000000}, {"date": "1994-12-31", "symbol": "BSX", "reportedCurrency": "USD", "cik": "0000885725", "fillingDate": "1994-12-31", "acceptedDate": "1994-12-30 19:00:00", "calendarYear": "1994", "period": "FY", "revenue": 448900000, "costOfRevenue": 153100000, "grossProfit": 295800000, "grossProfitRatio": 0.6589440855, "researchAndDevelopmentExpenses": 29500000, "generalAndAdministrativeExpenses": 127200000, "sellingAndMarketingExpenses": 0, "sellingGeneralAndAdministrativeExpenses": 127200000, "otherExpenses": 9100000, "operatingExpenses": 165800000, "costAndExpenses": 318900000, "interestIncome": 0, "interestExpense": 0, "depreciationAndAmortization": 9100000, "ebitda": 138100000, "ebitdaratio": 0.3076409, "operatingIncome": 130000000, "operatingIncomeRatio": 0.2895967922, "totalOtherIncomeExpensesNet": 1000000, "incomeBeforeTax": 128900000, "incomeBeforeTaxRatio": 0.2871463578, "incomeTaxExpense": 49200000, "netIncome": 79700000, "netIncomeRatio": 0.1775451103, "eps": 0.19, "epsdiluted": 0.19, "weightedAverageShsOut": 421052632, "weightedAverageShsOutDil": 421052632, "link": "", "finalLink": "", "calculatedOtherExpenses": 9100000, "calculatedOperatingExpenses": 165800000, "calculatedNetInterest": 0, "calculatedOtherIncome": -1100000, "calculatedIncomeNonControlling": 0, "calculatedEbitda": 139100000}, {"date": "1993-12-31", "symbol": "BSX", "reportedCurrency": "USD", "cik": "0000885725", "fillingDate": "1993-12-31", "acceptedDate": "1993-12-30 19:00:00", "calendarYear": "1993", "period": "FY", "revenue": 380100000, "costOfRevenue": 133900000, "grossProfit": 246200000, "grossProfitRatio": 0.6477242831, "researchAndDevelopmentExpenses": 0, "generalAndAdministrativeExpenses": 131200000, "sellingAndMarketingExpenses": 0, "sellingGeneralAndAdministrativeExpenses": 131200000, "otherExpenses": 6400000, "operatingExpenses": 137600000, "costAndExpenses": 271500000, "interestIncome": 0, "interestExpense": 0, "depreciationAndAmortization": 6400000, "ebitda": 112000000, "ebitdaratio": 0.2946593002, "operatingIncome": 108600000, "operatingIncomeRatio": 0.2857142857, "totalOtherIncomeExpensesNet": 3000000, "incomeBeforeTax": 109500000, "incomeBeforeTaxRatio": 0.2880820837, "incomeTaxExpense": 39800000, "netIncome": 69700000, "netIncomeRatio": 0.1833727966, "eps": 0.18, "epsdiluted": 0.18, "weightedAverageShsOut": 395200000, "weightedAverageShsOutDil": 395200000, "link": "", "finalLink": "", "calculatedOtherExpenses": 6400000, "calculatedOperatingExpenses": 137600000, "calculatedNetInterest": 0, "calculatedOtherIncome": 900000, "calculatedIncomeNonControlling": 0, "calculatedEbitda": 115000000}, {"date": "1992-12-31", "symbol": "BSX", "reportedCurrency": "USD", "cik": "0000885725", "fillingDate": "1992-12-31", "acceptedDate": "1992-12-30 19:00:00", "calendarYear": "1992", "period": "FY", "revenue": 315200000, "costOfRevenue": 111900000, "grossProfit": 203300000, "grossProfitRatio": 0.6449873096, "researchAndDevelopmentExpenses": 0, "generalAndAdministrativeExpenses": 105900000, "sellingAndMarketingExpenses": 0, "sellingGeneralAndAdministrativeExpenses": 105900000, "otherExpenses": 4600000, "operatingExpenses": 110500000, "costAndExpenses": 222400000, "interestIncome": 0, "interestExpense": 0, "depreciationAndAmortization": 4600000, "ebitda": 95800000, "ebitdaratio": 0.3039340102, "operatingIncome": 92800000, "operatingIncomeRatio": 0.2944162437, "totalOtherIncomeExpensesNet": 1600000, "incomeBeforeTax": 91500000, "incomeBeforeTaxRatio": 0.2902918782, "incomeTaxExpense": 34900000, "netIncome": 56600000, "netIncomeRatio": 0.1795685279, "eps": 0.14, "epsdiluted": 0.14, "weightedAverageShsOut": 390344828, "weightedAverageShsOutDil": 390344828, "link": "", "finalLink": "", "calculatedOtherExpenses": 4600000, "calculatedOperatingExpenses": 110500000, "calculatedNetInterest": 0, "calculatedOtherIncome": -1300000, "calculatedIncomeNonControlling": 0, "calculatedEbitda": 97400000}, {"date": "1991-12-31", "symbol": "BSX", "reportedCurrency": "USD", "cik": "0000885725", "fillingDate": "1991-12-31", "acceptedDate": "1991-12-30 19:00:00", "calendarYear": "1991", "period": "FY", "revenue": 230000000, "costOfRevenue": 78400000, "grossProfit": 151600000, "grossProfitRatio": 0.6591304348, "researchAndDevelopmentExpenses": 0, "generalAndAdministrativeExpenses": 77700000, "sellingAndMarketingExpenses": 0, "sellingGeneralAndAdministrativeExpenses": 77700000, "otherExpenses": 3400000, "operatingExpenses": 81100000, "costAndExpenses": 159500000, "interestIncome": 0, "interestExpense": 0, "depreciationAndAmortization": 3400000, "ebitda": 73700000, "ebitdaratio": 0.3204347826, "operatingIncome": 70500000, "operatingIncomeRatio": 0.3065217391, "totalOtherIncomeExpensesNet": 200000, "incomeBeforeTax": 67800000, "incomeBeforeTaxRatio": 0.2947826087, "incomeTaxExpense": 26300000, "netIncome": 41800000, "netIncomeRatio": 0.1817391304, "eps": 0.11, "epsdiluted": 0.11, "weightedAverageShsOut": 380000000, "weightedAverageShsOutDil": 380000000, "link": "", "finalLink": "", "calculatedOtherExpenses": 3400000, "calculatedOperatingExpenses": 81100000, "calculatedNetInterest": 0, "calculatedOtherIncome": -2700000, "calculatedIncomeNonControlling": -300000, "calculatedEbitda": 73900000}]}