{"originalCurrency": "CAD", "convertedCurrency": "CAD", "report": [{"date": "2023-12-31", "symbol": "BTE", "reportedCurrency": "CAD", "cik": "0001279495", "fillingDate": "2023-12-31", "acceptedDate": "2023-12-30 19:00:00", "calendarYear": "2023", "period": "FY", "revenue": 3382621000, "costOfRevenue": 2602643000, "grossProfit": 779978000, "grossProfitRatio": 0.230583917, "researchAndDevelopmentExpenses": 0, "generalAndAdministrativeExpenses": 107488000, "sellingAndMarketingExpenses": 0, "sellingGeneralAndAdministrativeExpenses": 107488000, "otherExpenses": 456000, "operatingExpenses": 136790000, "costAndExpenses": 2739433000, "interestIncome": 0, "interestExpense": 159823000, "depreciationAndAmortization": 1047904000, "ebitda": 1679604000, "ebitdaratio": 0.4965392221, "operatingIncome": 631700000, "operatingIncomeRatio": 0.186748678, "totalOtherIncomeExpensesNet": -988003000, "incomeBeforeTax": -516582000, "incomeBeforeTaxRatio": -0.1527164882, "incomeTaxExpense": -283226000, "netIncome": -233356000, "netIncomeRatio": -0.0689867413, "eps": -0.33, "epsdiluted": -0.33, "weightedAverageShsOut": 704896000, "weightedAverageShsOutDil": 704896000, "link": null, "finalLink": null, "calculatedOtherExpenses": 40790000, "calculatedOperatingExpenses": 148278000, "calculatedNetInterest": -159823000, "calculatedOtherIncome": -988459000, "calculatedIncomeNonControlling": 0, "calculatedEbitda": 1679604000}, {"date": "2022-12-31", "symbol": "BTE", "reportedCurrency": "CAD", "cik": "0001279495", "fillingDate": "2022-12-31", "acceptedDate": "2022-12-31 00:00:00", "calendarYear": "2022", "period": "FY", "revenue": 2889045000, "costOfRevenue": 1810695000, "grossProfit": 1078350000, "grossProfitRatio": 0.3732548299, "researchAndDevelopmentExpenses": 0, "generalAndAdministrativeExpenses": 79326000, "sellingAndMarketingExpenses": 0, "sellingGeneralAndAdministrativeExpenses": 79326000, "otherExpenses": 45922000, "operatingExpenses": 125248000, "costAndExpenses": 1935943000, "interestIncome": 86672000, "interestExpense": 80386000, "depreciationAndAmortization": 587050000, "ebitda": 1530622000, "ebitdaratio": 0.5298020626, "operatingIncome": 943572000, "operatingIncomeRatio": 0.3266034278, "totalOtherIncomeExpensesNet": -52657000, "incomeBeforeTax": 890915000, "incomeBeforeTaxRatio": 0.3083769896, "incomeTaxExpense": 35310000, "netIncome": 855605000, "netIncomeRatio": 0.2961549578, "eps": 1.53, "epsdiluted": 1.52, "weightedAverageShsOut": 557986000, "weightedAverageShsOutDil": 563835000, "link": null, "finalLink": null, "calculatedOtherExpenses": 55452000, "calculatedOperatingExpenses": 134778000, "calculatedNetInterest": 6286000, "calculatedOtherIncome": -58943000, "calculatedIncomeNonControlling": 0, "calculatedEbitda": 1530622000}, {"date": "2021-12-31", "symbol": "BTE", "reportedCurrency": "CAD", "cik": "0001279495", "fillingDate": "2021-12-31", "acceptedDate": "2021-12-31 00:00:00", "calendarYear": "2021", "period": "FY", "revenue": 1868195000, "costOfRevenue": 1264688000, "grossProfit": 603507000, "grossProfitRatio": 0.3230428301, "researchAndDevelopmentExpenses": 0, "generalAndAdministrativeExpenses": 51934000, "sellingAndMarketingExpenses": 0, "sellingGeneralAndAdministrativeExpenses": 51934000, "otherExpenses": 27593000, "operatingExpenses": 79527000, "costAndExpenses": 1344215000, "interestIncome": 96927000, "interestExpense": 92069000, "depreciationAndAmortization": 464580000, "ebitda": 986264000, "ebitdaratio": 0.5279234769, "operatingIncome": 521684000, "operatingIncomeRatio": 0.2792449396, "totalOtherIncomeExpensesNet": 1173156000, "incomeBeforeTax": 1694840000, "incomeBeforeTaxRatio": 0.9072072241, "incomeTaxExpense": 81240000, "netIncome": 1613600000, "netIncomeRatio": 0.8637213995, "eps": 2.86, "epsdiluted": 2.82, "weightedAverageShsOut": 563674000, "weightedAverageShsOutDil": 571610000, "link": null, "finalLink": null, "calculatedOtherExpenses": 29889000, "calculatedOperatingExpenses": 81823000, "calculatedNetInterest": 4858000, "calculatedOtherIncome": 1168298000, "calculatedIncomeNonControlling": 0, "calculatedEbitda": 986264000}, {"date": "2020-12-31", "symbol": "BTE", "reportedCurrency": "CAD", "cik": "0001279495", "fillingDate": "2020-12-31", "acceptedDate": "2020-12-31 00:00:00", "calendarYear": "2020", "period": "FY", "revenue": 975477000, "costOfRevenue": 1058278000, "grossProfit": -82801000, "grossProfitRatio": -0.0848825754, "researchAndDevelopmentExpenses": 0, "generalAndAdministrativeExpenses": 43737000, "sellingAndMarketingExpenses": 0, "sellingGeneralAndAdministrativeExpenses": 43737000, "otherExpenses": 22989000, "operatingExpenses": 66726000, "costAndExpenses": 1125004000, "interestIncome": 113151000, "interestExpense": 106534000, "depreciationAndAmortization": 486380000, "ebitda": 335540000, "ebitdaratio": 0.3439753064, "operatingIncome": -150840000, "operatingIncomeRatio": -0.1546320416, "totalOtherIncomeExpensesNet": -2448517000, "incomeBeforeTax": -2599357000, "incomeBeforeTaxRatio": -2.6647035245, "incomeTaxExpense": -160393000, "netIncome": -2438964000, "netIncomeRatio": -2.5002783254, "eps": -4.35, "epsdiluted": -4.35, "weightedAverageShsOut": 560657000, "weightedAverageShsOutDil": 560657000, "link": null, "finalLink": null, "calculatedOtherExpenses": 24302000, "calculatedOperatingExpenses": 68039000, "calculatedNetInterest": 6617000, "calculatedOtherIncome": -2455134000, "calculatedIncomeNonControlling": 0, "calculatedEbitda": 335540000}, {"date": "2019-12-31", "symbol": "BTE", "reportedCurrency": "CAD", "cik": "0001279495", "fillingDate": "2019-12-31", "acceptedDate": "2019-12-31 00:00:00", "calendarYear": "2019", "period": "FY", "revenue": 1805919000, "costOfRevenue": 1562380000, "grossProfit": 243539000, "grossProfitRatio": 0.134855993, "researchAndDevelopmentExpenses": 0, "generalAndAdministrativeExpenses": 61363000, "sellingAndMarketingExpenses": 0, "sellingGeneralAndAdministrativeExpenses": 61363000, "otherExpenses": 25477000, "operatingExpenses": 86840000, "costAndExpenses": 1649220000, "interestIncome": 112152000, "interestExpense": 107417000, "depreciationAndAmortization": 731686000, "ebitda": 891176000, "ebitdaratio": 0.4934750673, "operatingIncome": 159490000, "operatingIncomeRatio": 0.0883151459, "totalOtherIncomeExpensesNet": -238411000, "incomeBeforeTax": -78921000, "incomeBeforeTaxRatio": -0.0437012956, "incomeTaxExpense": -66462000, "netIncome": -12459000, "netIncomeRatio": -0.0068989805, "eps": -0.0224, "epsdiluted": -0.0224, "weightedAverageShsOut": 557048000, "weightedAverageShsOutDil": 557048000, "link": null, "finalLink": null, "calculatedOtherExpenses": 22686000, "calculatedOperatingExpenses": 84049000, "calculatedNetInterest": 4735000, "calculatedOtherIncome": -243146000, "calculatedIncomeNonControlling": 0, "calculatedEbitda": 891176000}, {"date": "2018-12-31", "symbol": "BTE", "reportedCurrency": "CAD", "cik": "0001279495", "fillingDate": "2018-12-31", "acceptedDate": "2018-12-31 00:00:00", "calendarYear": "2018", "period": "FY", "revenue": 1428870000, "costOfRevenue": 1289731000, "grossProfit": 139139000, "grossProfitRatio": 0.0973769482, "researchAndDevelopmentExpenses": 0, "generalAndAdministrativeExpenses": 65359000, "sellingAndMarketingExpenses": 0, "sellingGeneralAndAdministrativeExpenses": 65359000, "otherExpenses": 1172000, "operatingExpenses": 98002000, "costAndExpenses": 1387733000, "interestIncome": 0, "interestExpense": 104318000, "depreciationAndAmortization": 558684000, "ebitda": 597139000, "ebitdaratio": 0.4179099568, "operatingIncome": 38455000, "operatingIncomeRatio": 0.0269128752, "totalOtherIncomeExpensesNet": -360041000, "incomeBeforeTax": -427076000, "incomeBeforeTaxRatio": -0.2988907318, "incomeTaxExpense": -101767000, "netIncome": -325309000, "netIncomeRatio": -0.2276687172, "eps": -0.93, "epsdiluted": -0.93, "weightedAverageShsOut": 349794623, "weightedAverageShsOutDil": 351542000, "link": null, "finalLink": null, "calculatedOtherExpenses": 35325000, "calculatedOperatingExpenses": 100684000, "calculatedNetInterest": -104318000, "calculatedOtherIncome": -361213000, "calculatedIncomeNonControlling": 0, "calculatedEbitda": 597139000}, {"date": "2017-12-31", "symbol": "BTE", "reportedCurrency": "CAD", "cik": "0001279495", "fillingDate": "2017-12-31", "acceptedDate": "2017-12-30 19:00:00", "calendarYear": "2017", "period": "FY", "revenue": 1091534000, "costOfRevenue": 1078101000, "grossProfit": 13433000, "grossProfitRatio": 0.0123065337, "researchAndDevelopmentExpenses": 0, "generalAndAdministrativeExpenses": 62898000, "sellingAndMarketingExpenses": 0, "sellingGeneralAndAdministrativeExpenses": 62898000, "otherExpenses": -2216000, "operatingExpenses": 79833000, "costAndExpenses": 1157934000, "interestIncome": 0, "interestExpense": 100482000, "depreciationAndAmortization": 481929000, "ebitda": 408839000, "ebitdaratio": 0.374554526, "operatingIncome": 57718000, "operatingIncomeRatio": 0.0528778765, "totalOtherIncomeExpensesNet": 102102000, "incomeBeforeTax": -69254000, "incomeBeforeTaxRatio": -0.0634464891, "incomeTaxExpense": -156428000, "netIncome": 87174000, "netIncomeRatio": 0.0798637514, "eps": 0.37, "epsdiluted": 0.37, "weightedAverageShsOut": 234787000, "weightedAverageShsOutDil": 237249000, "link": null, "finalLink": null, "calculatedOtherExpenses": -107183000, "calculatedOperatingExpenses": -44285000, "calculatedNetInterest": -100482000, "calculatedOtherIncome": -26490000, "calculatedIncomeNonControlling": 0, "calculatedEbitda": 539647000}, {"date": "2016-12-31", "symbol": "BTE", "reportedCurrency": "CAD", "cik": "0001279495", "fillingDate": "2016-12-31", "acceptedDate": "2016-12-30 19:00:00", "calendarYear": "2016", "period": "FY", "revenue": 780095000, "costOfRevenue": 965009000, "grossProfit": -184914000, "grossProfitRatio": -0.2370403605, "researchAndDevelopmentExpenses": 0, "generalAndAdministrativeExpenses": 64748000, "sellingAndMarketingExpenses": 0, "sellingGeneralAndAdministrativeExpenses": 64748000, "otherExpenses": -8152000, "operatingExpenses": 76898000, "costAndExpenses": 1041907000, "interestIncome": 0, "interestExpense": 103685000, "depreciationAndAmortization": 508309000, "ebitda": 234005000, "ebitdaratio": 0.2999698755, "operatingIncome": 246016000, "operatingIncomeRatio": 0.3153667182, "totalOtherIncomeExpensesNet": -387950000, "incomeBeforeTax": -757787000, "incomeBeforeTaxRatio": -0.9714034829, "incomeTaxExpense": -272603000, "netIncome": -485184000, "netIncomeRatio": -0.6219550183, "eps": -2.29, "epsdiluted": -2.29, "weightedAverageShsOut": 211870742, "weightedAverageShsOutDil": 212298000, "link": null, "finalLink": null, "calculatedOtherExpenses": -495678000, "calculatedOperatingExpenses": -430930000, "calculatedNetInterest": -103685000, "calculatedOtherIncome": -900118000, "calculatedIncomeNonControlling": 0, "calculatedEbitda": 754325000}, {"date": "2015-12-31", "symbol": "BTE", "reportedCurrency": "CAD", "cik": "0001279495", "fillingDate": "2015-12-31", "acceptedDate": "2015-12-30 19:00:00", "calendarYear": "2015", "period": "FY", "revenue": 1129872000, "costOfRevenue": 1304427000, "grossProfit": -174555000, "grossProfitRatio": -0.1544909512, "researchAndDevelopmentExpenses": 0, "generalAndAdministrativeExpenses": 74750000, "sellingAndMarketingExpenses": 0, "sellingGeneralAndAdministrativeExpenses": 74750000, "otherExpenses": 0, "operatingExpenses": 89787000, "costAndExpenses": 1394214000, "interestIncome": 0, "interestExpense": 103404000, "depreciationAndAmortization": 661858000, "ebitda": 395522000, "ebitdaratio": 0.3500591217, "operatingIncome": 230250000, "operatingIncomeRatio": 0.2037841455, "totalOtherIncomeExpensesNet": -1108057000, "incomeBeforeTax": -1477797000, "incomeBeforeTaxRatio": -1.307933111, "incomeTaxExpense": -344146000, "netIncome": -1133651000, "netIncomeRatio": -1.0033446266, "eps": -5.72, "epsdiluted": -5.72, "weightedAverageShsOut": 198072790, "weightedAverageShsOutDil": 198207000, "link": null, "finalLink": null, "calculatedOtherExpenses": -479555000, "calculatedOperatingExpenses": -404805000, "calculatedNetInterest": -103404000, "calculatedOtherIncome": -1604643000, "calculatedIncomeNonControlling": 0, "calculatedEbitda": 892108000}, {"date": "2014-12-31", "symbol": "BTE", "reportedCurrency": "CAD", "cik": "0001279495", "fillingDate": "2014-12-31", "acceptedDate": "2014-12-30 19:00:00", "calendarYear": "2014", "period": "FY", "revenue": 1529897000, "costOfRevenue": 678455000, "grossProfit": 851442000, "grossProfitRatio": 0.5565355053, "researchAndDevelopmentExpenses": 0, "generalAndAdministrativeExpenses": 87420000, "sellingAndMarketingExpenses": 0, "sellingGeneralAndAdministrativeExpenses": 87420000, "otherExpenses": 0, "operatingExpenses": 466263000, "costAndExpenses": 1144718000, "interestIncome": 0, "interestExpense": 82782000, "depreciationAndAmortization": 536569000, "ebitda": 921748000, "ebitdaratio": 0.602490233, "operatingIncome": 392430000, "operatingIncomeRatio": 0.2565074642, "totalOtherIncomeExpensesNet": -300813000, "incomeBeforeTax": 1584000, "incomeBeforeTaxRatio": 0.0010353638, "incomeTaxExpense": 134391000, "netIncome": -132807000, "netIncomeRatio": -0.0868078047, "eps": -0.89, "epsdiluted": -0.89, "weightedAverageShsOut": 148932000, "weightedAverageShsOutDil": 148932000, "link": null, "finalLink": null, "calculatedOtherExpenses": 371592000, "calculatedOperatingExpenses": 459012000, "calculatedNetInterest": -82782000, "calculatedOtherIncome": -308064000, "calculatedIncomeNonControlling": 0, "calculatedEbitda": 928999000}, {"date": "2013-12-31", "symbol": "BTE", "reportedCurrency": "CAD", "cik": "0001279495", "fillingDate": "2013-12-31", "acceptedDate": "2013-12-30 19:00:00", "calendarYear": "2013", "period": "FY", "revenue": 1115410000, "costOfRevenue": 487794000, "grossProfit": 627616000, "grossProfitRatio": 0.5626774011, "researchAndDevelopmentExpenses": 0, "generalAndAdministrativeExpenses": 77802000, "sellingAndMarketingExpenses": 0, "sellingGeneralAndAdministrativeExpenses": 77802000, "otherExpenses": 0, "operatingExpenses": 370618000, "costAndExpenses": 858412000, "interestIncome": 0, "interestExpense": 41084000, "depreciationAndAmortization": 328953000, "ebitda": 583711000, "ebitdaratio": 0.5233151935, "operatingIncome": 264009000, "operatingIncomeRatio": 0.2366923373, "totalOtherIncomeExpensesNet": 3973000, "incomeBeforeTax": 217647000, "incomeBeforeTaxRatio": 0.1951273523, "incomeTaxExpense": 52802000, "netIncome": 164845000, "netIncomeRatio": 0.1477887055, "eps": 1.33, "epsdiluted": 1.31, "weightedAverageShsOut": 123749000, "weightedAverageShsOutDil": 125394000, "link": null, "finalLink": null, "calculatedOtherExpenses": 285805000, "calculatedOperatingExpenses": 363607000, "calculatedNetInterest": -41084000, "calculatedOtherIncome": -5278000, "calculatedIncomeNonControlling": 0, "calculatedEbitda": 592962000}, {"date": "2012-12-31", "symbol": "BTE", "reportedCurrency": "CAD", "cik": "0001279495", "fillingDate": "2012-12-31", "acceptedDate": "2012-12-30 19:00:00", "calendarYear": "2012", "period": "FY", "revenue": 1024949000, "costOfRevenue": 505037000, "grossProfit": 519912000, "grossProfitRatio": 0.5072564586, "researchAndDevelopmentExpenses": 0, "generalAndAdministrativeExpenses": 81330000, "sellingAndMarketingExpenses": 0, "sellingGeneralAndAdministrativeExpenses": 81330000, "otherExpenses": 0, "operatingExpenses": 332538000, "costAndExpenses": 837575000, "interestIncome": 0, "interestExpense": 39697000, "depreciationAndAmortization": 297797000, "ebitda": 484308000, "ebitdaratio": 0.4725191205, "operatingIncome": 194005000, "operatingIncomeRatio": 0.1892825887, "totalOtherIncomeExpensesNet": 229577000, "incomeBeforeTax": 376391000, "incomeBeforeTaxRatio": 0.3672290036, "incomeTaxExpense": 117760000, "netIncome": 258631000, "netIncomeRatio": 0.2523354821, "eps": 2.16, "epsdiluted": 2.12, "weightedAverageShsOut": 119959000, "weightedAverageShsOutDil": 121823000, "link": null, "finalLink": null, "calculatedOtherExpenses": 244577000, "calculatedOperatingExpenses": 325907000, "calculatedNetInterest": -39697000, "calculatedOtherIncome": 222083000, "calculatedIncomeNonControlling": 0, "calculatedEbitda": 491802000}, {"date": "2011-12-31", "symbol": "BTE", "reportedCurrency": "CAD", "cik": "0001279495", "fillingDate": "2011-12-31", "acceptedDate": "2011-12-30 19:00:00", "calendarYear": "2011", "period": "FY", "revenue": 1308814000, "costOfRevenue": 671199000, "grossProfit": 637615000, "grossProfitRatio": 0.4871700639, "researchAndDevelopmentExpenses": 0, "generalAndAdministrativeExpenses": 73180000, "sellingAndMarketingExpenses": 0, "sellingGeneralAndAdministrativeExpenses": 73180000, "otherExpenses": 0, "operatingExpenses": 385665000, "costAndExpenses": 1056864000, "interestIncome": 0, "interestExpense": 12489000, "depreciationAndAmortization": 248468000, "ebitda": 500418000, "ebitdaratio": 0.3823446265, "operatingIncome": 251950000, "operatingIncomeRatio": 0.1925025252, "totalOtherIncomeExpensesNet": 30112000, "incomeBeforeTax": 269573000, "incomeBeforeTaxRatio": 0.2059673873, "incomeTaxExpense": 52141000, "netIncome": 217432000, "netIncomeRatio": 0.1661290298, "eps": 1.88, "epsdiluted": 1.83, "weightedAverageShsOut": 115960000, "weightedAverageShsOutDil": 118921000, "link": null, "finalLink": null, "calculatedOtherExpenses": 312485000, "calculatedOperatingExpenses": 385665000, "calculatedNetInterest": -12489000, "calculatedOtherIncome": 30112000, "calculatedIncomeNonControlling": 0, "calculatedEbitda": 500418000}, {"date": "2010-12-31", "symbol": "BTE", "reportedCurrency": "CAD", "cik": "0001279495", "fillingDate": "2010-12-31", "acceptedDate": "2010-12-30 19:00:00", "calendarYear": "2010", "period": "FY", "revenue": 1015071000, "costOfRevenue": 522663000, "grossProfit": 492408000, "grossProfitRatio": 0.4850971016, "researchAndDevelopmentExpenses": 0, "generalAndAdministrativeExpenses": 48118000, "sellingAndMarketingExpenses": 0, "sellingGeneralAndAdministrativeExpenses": 48118000, "otherExpenses": 0, "operatingExpenses": 310012000, "costAndExpenses": 832675000, "interestIncome": 0, "interestExpense": 28313000, "depreciationAndAmortization": 271042000, "ebitda": 464146000, "ebitdaratio": 0.4572547142, "operatingIncome": 162457000, "operatingIncomeRatio": 0.1600449624, "totalOtherIncomeExpensesNet": -10708000, "incomeBeforeTax": 154083000, "incomeBeforeTaxRatio": 0.1517952931, "incomeTaxExpense": -23548000, "netIncome": 177631000, "netIncomeRatio": 0.1749936704, "eps": 1.59, "epsdiluted": 1.54, "weightedAverageShsOut": 111450000, "weightedAverageShsOutDil": 115520000, "link": null, "finalLink": null, "calculatedOtherExpenses": 281833000, "calculatedOperatingExpenses": 329951000, "calculatedNetInterest": -28313000, "calculatedOtherIncome": 19939000, "calculatedIncomeNonControlling": 0, "calculatedEbitda": 433499000}, {"date": "2009-12-31", "symbol": "BTE", "reportedCurrency": "CAD", "cik": "0001279495", "fillingDate": "2009-12-31", "acceptedDate": "2009-12-30 19:00:00", "calendarYear": "2009", "period": "FY", "revenue": 685113000, "costOfRevenue": 322604000, "grossProfit": 362509000, "grossProfitRatio": 0.529122933, "researchAndDevelopmentExpenses": 0, "generalAndAdministrativeExpenses": 41449000, "sellingAndMarketingExpenses": 0, "sellingGeneralAndAdministrativeExpenses": 41449000, "otherExpenses": 0, "operatingExpenses": 255841000, "costAndExpenses": 578445000, "interestIncome": 0, "interestExpense": 38181000, "depreciationAndAmortization": 237216000, "ebitda": 343884000, "ebitdaratio": 0.5019376366, "operatingIncome": 106668000, "operatingIncomeRatio": 0.1556940242, "totalOtherIncomeExpensesNet": 22824000, "incomeBeforeTax": 68487000, "incomeBeforeTaxRatio": 0.0999645314, "incomeTaxExpense": -19087000, "netIncome": 87574000, "netIncomeRatio": 0.1278241692, "eps": 0.83, "epsdiluted": 0.82, "weightedAverageShsOut": 104894000, "weightedAverageShsOutDil": 107246000, "link": null, "finalLink": null, "calculatedOtherExpenses": 214392000, "calculatedOperatingExpenses": 255841000, "calculatedNetInterest": -38181000, "calculatedOtherIncome": 0, "calculatedIncomeNonControlling": 0, "calculatedEbitda": 343884000}, {"date": "2008-12-31", "symbol": "BTE", "reportedCurrency": "CAD", "cik": "0001279495", "fillingDate": "2008-12-31", "acceptedDate": "2008-12-30 19:00:00", "calendarYear": "2008", "period": "FY", "revenue": 1159718310, "costOfRevenue": 391176542, "grossProfit": 768541768, "grossProfitRatio": 0.6626969337, "researchAndDevelopmentExpenses": 0, "generalAndAdministrativeExpenses": 0, "sellingAndMarketingExpenses": 0, "sellingGeneralAndAdministrativeExpenses": 37415007, "otherExpenses": 0, "operatingExpenses": 261314959, "costAndExpenses": 652491501, "interestIncome": 0, "interestExpense": 32962603, "depreciationAndAmortization": 223899951, "ebitda": 916578436, "ebitdaratio": 0.7903457487, "operatingIncome": 507226809, "operatingIncomeRatio": 0.4373707, "totalOtherIncomeExpensesNet": -185451676, "incomeBeforeTax": 288812530, "incomeBeforeTaxRatio": 0.2490367941, "incomeTaxExpense": 25559738, "netIncome": 259894366, "netIncomeRatio": 0.2241012871, "eps": 2.83, "epsdiluted": 2.7, "weightedAverageShsOut": 91683000, "weightedAverageShsOutDil": 96391000, "link": null, "finalLink": null, "calculatedOtherExpenses": 223899952, "calculatedOperatingExpenses": 261314959, "calculatedNetInterest": -32962603, "calculatedOtherIncome": -185451676, "calculatedIncomeNonControlling": 3358426, "calculatedEbitda": 731126760}, {"date": "2007-12-31", "symbol": "BTE", "reportedCurrency": "CAD", "cik": "0001279495", "fillingDate": "2007-12-31", "acceptedDate": "2007-12-30 19:00:00", "calendarYear": "2007", "period": "FY", "revenue": 618927401, "costOfRevenue": 266296554, "grossProfit": 352630847, "grossProfitRatio": 0.5697450887, "researchAndDevelopmentExpenses": 0, "generalAndAdministrativeExpenses": 0, "sellingAndMarketingExpenses": 0, "sellingGeneralAndAdministrativeExpenses": 31551296, "otherExpenses": 0, "operatingExpenses": 221063661, "costAndExpenses": 487360215, "interestIncome": 0, "interestExpense": 35241831, "depreciationAndAmortization": 189512365, "ebitda": 323069818, "ebitdaratio": 0.521983382, "operatingIncome": 131567186, "operatingIncomeRatio": 0.2125728895, "totalOtherIncomeExpensesNet": -1990267, "incomeBeforeTax": 94335088, "incomeBeforeTaxRatio": 0.152417049, "incomeTaxExpense": -42655676, "netIncome": 132860264, "netIncomeRatio": 0.2146621135, "eps": 1.66, "epsdiluted": 1.55, "weightedAverageShsOut": 80029000, "weightedAverageShsOutDil": 85975000, "link": null, "finalLink": null, "calculatedOtherExpenses": 189512365, "calculatedOperatingExpenses": 221063661, "calculatedNetInterest": -35241831, "calculatedOtherIncome": -1990267, "calculatedIncomeNonControlling": 4130500, "calculatedEbitda": 321079551}, {"date": "2006-12-31", "symbol": "BTE", "reportedCurrency": "CAD", "cik": "0001279495", "fillingDate": "2006-12-31", "acceptedDate": "2006-12-30 19:00:00", "calendarYear": "2006", "period": "FY", "revenue": 556689189, "costOfRevenue": 221795200, "grossProfit": 334893989, "grossProfitRatio": 0.6015816287, "researchAndDevelopmentExpenses": 0, "generalAndAdministrativeExpenses": 0, "sellingAndMarketingExpenses": 0, "sellingGeneralAndAdministrativeExpenses": 28302656, "otherExpenses": 0, "operatingExpenses": 182149348, "costAndExpenses": 403944548, "interestIncome": 0, "interestExpense": 33692917, "depreciationAndAmortization": 153846692, "ebitda": 306743943, "ebitdaratio": 0.5510147297, "operatingIncome": 152744641, "operatingIncomeRatio": 0.2743804694, "totalOtherIncomeExpensesNet": -152610, "incomeBeforeTax": 118899115, "incomeBeforeTaxRatio": 0.2135825832, "incomeTaxExpense": -32755126, "netIncome": 147068966, "netIncomeRatio": 0.2641850586, "eps": 2.02, "epsdiluted": 1.91, "weightedAverageShsOut": 72806419, "weightedAverageShsOutDil": 76999459, "link": null, "finalLink": null, "calculatedOtherExpenses": 153846692, "calculatedOperatingExpenses": 182149348, "calculatedNetInterest": -33692917, "calculatedOtherIncome": -152609, "calculatedIncomeNonControlling": 4585275, "calculatedEbitda": 306591333}, {"date": "2005-12-31", "symbol": "BTE", "reportedCurrency": "CAD", "cik": "0001279495", "fillingDate": "2005-12-31", "acceptedDate": "2005-12-30 19:00:00", "calendarYear": "2005", "period": "FY", "revenue": 546940342, "costOfRevenue": 110647750, "grossProfit": 436292592, "grossProfitRatio": 0.7976968574, "researchAndDevelopmentExpenses": 0, "generalAndAdministrativeExpenses": 0, "sellingAndMarketingExpenses": 0, "sellingGeneralAndAdministrativeExpenses": 43755088, "otherExpenses": 0, "operatingExpenses": 210889638, "costAndExpenses": 321537388, "interestIncome": 0, "interestExpense": 33123619, "depreciationAndAmortization": 168626584, "ebitda": 502909640, "ebitdaratio": 0.9194963351, "operatingIncome": 225402954, "operatingIncomeRatio": 0.4121161609, "totalOtherIncomeExpensesNet": -108880102, "incomeBeforeTax": 81549017, "incomeBeforeTaxRatio": 0.1491003876, "incomeTaxExpense": 1673450, "netIncome": 79875567, "netIncomeRatio": 0.1460407303, "eps": 1.19, "epsdiluted": 1.15, "weightedAverageShsOut": 67122325, "weightedAverageShsOutDil": 69457015, "link": null, "finalLink": null, "calculatedOtherExpenses": 167134550, "calculatedOperatingExpenses": 210889638, "calculatedNetInterest": -33123619, "calculatedOtherIncome": -110730318, "calculatedIncomeNonControlling": 0, "calculatedEbitda": 394029538}, {"date": "2004-12-31", "symbol": "BTE", "reportedCurrency": "CAD", "cik": "0001279495", "fillingDate": "2004-12-31", "acceptedDate": "2004-12-30 19:00:00", "calendarYear": "2004", "period": "FY", "revenue": 420399568, "costOfRevenue": 89078474, "grossProfit": 331321094, "grossProfitRatio": 0.7881099773, "researchAndDevelopmentExpenses": 0, "generalAndAdministrativeExpenses": 0, "sellingAndMarketingExpenses": 0, "sellingGeneralAndAdministrativeExpenses": 41693065, "otherExpenses": 0, "operatingExpenses": 202500600, "costAndExpenses": 291579074, "interestIncome": 0, "interestExpense": 19412047, "depreciationAndAmortization": 171978642, "ebitda": 427736981, "ebitdaratio": 1.0174534266, "operatingIncome": 129418047, "operatingIncomeRatio": 0.3078453377, "totalOtherIncomeExpensesNet": -126937845, "incomeBeforeTax": -18126950, "incomeBeforeTaxRatio": -0.043118384, "incomeTaxExpense": -32236621, "netIncome": 13762899, "netIncomeRatio": 0.0327376621, "eps": 0.27, "epsdiluted": 0.26, "weightedAverageShsOut": 50973700, "weightedAverageShsOutDil": 52934227, "link": null, "finalLink": null, "calculatedOtherExpenses": 160209982, "calculatedOperatingExpenses": 201903047, "calculatedNetInterest": -19412047, "calculatedOtherIncome": -128132950, "calculatedIncomeNonControlling": 346772, "calculatedEbitda": 301396689}, {"date": "2003-12-31", "symbol": "BTE", "reportedCurrency": "CAD", "cik": "0001279495", "fillingDate": "2003-12-31", "acceptedDate": "2003-12-30 19:00:00", "calendarYear": "2003", "period": "FY", "revenue": 351404000, "costOfRevenue": 86034000, "grossProfit": 265370000, "grossProfitRatio": 0.7551706867, "researchAndDevelopmentExpenses": 0, "generalAndAdministrativeExpenses": 0, "sellingAndMarketingExpenses": 0, "sellingGeneralAndAdministrativeExpenses": 9666000, "otherExpenses": 0, "operatingExpenses": 125983000, "costAndExpenses": 212017000, "interestIncome": 0, "interestExpense": 23548000, "depreciationAndAmortization": 117344000, "ebitda": 338400000, "ebitdaratio": 0.9629941606, "operatingIncome": 136414000, "operatingIncomeRatio": 0.3881970609, "totalOtherIncomeExpensesNet": -81669000, "incomeBeforeTax": 34170000, "incomeBeforeTaxRatio": 0.0972385061, "incomeTaxExpense": -3968000, "netIncome": 38138000, "netIncomeRatio": 0.1085303525, "eps": 0.7, "epsdiluted": 0.66, "weightedAverageShsOut": 54309091, "weightedAverageShsOutDil": 57812903, "link": null, "finalLink": null, "calculatedOtherExpenses": 119290000, "calculatedOperatingExpenses": 128956000, "calculatedNetInterest": -23548000, "calculatedOtherIncome": -78696000, "calculatedIncomeNonControlling": 0, "calculatedEbitda": 253758000}, {"date": "2002-12-31", "symbol": "BTE", "reportedCurrency": "CAD", "cik": "0001279495", "fillingDate": "2002-12-31", "acceptedDate": "2002-12-30 19:00:00", "calendarYear": "2002", "period": "FY", "revenue": 365860000, "costOfRevenue": 75228000, "grossProfit": 290632000, "grossProfitRatio": 0.7943803641, "researchAndDevelopmentExpenses": 0, "generalAndAdministrativeExpenses": 0, "sellingAndMarketingExpenses": 0, "sellingGeneralAndAdministrativeExpenses": 6743000, "otherExpenses": 0, "operatingExpenses": 113577000, "costAndExpenses": 188805000, "interestIncome": 0, "interestExpense": 25217000, "depreciationAndAmortization": 107886000, "ebitda": 343971000, "ebitdaratio": 0.9401711037, "operatingIncome": 177055000, "operatingIncomeRatio": 0.483941945, "totalOtherIncomeExpensesNet": -59030000, "incomeBeforeTax": 92808000, "incomeBeforeTaxRatio": 0.253670803, "incomeTaxExpense": 47672000, "netIncome": 45136000, "netIncomeRatio": 0.1233695949, "eps": 0.86, "epsdiluted": 0.85, "weightedAverageShsOut": 52298000, "weightedAverageShsOutDil": 53237000, "link": null, "finalLink": null, "calculatedOtherExpenses": 106834000, "calculatedOperatingExpenses": 113577000, "calculatedNetInterest": -25217000, "calculatedOtherIncome": -59030000, "calculatedIncomeNonControlling": 0, "calculatedEbitda": 284941000}, {"date": "2001-12-31", "symbol": "BTE", "reportedCurrency": "CAD", "cik": "0001279495", "fillingDate": "2001-12-31", "acceptedDate": "2001-12-30 19:00:00", "calendarYear": "2001", "period": "FY", "revenue": 329700000, "costOfRevenue": 83439000, "grossProfit": 246261000, "grossProfitRatio": 0.7469244768, "researchAndDevelopmentExpenses": 0, "generalAndAdministrativeExpenses": 0, "sellingAndMarketingExpenses": 0, "sellingGeneralAndAdministrativeExpenses": 5262000, "otherExpenses": 0, "operatingExpenses": 372646000, "costAndExpenses": 456085000, "interestIncome": 0, "interestExpense": 33850000, "depreciationAndAmortization": 369238000, "ebitda": 304570000, "ebitdaratio": 0.9237791932, "operatingIncome": -126385000, "operatingIncomeRatio": -0.3833333333, "totalOtherIncomeExpensesNet": -61717000, "incomeBeforeTax": -221952000, "incomeBeforeTaxRatio": -0.6731938126, "incomeTaxExpense": -93443000, "netIncome": -128509000, "netIncomeRatio": -0.3897755535, "eps": -2.6, "epsdiluted": -2.56, "weightedAverageShsOut": 49500000, "weightedAverageShsOutDil": 50200000, "link": null, "finalLink": null, "calculatedOtherExpenses": 367384000, "calculatedOperatingExpenses": 372646000, "calculatedNetInterest": -33850000, "calculatedOtherIncome": -61717000, "calculatedIncomeNonControlling": 0, "calculatedEbitda": 242853000}, {"date": "2000-12-31", "symbol": "BTE", "reportedCurrency": "CAD", "cik": "0001279495", "fillingDate": "2000-12-31", "acceptedDate": "2000-12-30 19:00:00", "calendarYear": "2000", "period": "FY", "revenue": 286226000, "costOfRevenue": 53815000, "grossProfit": 232411000, "grossProfitRatio": 0.8119842362, "researchAndDevelopmentExpenses": 0, "generalAndAdministrativeExpenses": 0, "sellingAndMarketingExpenses": 0, "sellingGeneralAndAdministrativeExpenses": 7761000, "otherExpenses": 0, "operatingExpenses": 92363000, "costAndExpenses": 146178000, "interestIncome": 0, "interestExpense": 13825000, "depreciationAndAmortization": 84602000, "ebitda": 275076000, "ebitdaratio": 0.9610447688, "operatingIncome": 140048000, "operatingIncomeRatio": 0.4892916786, "totalOtherIncomeExpensesNet": -50426000, "incomeBeforeTax": 75797000, "incomeBeforeTaxRatio": 0.2648152159, "incomeTaxExpense": 32009000, "netIncome": 43788000, "netIncomeRatio": 0.1529840056, "eps": 0.96, "epsdiluted": 0.96, "weightedAverageShsOut": 45791000, "weightedAverageShsOutDil": 45791000, "link": null, "finalLink": null, "calculatedOtherExpenses": 84602000, "calculatedOperatingExpenses": 92363000, "calculatedNetInterest": -13825000, "calculatedOtherIncome": -50426000, "calculatedIncomeNonControlling": 0, "calculatedEbitda": 224650000}, {"date": "1999-12-31", "symbol": "BTE", "reportedCurrency": "CAD", "cik": "0001279495", "fillingDate": "1999-12-31", "acceptedDate": "1999-12-30 19:00:00", "calendarYear": "1999", "period": "FY", "revenue": 120100000, "costOfRevenue": 25700000, "grossProfit": 94400000, "grossProfitRatio": 0.786011657, "researchAndDevelopmentExpenses": 0, "generalAndAdministrativeExpenses": 0, "sellingAndMarketingExpenses": 0, "sellingGeneralAndAdministrativeExpenses": 5300000, "otherExpenses": 0, "operatingExpenses": 43300000, "costAndExpenses": 69000000, "interestIncome": 0, "interestExpense": 0, "depreciationAndAmortization": 38000000, "ebitda": 106400000, "ebitdaratio": 0.885928393, "operatingIncome": 68400000, "operatingIncomeRatio": 0.5695253955, "totalOtherIncomeExpensesNet": -17300000, "incomeBeforeTax": 25200000, "incomeBeforeTaxRatio": 0.2098251457, "incomeTaxExpense": 11100000, "netIncome": 14100000, "netIncomeRatio": 0.1174021649, "eps": 0.4, "epsdiluted": 0.39, "weightedAverageShsOut": 35250000, "weightedAverageShsOutDil": 36153846, "link": null, "finalLink": null, "calculatedOtherExpenses": 20700000, "calculatedOperatingExpenses": 26000000, "calculatedNetInterest": 0, "calculatedOtherIncome": -43200000, "calculatedIncomeNonControlling": 0, "calculatedEbitda": 106400000}, {"date": "1998-12-31", "symbol": "BTE", "reportedCurrency": "CAD", "cik": "0001279495", "fillingDate": "1998-12-31", "acceptedDate": "1998-12-30 19:00:00", "calendarYear": "1998", "period": "FY", "revenue": 102300000, "costOfRevenue": 30100000, "grossProfit": 72200000, "grossProfitRatio": 0.7057673509, "researchAndDevelopmentExpenses": 0, "generalAndAdministrativeExpenses": 0, "sellingAndMarketingExpenses": 0, "sellingGeneralAndAdministrativeExpenses": 5600000, "otherExpenses": 0, "operatingExpenses": 112400000, "costAndExpenses": 142500000, "interestIncome": 0, "interestExpense": 10000000, "depreciationAndAmortization": 106800000, "ebitda": 80500000, "ebitdaratio": 0.7869012708, "operatingIncome": -40200000, "operatingIncomeRatio": -0.3929618768, "totalOtherIncomeExpensesNet": -13900000, "incomeBeforeTax": -64100000, "incomeBeforeTaxRatio": -0.6265884653, "incomeTaxExpense": -25700000, "netIncome": -38400000, "netIncomeRatio": -0.3753665689, "eps": -1.12, "epsdiluted": -1.12, "weightedAverageShsOut": 34285714, "weightedAverageShsOutDil": 34285714, "link": null, "finalLink": null, "calculatedOtherExpenses": 106800000, "calculatedOperatingExpenses": 112400000, "calculatedNetInterest": -10000000, "calculatedOtherIncome": -13900000, "calculatedIncomeNonControlling": 0, "calculatedEbitda": 66600000}, {"date": "1997-12-31", "symbol": "BTE", "reportedCurrency": "CAD", "cik": "0001279495", "fillingDate": "1997-12-31", "acceptedDate": "1997-12-30 19:00:00", "calendarYear": "1997", "period": "FY", "revenue": 123800000, "costOfRevenue": 32600000, "grossProfit": 91200000, "grossProfitRatio": 0.7366720517, "researchAndDevelopmentExpenses": 0, "generalAndAdministrativeExpenses": 0, "sellingAndMarketingExpenses": 0, "sellingGeneralAndAdministrativeExpenses": 3300000, "otherExpenses": 0, "operatingExpenses": 47800000, "costAndExpenses": 80400000, "interestIncome": 0, "interestExpense": 0, "depreciationAndAmortization": 44500000, "ebitda": 106700000, "ebitdaratio": 0.8618739903, "operatingIncome": 62200000, "operatingIncomeRatio": 0.5024232633, "totalOtherIncomeExpensesNet": -18800000, "incomeBeforeTax": 20300000, "incomeBeforeTaxRatio": 0.1639741519, "incomeTaxExpense": 9300000, "netIncome": 11000000, "netIncomeRatio": 0.0888529887, "eps": 0.36, "epsdiluted": 0.36, "weightedAverageShsOut": 30555556, "weightedAverageShsOutDil": 30555556, "link": null, "finalLink": null, "calculatedOtherExpenses": 25700000, "calculatedOperatingExpenses": 29000000, "calculatedNetInterest": 0, "calculatedOtherIncome": -41900000, "calculatedIncomeNonControlling": 0, "calculatedEbitda": 106700000}, {"date": "1996-12-31", "symbol": "BTE", "reportedCurrency": "CAD", "cik": "0001279495", "fillingDate": "1996-12-31", "acceptedDate": "1996-12-30 19:00:00", "calendarYear": "1996", "period": "FY", "revenue": 15700000, "costOfRevenue": 3700000, "grossProfit": 12000000, "grossProfitRatio": 0.7643312102, "researchAndDevelopmentExpenses": 0, "generalAndAdministrativeExpenses": 0, "sellingAndMarketingExpenses": 0, "sellingGeneralAndAdministrativeExpenses": 600000, "otherExpenses": 0, "operatingExpenses": 5200000, "costAndExpenses": 8900000, "interestIncome": 0, "interestExpense": 400000, "depreciationAndAmortization": 4600000, "ebitda": 11200000, "ebitdaratio": 0.7133757962, "operatingIncome": 6800000, "operatingIncomeRatio": 0.4331210191, "totalOtherIncomeExpensesNet": 200000, "incomeBeforeTax": 6600000, "incomeBeforeTaxRatio": 0.4203821656, "incomeTaxExpense": 2300000, "netIncome": 4300000, "netIncomeRatio": 0.2738853503, "eps": 0.18, "epsdiluted": 0.16, "weightedAverageShsOut": 23555556, "weightedAverageShsOutDil": 27179487, "link": null, "finalLink": null, "calculatedOtherExpenses": 4600000, "calculatedOperatingExpenses": 5200000, "calculatedNetInterest": -400000, "calculatedOtherIncome": 200000, "calculatedIncomeNonControlling": 0, "calculatedEbitda": 11400000}, {"date": "1995-12-31", "symbol": "BTE", "reportedCurrency": "CAD", "cik": "0001279495", "fillingDate": "1995-12-31", "acceptedDate": "1995-12-30 19:00:00", "calendarYear": "1995", "period": "FY", "revenue": 6200000, "costOfRevenue": 1500000, "grossProfit": 4700000, "grossProfitRatio": 0.7580645161, "researchAndDevelopmentExpenses": 0, "generalAndAdministrativeExpenses": 0, "sellingAndMarketingExpenses": 0, "sellingGeneralAndAdministrativeExpenses": 500000, "otherExpenses": 0, "operatingExpenses": 2400000, "costAndExpenses": 3900000, "interestIncome": 0, "interestExpense": 300000, "depreciationAndAmortization": 1900000, "ebitda": 5000000, "ebitdaratio": 0.8064516129, "operatingIncome": 2300000, "operatingIncomeRatio": 0.3709677419, "totalOtherIncomeExpensesNet": -800000, "incomeBeforeTax": 1300000, "incomeBeforeTaxRatio": 0.2096774194, "incomeTaxExpense": 500000, "netIncome": 800000, "netIncomeRatio": 0.1290322581, "eps": 0.12, "epsdiluted": 0.09, "weightedAverageShsOut": 6666667, "weightedAverageShsOutDil": 8888889, "link": null, "finalLink": null, "calculatedOtherExpenses": 1900000, "calculatedOperatingExpenses": 2400000, "calculatedNetInterest": -300000, "calculatedOtherIncome": -700000, "calculatedIncomeNonControlling": 0, "calculatedEbitda": 4200000}]}