{"originalCurrency": "USD", "convertedCurrency": "USD", "report": [{"date": "2023-12-31", "symbol": "BTU", "reportedCurrency": "USD", "cik": "0001064728", "fillingDate": "2024-02-23", "acceptedDate": "2024-02-23 06:21:39", "calendarYear": "2023", "period": "FY", "revenue": 4868600000, "costOfRevenue": 3755100000, "grossProfit": 1113500000, "grossProfitRatio": 0.2287105123, "researchAndDevelopmentExpenses": 0, "generalAndAdministrativeExpenses": 0, "sellingAndMarketingExpenses": 0, "sellingGeneralAndAdministrativeExpenses": 131600000, "otherExpenses": 41900000, "operatingExpenses": 131600000, "costAndExpenses": 3886700000, "interestIncome": 76800000, "interestExpense": 59800000, "depreciationAndAmortization": 371900000, "ebitda": 1353800000, "ebitdaratio": 0.278067617, "operatingIncome": 981900000, "operatingIncomeRatio": 0.2016801545, "totalOtherIncomeExpensesNet": 142900000, "incomeBeforeTax": 1124800000, "incomeBeforeTaxRatio": 0.231031508, "incomeTaxExpense": 308800000, "netIncome": 759600000, "netIncomeRatio": 0.1560202111, "eps": 5.52, "epsdiluted": 5, "weightedAverageShsOut": 137600000, "weightedAverageShsOutDil": 154300000, "link": "https://www.sec.gov/Archives/edgar/data/1064728/000106472824000021/0001064728-24-000021-index.htm", "finalLink": "https://www.sec.gov/Archives/edgar/data/1064728/000106472824000021/btu-20231231.htm", "calculatedOtherExpenses": 0, "calculatedOperatingExpenses": 131600000, "calculatedNetInterest": 17000000, "calculatedOtherIncome": 125900000, "calculatedIncomeNonControlling": 56400000, "calculatedEbitda": 1353800000}, {"date": "2022-12-31", "symbol": "BTU", "reportedCurrency": "USD", "cik": "0001064728", "fillingDate": "2023-02-24", "acceptedDate": "2023-02-24 06:35:19", "calendarYear": "2022", "period": "FY", "revenue": 4981900000, "costOfRevenue": 3290800000, "grossProfit": 1691100000, "grossProfitRatio": 0.3394488047, "researchAndDevelopmentExpenses": 0, "generalAndAdministrativeExpenses": 0, "sellingAndMarketingExpenses": 0, "sellingGeneralAndAdministrativeExpenses": 88800000, "otherExpenses": 367000000, "operatingExpenses": 455800000, "costAndExpenses": 3746600000, "interestIncome": 18400000, "interestExpense": 140300000, "depreciationAndAmortization": 397700000, "ebitda": 1779300000, "ebitdaratio": 0.3571528935, "operatingIncome": 1381600000, "operatingIncomeRatio": 0.2773239126, "totalOtherIncomeExpensesNet": -103000000, "incomeBeforeTax": 1278600000, "incomeBeforeTaxRatio": 0.2566490696, "incomeTaxExpense": -38800000, "netIncome": 1297100000, "netIncomeRatio": 0.2603625123, "eps": 9.13, "epsdiluted": 8.25, "weightedAverageShsOut": 142100000, "weightedAverageShsOutDil": 157200000, "link": "https://www.sec.gov/Archives/edgar/data/1064728/000106472823000013/0001064728-23-000013-index.htm", "finalLink": "https://www.sec.gov/Archives/edgar/data/1064728/000106472823000013/btu-20221231.htm", "calculatedOtherExpenses": 220700000, "calculatedOperatingExpenses": 309500000, "calculatedNetInterest": -121900000, "calculatedOtherIncome": 18900000, "calculatedIncomeNonControlling": 20300000, "calculatedEbitda": 1779300000}, {"date": "2021-12-31", "symbol": "BTU", "reportedCurrency": "USD", "cik": "0001064728", "fillingDate": "2022-02-18", "acceptedDate": "2022-02-18 16:35:51", "calendarYear": "2021", "period": "FY", "revenue": 3318300000, "costOfRevenue": 2553100000, "grossProfit": 765200000, "grossProfitRatio": 0.230600006, "researchAndDevelopmentExpenses": 0, "generalAndAdministrativeExpenses": 0, "sellingAndMarketingExpenses": 0, "sellingGeneralAndAdministrativeExpenses": 84900000, "otherExpenses": 353400000, "operatingExpenses": 438300000, "costAndExpenses": 2991400000, "interestIncome": 6500000, "interestExpense": 183400000, "depreciationAndAmortization": 373700000, "ebitda": 805900000, "ebitdaratio": 0.2428653226, "operatingIncome": 432200000, "operatingIncomeRatio": 0.1302474158, "totalOtherIncomeExpensesNet": -62000000, "incomeBeforeTax": 370200000, "incomeBeforeTaxRatio": 0.1115631498, "incomeTaxExpense": 22800000, "netIncome": 360100000, "netIncomeRatio": 0.1085194226, "eps": 3.24, "epsdiluted": 3.22, "weightedAverageShsOut": 111100000, "weightedAverageShsOutDil": 112000000, "link": "https://www.sec.gov/Archives/edgar/data/1064728/000106472822000008/0001064728-22-000008-index.htm", "finalLink": "https://www.sec.gov/Archives/edgar/data/1064728/000106472822000008/btu-20211231.htm", "calculatedOtherExpenses": 248100000, "calculatedOperatingExpenses": 333000000, "calculatedNetInterest": -176900000, "calculatedOtherIncome": 114900000, "calculatedIncomeNonControlling": -12700000, "calculatedEbitda": 805900000}, {"date": "2020-12-31", "symbol": "BTU", "reportedCurrency": "USD", "cik": "0001064728", "fillingDate": "2021-02-23", "acceptedDate": "2021-02-23 06:35:32", "calendarYear": "2020", "period": "FY", "revenue": 2881100000, "costOfRevenue": 2524900000, "grossProfit": 356200000, "grossProfitRatio": 0.1236333345, "researchAndDevelopmentExpenses": 0, "generalAndAdministrativeExpenses": 0, "sellingAndMarketingExpenses": 0, "sellingGeneralAndAdministrativeExpenses": 99500000, "otherExpenses": 391700000, "operatingExpenses": 491200000, "costAndExpenses": 3016100000, "interestIncome": 9400000, "interestExpense": 139800000, "depreciationAndAmortization": 346000000, "ebitda": 167200000, "ebitdaratio": 0.05803339, "operatingIncome": -178800000, "operatingIncomeRatio": -0.06205963, "totalOtherIncomeExpensesNet": -1673000000, "incomeBeforeTax": -1851800000, "incomeBeforeTaxRatio": -0.6427406199, "incomeTaxExpense": 8000000, "netIncome": -1859800000, "netIncomeRatio": -0.6455173371, "eps": -19.04, "epsdiluted": -19.04, "weightedAverageShsOut": 97700000, "weightedAverageShsOutDil": 97700000, "link": "https://www.sec.gov/Archives/edgar/data/1064728/000106472821000008/0001064728-21-000008-index.htm", "finalLink": "https://www.sec.gov/Archives/edgar/data/1064728/000106472821000008/btu-20201231.htm", "calculatedOtherExpenses": 435500000, "calculatedOperatingExpenses": 535000000, "calculatedNetInterest": -130400000, "calculatedOtherIncome": -1542600000, "calculatedIncomeNonControlling": 0, "calculatedEbitda": 167200000}, {"date": "2019-12-31", "symbol": "BTU", "reportedCurrency": "USD", "cik": "0001064728", "fillingDate": "2020-02-21", "acceptedDate": "2020-02-21 17:04:35", "calendarYear": "2019", "period": "FY", "revenue": 4623400000, "costOfRevenue": 3536600000, "grossProfit": 1086800000, "grossProfitRatio": 0.2350651036, "researchAndDevelopmentExpenses": 0, "generalAndAdministrativeExpenses": 164400000, "sellingAndMarketingExpenses": -19400000, "sellingGeneralAndAdministrativeExpenses": 145000000, "otherExpenses": 742600000, "operatingExpenses": 887600000, "costAndExpenses": 4424200000, "interestIncome": 27000000, "interestExpense": 144000000, "depreciationAndAmortization": 601000000, "ebitda": 743800000, "ebitdaratio": 0.1608772765, "operatingIncome": 142800000, "operatingIncomeRatio": 0.0308863607, "totalOtherIncomeExpensesNet": -285100000, "incomeBeforeTax": -142300000, "incomeBeforeTaxRatio": -0.0307782152, "incomeTaxExpense": 46000000, "netIncome": -188300000, "netIncomeRatio": -0.0407276031, "eps": -1.82, "epsdiluted": -1.82, "weightedAverageShsOut": 103700000, "weightedAverageShsOutDil": 103700000, "link": "https://www.sec.gov/Archives/edgar/data/1064728/000106472820000007/0001064728-20-000007-index.htm", "finalLink": "https://www.sec.gov/Archives/edgar/data/1064728/000106472820000007/btu20191231-10k.htm", "calculatedOtherExpenses": 799000000, "calculatedOperatingExpenses": 944000000, "calculatedNetInterest": -117000000, "calculatedOtherIncome": -168100000, "calculatedIncomeNonControlling": 0, "calculatedEbitda": 743800000}, {"date": "2018-12-31", "symbol": "BTU", "reportedCurrency": "USD", "cik": "0001064728", "fillingDate": "2019-02-27", "acceptedDate": "2019-02-27 07:59:17", "calendarYear": "2018", "period": "FY", "revenue": 5581800000, "costOfRevenue": 4072600000, "grossProfit": 1509200000, "grossProfitRatio": 0.2703787309, "researchAndDevelopmentExpenses": 0, "generalAndAdministrativeExpenses": 176200000, "sellingAndMarketingExpenses": -18100000, "sellingGeneralAndAdministrativeExpenses": 158100000, "otherExpenses": 798400000, "operatingExpenses": 956500000, "costAndExpenses": 5029100000, "interestIncome": 33600000, "interestExpense": 149300000, "depreciationAndAmortization": 779200000, "ebitda": 1440800000, "ebitdaratio": 0.2581246193, "operatingIncome": 661600000, "operatingIncomeRatio": 0.1185280734, "totalOtherIncomeExpensesNet": 2500000, "incomeBeforeTax": 664100000, "incomeBeforeTaxRatio": 0.1189759576, "incomeTaxExpense": 18400000, "netIncome": 646900000, "netIncomeRatio": 0.1158945143, "eps": 5.42, "epsdiluted": 5.35, "weightedAverageShsOut": 119300000, "weightedAverageShsOutDil": 121000000, "link": "https://www.sec.gov/Archives/edgar/data/1064728/000106472819000013/0001064728-19-000013-index.htm", "finalLink": "https://www.sec.gov/Archives/edgar/data/1064728/000106472819000013/btu_20181231-10k.htm", "calculatedOtherExpenses": 689500000, "calculatedOperatingExpenses": 847600000, "calculatedNetInterest": -115700000, "calculatedOtherIncome": 118200000, "calculatedIncomeNonControlling": -1200000, "calculatedEbitda": 1440800000}, {"date": "2017-12-31", "symbol": "BTU", "reportedCurrency": "USD", "cik": "0001064728", "fillingDate": "2018-02-26", "acceptedDate": "2018-02-26 16:32:26", "calendarYear": "2017", "period": "FY", "revenue": 5578800000, "costOfRevenue": 4031600000, "grossProfit": 1547200000, "grossProfitRatio": 0.2773356277, "researchAndDevelopmentExpenses": 0, "generalAndAdministrativeExpenses": 142600000, "sellingAndMarketingExpenses": 0, "sellingGeneralAndAdministrativeExpenses": 142600000, "otherExpenses": 652100000, "operatingExpenses": 794700000, "costAndExpenses": 4826300000, "interestIncome": 8300000, "interestExpense": 152600000, "depreciationAndAmortization": 570600000, "ebitda": 1455800000, "ebitdaratio": 0.2609521761, "operatingIncome": 885200000, "operatingIncomeRatio": 0.1586721159, "totalOtherIncomeExpensesNet": -515400000, "incomeBeforeTax": 92800000, "incomeBeforeTaxRatio": 0.0166344017, "incomeTaxExpense": -424800000, "netIncome": 461600000, "netIncomeRatio": 0.0827418083, "eps": -6.93, "epsdiluted": -8.18, "weightedAverageShsOut": 131400000, "weightedAverageShsOutDil": 131400000, "link": "https://www.sec.gov/Archives/edgar/data/1064728/000106472818000007/0001064728-18-000007-index.htm", "finalLink": "https://www.sec.gov/Archives/edgar/data/1064728/000106472818000007/btu_20171231-10k.htm", "calculatedOtherExpenses": 519400000, "calculatedOperatingExpenses": 662000000, "calculatedNetInterest": -144300000, "calculatedOtherIncome": -648100000, "calculatedIncomeNonControlling": 56000000, "calculatedEbitda": 1455800000}, {"date": "2016-12-31", "symbol": "BTU", "reportedCurrency": "USD", "cik": "0001064728", "fillingDate": "2017-03-22", "acceptedDate": "2017-03-21 17:52:51", "calendarYear": "2016", "period": "FY", "revenue": 4715300000, "costOfRevenue": 4107600000, "grossProfit": 607700000, "grossProfitRatio": 0.1288783322, "researchAndDevelopmentExpenses": 0, "generalAndAdministrativeExpenses": 131900000, "sellingAndMarketingExpenses": 0, "sellingGeneralAndAdministrativeExpenses": 131900000, "otherExpenses": 507200000, "operatingExpenses": 639100000, "costAndExpenses": 4746700000, "interestIncome": 5700000, "interestExpense": 298600000, "depreciationAndAmortization": 465400000, "ebitda": 455900000, "ebitdaratio": 0.0966852586, "operatingIncome": -276900000, "operatingIncomeRatio": -0.0587237291, "totalOtherIncomeExpensesNet": -434000000, "incomeBeforeTax": -758300000, "incomeBeforeTaxRatio": -0.1608169151, "incomeTaxExpense": -84000000, "netIncome": -739800000, "netIncomeRatio": -0.1568935168, "eps": -40.44, "epsdiluted": -40.43, "weightedAverageShsOut": 18292483, "weightedAverageShsOutDil": 18300000, "link": "https://www.sec.gov/Archives/edgar/data/1064728/000106472817000026/0001064728-17-000026-index.htm", "finalLink": "https://www.sec.gov/Archives/edgar/data/1064728/000106472817000026/btu-20161231x10k.htm", "calculatedOtherExpenses": 752700000, "calculatedOperatingExpenses": 884600000, "calculatedNetInterest": -292900000, "calculatedOtherIncome": -188500000, "calculatedIncomeNonControlling": 65500000, "calculatedEbitda": 188500000}, {"date": "2015-12-31", "symbol": "BTU", "reportedCurrency": "USD", "cik": "0001064728", "fillingDate": "2016-03-16", "acceptedDate": "2016-03-15 21:04:02", "calendarYear": "2015", "period": "FY", "revenue": 5609200000, "costOfRevenue": 5007700000, "grossProfit": 601500000, "grossProfitRatio": 0.1072345433, "researchAndDevelopmentExpenses": 0, "generalAndAdministrativeExpenses": 176400000, "sellingAndMarketingExpenses": 0, "sellingGeneralAndAdministrativeExpenses": 176400000, "otherExpenses": 617700000, "operatingExpenses": 794100000, "costAndExpenses": 5801800000, "interestIncome": 7700000, "interestExpense": 465400000, "depreciationAndAmortization": 572200000, "ebitda": 371400000, "ebitdaratio": 0.0662126506, "operatingIncome": -1464800000, "operatingIncomeRatio": -0.2611424089, "totalOtherIncomeExpensesNet": -1340000000, "incomeBeforeTax": -1990300000, "incomeBeforeTaxRatio": -0.3548277829, "incomeTaxExpense": -135000000, "netIncome": -2044600000, "netIncomeRatio": -0.3645083078, "eps": -112.96, "epsdiluted": -110.52, "weightedAverageShsOut": 18100000, "weightedAverageShsOutDil": 18500000, "link": "https://www.sec.gov/Archives/edgar/data/1064728/000106472816000157/0001064728-16-000157-index.htm", "finalLink": "https://www.sec.gov/Archives/edgar/data/1064728/000106472816000157/btu-20151231x10k.htm", "calculatedOtherExpenses": 1889900000, "calculatedOperatingExpenses": 2066300000, "calculatedNetInterest": -457700000, "calculatedOtherIncome": -67800000, "calculatedIncomeNonControlling": 189300000, "calculatedEbitda": -892600000}, {"date": "2014-12-31", "symbol": "BTU", "reportedCurrency": "USD", "cik": "0001064728", "fillingDate": "2015-02-25", "acceptedDate": "2015-02-25 16:29:09", "calendarYear": "2014", "period": "FY", "revenue": 6792200000, "costOfRevenue": 5716900000, "grossProfit": 1075300000, "grossProfitRatio": 0.1583139484, "researchAndDevelopmentExpenses": 0, "generalAndAdministrativeExpenses": 227100000, "sellingAndMarketingExpenses": 0, "sellingGeneralAndAdministrativeExpenses": 227100000, "otherExpenses": 736700000, "operatingExpenses": 963800000, "costAndExpenses": 6680700000, "interestIncome": 15400000, "interestExpense": 426600000, "depreciationAndAmortization": 655700000, "ebitda": 675000000, "ebitdaratio": 0.0993786991, "operatingIncome": -135100000, "operatingIncomeRatio": -0.0198904626, "totalOtherIncomeExpensesNet": -248200000, "incomeBeforeTax": -547900000, "incomeBeforeTaxRatio": -0.0806660581, "incomeTaxExpense": 201200000, "netIncome": -787000000, "netIncomeRatio": -0.1158682018, "eps": -43.45, "epsdiluted": -2.94, "weightedAverageShsOut": 18113423, "weightedAverageShsOutDil": 268100000, "link": "https://www.sec.gov/Archives/edgar/data/1064728/000106472815000021/0001064728-15-000021-index.htm", "finalLink": "https://www.sec.gov/Archives/edgar/data/1064728/000106472815000021/btu-20141231x10k.htm", "calculatedOtherExpenses": 983300000, "calculatedOperatingExpenses": 1210400000, "calculatedNetInterest": -411200000, "calculatedOtherIncome": -1600000, "calculatedIncomeNonControlling": 37900000, "calculatedEbitda": 520600000}, {"date": "2013-12-31", "symbol": "BTU", "reportedCurrency": "USD", "cik": "0001064728", "fillingDate": "2014-02-21", "acceptedDate": "2014-02-21 15:32:17", "calendarYear": "2013", "period": "FY", "revenue": 7013700000, "costOfRevenue": 5736100000, "grossProfit": 1277600000, "grossProfitRatio": 0.1821577769, "researchAndDevelopmentExpenses": 0, "generalAndAdministrativeExpenses": 249100000, "sellingAndMarketingExpenses": 0, "sellingGeneralAndAdministrativeExpenses": 249100000, "otherExpenses": 806800000, "operatingExpenses": 1055900000, "costAndExpenses": 6792000000, "interestIncome": 15700000, "interestExpense": 408300000, "depreciationAndAmortization": 740300000, "ebitda": 937500000, "ebitdaratio": 0.1336669661, "operatingIncome": -324800000, "operatingIncomeRatio": -0.046309366, "totalOtherIncomeExpensesNet": -563400000, "incomeBeforeTax": -734300000, "incomeBeforeTaxRatio": -0.1046950967, "incomeTaxExpense": -448300000, "netIncome": -524900000, "netIncomeRatio": -0.0748392432, "eps": -29.15, "epsdiluted": -1.97, "weightedAverageShsOut": 18006756, "weightedAverageShsOutDil": 267100000, "link": "https://www.sec.gov/Archives/edgar/data/1064728/000106472814000015/0001064728-14-000015-index.htm", "finalLink": "https://www.sec.gov/Archives/edgar/data/1064728/000106472814000015/btu-2013123110k.htm", "calculatedOtherExpenses": 1353300000, "calculatedOperatingExpenses": 1602400000, "calculatedNetInterest": -392600000, "calculatedOtherIncome": -16900000, "calculatedIncomeNonControlling": 238900000, "calculatedEbitda": 415500000}, {"date": "2012-12-31", "symbol": "BTU", "reportedCurrency": "USD", "cik": "0001064728", "fillingDate": "2013-02-25", "acceptedDate": "2013-02-25 15:03:00", "calendarYear": "2012", "period": "FY", "revenue": 8077500000, "costOfRevenue": 5932700000, "grossProfit": 2144800000, "grossProfitRatio": 0.2655277004, "researchAndDevelopmentExpenses": 0, "generalAndAdministrativeExpenses": 268800000, "sellingAndMarketingExpenses": 0, "sellingGeneralAndAdministrativeExpenses": 268800000, "otherExpenses": 730400000, "operatingExpenses": 999200000, "costAndExpenses": 6931900000, "interestIncome": 24500000, "interestExpense": 405600000, "depreciationAndAmortization": 663400000, "ebitda": 1772300000, "ebitdaratio": 0.2194119468, "operatingIncome": 172500000, "operatingIncomeRatio": 0.0213556175, "totalOtherIncomeExpensesNet": -973100000, "incomeBeforeTax": -208600000, "incomeBeforeTaxRatio": -0.025824822, "incomeTaxExpense": 262300000, "netIncome": -585700000, "netIncomeRatio": -0.0725100588, "eps": -32.71, "epsdiluted": -2.19, "weightedAverageShsOut": 17906756, "weightedAverageShsOutDil": 268000000, "link": "https://www.sec.gov/Archives/edgar/data/1064728/000106472813000014/0001064728-13-000014-index.htm", "finalLink": "https://www.sec.gov/Archives/edgar/data/1064728/000106472813000014/btu_2012123110k.htm", "calculatedOtherExpenses": 1703500000, "calculatedOperatingExpenses": 1972300000, "calculatedNetInterest": -381100000, "calculatedOtherIncome": 0, "calculatedIncomeNonControlling": 114800000, "calculatedEbitda": 835900000}, {"date": "2011-12-31", "symbol": "BTU", "reportedCurrency": "USD", "cik": "0001064728", "fillingDate": "2012-02-27", "acceptedDate": "2012-02-27 12:31:55", "calendarYear": "2011", "period": "FY", "revenue": 7974400000, "costOfRevenue": 5550000000, "grossProfit": 2424400000, "grossProfitRatio": 0.3040228732, "researchAndDevelopmentExpenses": 0, "generalAndAdministrativeExpenses": 268200000, "sellingAndMarketingExpenses": 0, "sellingGeneralAndAdministrativeExpenses": 268200000, "otherExpenses": 535300000, "operatingExpenses": 803500000, "costAndExpenses": 6353500000, "interestIncome": 18900000, "interestExpense": 238600000, "depreciationAndAmortization": 482200000, "ebitda": 2122000000, "ebitdaratio": 0.2661015249, "operatingIncome": 1593400000, "operatingIncomeRatio": 0.1998144061, "totalOtherIncomeExpensesNet": -27500000, "incomeBeforeTax": 1373700000, "incomeBeforeTaxRatio": 0.172263744, "incomeTaxExpense": 363200000, "netIncome": 957700000, "netIncomeRatio": 0.1200968098, "eps": 52.99, "epsdiluted": 3.52, "weightedAverageShsOut": 18073423, "weightedAverageShsOutDil": 270300000, "link": "https://www.sec.gov/Archives/edgar/data/1064728/000106472812000020/0001064728-12-000020-index.htm", "finalLink": "https://www.sec.gov/Archives/edgar/data/1064728/000106472812000020/btu-20111231x10k.htm", "calculatedOtherExpenses": 562800000, "calculatedOperatingExpenses": 831000000, "calculatedNetInterest": -219700000, "calculatedOtherIncome": 0, "calculatedIncomeNonControlling": 52800000, "calculatedEbitda": 2075600000}, {"date": "2010-12-31", "symbol": "BTU", "reportedCurrency": "USD", "cik": "0001064728", "fillingDate": "2011-02-28", "acceptedDate": "2011-02-28 11:25:23", "calendarYear": "2010", "period": "FY", "revenue": 6860000000, "costOfRevenue": 4841000000, "grossProfit": 2019000000, "grossProfitRatio": 0.2943148688, "researchAndDevelopmentExpenses": 0, "generalAndAdministrativeExpenses": 280700000, "sellingAndMarketingExpenses": 0, "sellingGeneralAndAdministrativeExpenses": 280700000, "otherExpenses": 412600000, "operatingExpenses": 721600000, "costAndExpenses": 5562600000, "interestIncome": 9600000, "interestExpense": 222100000, "depreciationAndAmortization": 440900000, "ebitda": 1746200000, "ebitdaratio": 0.254548105, "operatingIncome": 1325700000, "operatingIncomeRatio": 0.1932507289, "totalOtherIncomeExpensesNet": 28300000, "incomeBeforeTax": 1113200000, "incomeBeforeTaxRatio": 0.1622740525, "incomeTaxExpense": 308100000, "netIncome": 774000000, "netIncomeRatio": 0.1128279883, "eps": 42.97, "epsdiluted": 2.86, "weightedAverageShsOut": 18013423, "weightedAverageShsOutDil": 269200000, "link": "https://www.sec.gov/Archives/edgar/data/1064728/000095012311019465/0000950123-11-019465-index.htm", "finalLink": "https://www.sec.gov/Archives/edgar/data/1064728/000095012311019465/c61476e10vk.htm", "calculatedOtherExpenses": 412600000, "calculatedOperatingExpenses": 693300000, "calculatedNetInterest": -212500000, "calculatedOtherIncome": 0, "calculatedIncomeNonControlling": 31100000, "calculatedEbitda": 1766600000}, {"date": "2009-12-31", "symbol": "BTU", "reportedCurrency": "USD", "cik": "0001064728", "fillingDate": "2010-02-24", "acceptedDate": "2010-02-24 17:14:10", "calendarYear": "2009", "period": "FY", "revenue": 6012400000, "costOfRevenue": 4467700000, "grossProfit": 1544700000, "grossProfitRatio": 0.256919034, "researchAndDevelopmentExpenses": 0, "generalAndAdministrativeExpenses": 248800000, "sellingAndMarketingExpenses": -40100000, "sellingGeneralAndAdministrativeExpenses": 208700000, "otherExpenses": 405200000, "operatingExpenses": 659800000, "costAndExpenses": 5127500000, "interestIncome": 8100000, "interestExpense": 201200000, "depreciationAndAmortization": 405200000, "ebitda": 1298200000, "ebitdaratio": 0.2159204311, "operatingIncome": 844800000, "operatingIncomeRatio": 0.1405096135, "totalOtherIncomeExpensesNet": -40100000, "incomeBeforeTax": 651700000, "incomeBeforeTaxRatio": 0.1083926552, "incomeTaxExpense": 193800000, "netIncome": 448200000, "netIncomeRatio": 0.0745459384, "eps": 1.66, "epsdiluted": 1.66, "weightedAverageShsOut": 267500000, "weightedAverageShsOutDil": 267500000, "link": "https://www.sec.gov/Archives/edgar/data/1064728/000095012310016425/0000950123-10-016425-index.htm", "finalLink": "https://www.sec.gov/Archives/edgar/data/1064728/000095012310016425/c55100e10vk.htm", "calculatedOtherExpenses": 491200000, "calculatedOperatingExpenses": 699900000, "calculatedNetInterest": -193100000, "calculatedOtherIncome": 0, "calculatedIncomeNonControlling": 9700000, "calculatedEbitda": 1250000000}, {"date": "2008-12-31", "symbol": "BTU", "reportedCurrency": "USD", "cik": "0001064728", "fillingDate": "2009-02-27", "acceptedDate": "2009-02-27 17:17:44", "calendarYear": "2008", "period": "FY", "revenue": 6593400000, "costOfRevenue": 4617200000, "grossProfit": 1976200000, "grossProfitRatio": 0.2997239664, "researchAndDevelopmentExpenses": 0, "generalAndAdministrativeExpenses": 201800000, "sellingAndMarketingExpenses": 0, "sellingGeneralAndAdministrativeExpenses": 201800000, "otherExpenses": 381500000, "operatingExpenses": 583300000, "costAndExpenses": 5200500000, "interestIncome": -10100000, "interestExpense": 301800000, "depreciationAndAmortization": 412900000, "ebitda": 1854000000, "ebitdaratio": 0.2811902812, "operatingIncome": 1392900000, "operatingIncomeRatio": 0.2112567113, "totalOtherIncomeExpensesNet": 24700000, "incomeBeforeTax": 1176800000, "incomeBeforeTaxRatio": 0.1784815118, "incomeTaxExpense": 185800000, "netIncome": 953500000, "netIncomeRatio": 0.1446143113, "eps": 3.52, "epsdiluted": 3.5, "weightedAverageShsOut": 268900000, "weightedAverageShsOutDil": 270700000, "link": "https://www.sec.gov/Archives/edgar/data/1064728/000095013709001381/0000950137-09-001381-index.htm", "finalLink": "https://www.sec.gov/Archives/edgar/data/1064728/000095013709001381/c48947e10vk.htm", "calculatedOtherExpenses": 381500000, "calculatedOperatingExpenses": 583300000, "calculatedNetInterest": -311900000, "calculatedOtherIncome": 95800000, "calculatedIncomeNonControlling": 37500000, "calculatedEbitda": 1805800000}, {"date": "2007-12-31", "symbol": "BTU", "reportedCurrency": "USD", "cik": "0001064728", "fillingDate": "2008-02-28", "acceptedDate": "2008-02-28 16:57:30", "calendarYear": "2007", "period": "FY", "revenue": 4574712000, "costOfRevenue": 3574818000, "grossProfit": 999894000, "grossProfitRatio": 0.2185698247, "researchAndDevelopmentExpenses": 0, "generalAndAdministrativeExpenses": 147146000, "sellingAndMarketingExpenses": 0, "sellingGeneralAndAdministrativeExpenses": 147146000, "otherExpenses": 284024000, "operatingExpenses": 431170000, "costAndExpenses": 4005988000, "interestIncome": -7094000, "interestExpense": 319224000, "depreciationAndAmortization": 368744000, "ebitda": 874141000, "ebitdaratio": 0.1910810998, "operatingIncome": 568724000, "operatingIncomeRatio": 0.1243190828, "totalOtherIncomeExpensesNet": 77788000, "incomeBeforeTax": 340835000, "incomeBeforeTaxRatio": 0.0745041436, "incomeTaxExpense": -78112000, "netIncome": 264285000, "netIncomeRatio": 0.0577708498, "eps": 1, "epsdiluted": 0.98, "weightedAverageShsOut": 264068180, "weightedAverageShsOutDil": 269166290, "link": "https://www.sec.gov/Archives/edgar/data/1064728/000095013708002952/0000950137-08-002952-index.htm", "finalLink": "https://www.sec.gov/Archives/edgar/data/1064728/000095013708002952/c24071e10vk.htm", "calculatedOtherExpenses": 284024000, "calculatedOperatingExpenses": 431170000, "calculatedNetInterest": -326318000, "calculatedOtherIncome": 98429000, "calculatedIncomeNonControlling": 154662000, "calculatedEbitda": 937468000}, {"date": "2006-12-31", "symbol": "BTU", "reportedCurrency": "USD", "cik": "0001064728", "fillingDate": "2007-02-28", "acceptedDate": "2007-02-28 17:00:40", "calendarYear": "2006", "period": "FY", "revenue": 5256315000, "costOfRevenue": 4155984000, "grossProfit": 1100331000, "grossProfitRatio": 0.209335057, "researchAndDevelopmentExpenses": 0, "generalAndAdministrativeExpenses": 175941000, "sellingAndMarketingExpenses": 0, "sellingGeneralAndAdministrativeExpenses": 175941000, "otherExpenses": 261308000, "operatingExpenses": 437249000, "costAndExpenses": 4593233000, "interestIncome": -12726000, "interestExpense": 53246000, "depreciationAndAmortization": 384620000, "ebitda": 957048000, "ebitdaratio": 0.1820758459, "operatingIncome": 663082000, "operatingIncomeRatio": 0.1261495934, "totalOtherIncomeExpensesNet": 114506000, "incomeBeforeTax": 530962000, "incomeBeforeTaxRatio": 0.1010141135, "incomeTaxExpense": -81515000, "netIncome": 600697000, "netIncomeRatio": 0.1142810125, "eps": 2.28, "epsdiluted": 2.23, "weightedAverageShsOut": 263419344, "weightedAverageShsOutDil": 269166005, "link": "https://www.sec.gov/Archives/edgar/data/1064728/000095013707003006/0000950137-07-003006-index.htm", "finalLink": "https://www.sec.gov/Archives/edgar/data/1064728/000095013707003006/c12536e10vk.htm", "calculatedOtherExpenses": 261308000, "calculatedOperatingExpenses": 437249000, "calculatedNetInterest": -65972000, "calculatedOtherIncome": -66148000, "calculatedIncomeNonControlling": 11780000, "calculatedEbitda": 1047702000}, {"date": "2005-12-31", "symbol": "BTU", "reportedCurrency": "USD", "cik": "0001064728", "fillingDate": "2006-03-06", "acceptedDate": "2006-03-03 19:39:19", "calendarYear": "2005", "period": "FY", "revenue": 4644453000, "costOfRevenue": 3715836000, "grossProfit": 928617000, "grossProfitRatio": 0.199941091, "researchAndDevelopmentExpenses": 0, "generalAndAdministrativeExpenses": 189802000, "sellingAndMarketingExpenses": 0, "sellingGeneralAndAdministrativeExpenses": 189802000, "otherExpenses": 220432000, "operatingExpenses": 410234000, "costAndExpenses": 4126070000, "interestIncome": -10641000, "interestExpense": 29184000, "depreciationAndAmortization": 323052000, "ebitda": 775849000, "ebitdaratio": 0.16704852, "operatingIncome": 518383000, "operatingIncomeRatio": 0.111613359, "totalOtherIncomeExpensesNet": 95682000, "incomeBeforeTax": 426085000, "incomeBeforeTaxRatio": 0.0917406205, "incomeTaxExpense": 960000, "netIncome": 422653000, "netIncomeRatio": 0.0910016745, "eps": 1.61, "epsdiluted": 1.58, "weightedAverageShsOut": 261519424, "weightedAverageShsOutDil": 268013476, "link": "https://www.sec.gov/Archives/edgar/data/1064728/000095013706002560/0000950137-06-002560-index.htm", "finalLink": "https://www.sec.gov/Archives/edgar/data/1064728/000095013706002560/c02970e10vk.htm", "calculatedOtherExpenses": 220432000, "calculatedOperatingExpenses": 410234000, "calculatedNetInterest": -39825000, "calculatedOtherIncome": -52473000, "calculatedIncomeNonControlling": 2472000, "calculatedEbitda": 841435000}, {"date": "2004-12-31", "symbol": "BTU", "reportedCurrency": "USD", "cik": "0001064728", "fillingDate": "2005-03-16", "acceptedDate": "2005-03-16 16:37:37", "calendarYear": "2004", "period": "FY", "revenue": 3631582000, "costOfRevenue": 2969209000, "grossProfit": 662373000, "grossProfitRatio": 0.1823924119, "researchAndDevelopmentExpenses": 0, "generalAndAdministrativeExpenses": 143025000, "sellingAndMarketingExpenses": 0, "sellingGeneralAndAdministrativeExpenses": 143025000, "otherExpenses": 272650000, "operatingExpenses": 415675000, "costAndExpenses": 3384884000, "interestIncome": -4917000, "interestExpense": 118057000, "depreciationAndAmortization": 278489000, "ebitda": 545496000, "ebitdaratio": 0.1502089172, "operatingIncome": 246698000, "operatingIncomeRatio": 0.0679312762, "totalOtherIncomeExpensesNet": -4242000, "incomeBeforeTax": 153071000, "incomeBeforeTaxRatio": 0.0421499501, "incomeTaxExpense": -26437000, "netIncome": 175387000, "netIncomeRatio": 0.0482949304, "eps": 0.71, "epsdiluted": 0.69, "weightedAverageShsOut": 248732744, "weightedAverageShsOutDil": 254812632, "link": "https://www.sec.gov/Archives/edgar/data/1064728/000095013705003132/0000950137-05-003132-index.htm", "finalLink": "https://www.sec.gov/Archives/edgar/data/1064728/000095013705003132/c92938e10vk.htm", "calculatedOtherExpenses": 272650000, "calculatedOperatingExpenses": 415675000, "calculatedNetInterest": -122974000, "calculatedOtherIncome": 29347000, "calculatedIncomeNonControlling": 4121000, "calculatedEbitda": 525187000}, {"date": "2003-12-31", "symbol": "BTU", "reportedCurrency": "USD", "cik": "0001064728", "fillingDate": "2004-03-04", "acceptedDate": "2004-03-04 17:20:22", "calendarYear": "2003", "period": "FY", "revenue": 2829480000, "costOfRevenue": 2335800000, "grossProfit": 493680000, "grossProfitRatio": 0.1744772891, "researchAndDevelopmentExpenses": 0, "generalAndAdministrativeExpenses": 108525000, "sellingAndMarketingExpenses": 0, "sellingGeneralAndAdministrativeExpenses": 108525000, "otherExpenses": 240369000, "operatingExpenses": 348894000, "costAndExpenses": 2684694000, "interestIncome": -4086000, "interestExpense": 220692000, "depreciationAndAmortization": 242494000, "ebitda": 446826000, "ebitdaratio": 0.1579180627, "operatingIncome": 144786000, "operatingIncomeRatio": 0.0511705331, "totalOtherIncomeExpensesNet": -59546000, "incomeBeforeTax": -3181000, "incomeBeforeTaxRatio": -0.0011242348, "incomeTaxExpense": -47708000, "netIncome": 31348000, "netIncomeRatio": 0.0110790675, "eps": 0.43, "epsdiluted": 0.42, "weightedAverageShsOut": 213638084, "weightedAverageShsOutDil": 219342512, "link": "https://www.sec.gov/Archives/edgar/data/1064728/000095013704001462/0000950137-04-001462-index.htm", "finalLink": "https://www.sec.gov/Archives/edgar/data/1064728/000095013704001462/c83412e10vk.htm", "calculatedOtherExpenses": 240369000, "calculatedOperatingExpenses": 348894000, "calculatedNetInterest": -224778000, "calculatedOtherIncome": 76811000, "calculatedIncomeNonControlling": 13179000, "calculatedEbitda": 387280000}, {"date": "2002-12-31", "symbol": "BTU", "reportedCurrency": "USD", "cik": "0001064728", "fillingDate": "2003-03-07", "acceptedDate": "2003-03-07 16:58:58", "calendarYear": "2002", "period": "FY", "revenue": 2717098000, "costOfRevenue": 2225344000, "grossProfit": 491754000, "grossProfitRatio": 0.1809850068, "researchAndDevelopmentExpenses": 0, "generalAndAdministrativeExpenses": 101416000, "sellingAndMarketingExpenses": 0, "sellingGeneralAndAdministrativeExpenses": 101416000, "otherExpenses": 216650000, "operatingExpenses": 318066000, "costAndExpenses": 2543410000, "interestIncome": 0, "interestExpense": 92413000, "depreciationAndAmortization": 242181000, "ebitda": 400106000, "ebitdaratio": 0.1472549021, "operatingIncome": 173688000, "operatingIncomeRatio": 0.0639240837, "totalOtherIncomeExpensesNet": 15763000, "incomeBeforeTax": 78804000, "incomeBeforeTaxRatio": 0.0290030025, "incomeTaxExpense": -40007000, "netIncome": 105519000, "netIncomeRatio": 0.0388351837, "eps": 2.02, "epsdiluted": 1.96, "weightedAverageShsOut": 52165735, "weightedAverageShsOutDil": 53821760, "link": "https://www.sec.gov/Archives/edgar/data/1064728/000095013403003569/0000950134-03-003569-index.htm", "finalLink": "https://www.sec.gov/Archives/edgar/data/1064728/000095013403003569/c75152e10vk.txt", "calculatedOtherExpenses": 216650000, "calculatedOperatingExpenses": 318066000, "calculatedNetInterest": -92413000, "calculatedOtherIncome": -2471000, "calculatedIncomeNonControlling": 13292000, "calculatedEbitda": 415869000}, {"date": "2001-12-31", "symbol": "BTU", "reportedCurrency": "USD", "cik": "0001064728", "fillingDate": "2001-12-31", "acceptedDate": "2001-12-31 00:00:00", "calendarYear": "2001", "period": "FY", "revenue": 0, "costOfRevenue": 0, "grossProfit": 0, "grossProfitRatio": 0, "researchAndDevelopmentExpenses": 0, "generalAndAdministrativeExpenses": 0, "sellingAndMarketingExpenses": 0, "sellingGeneralAndAdministrativeExpenses": 0, "otherExpenses": 0, "operatingExpenses": 0, "costAndExpenses": 0, "interestIncome": 0, "interestExpense": 0, "depreciationAndAmortization": 0, "ebitda": 0, "ebitdaratio": 0, "operatingIncome": 0, "operatingIncomeRatio": 0, "totalOtherIncomeExpensesNet": 0, "incomeBeforeTax": 0, "incomeBeforeTaxRatio": 0, "incomeTaxExpense": 0, "netIncome": 0, "netIncomeRatio": 0, "eps": 0, "epsdiluted": 0, "weightedAverageShsOut": 52165735, "weightedAverageShsOutDil": 53821760, "link": null, "finalLink": null, "calculatedOtherExpenses": 0, "calculatedOperatingExpenses": 0, "calculatedNetInterest": 0, "calculatedOtherIncome": 0, "calculatedIncomeNonControlling": 0, "calculatedEbitda": 0}, {"date": "2000-12-31", "symbol": "BTU", "reportedCurrency": "USD", "cik": "0001064728", "fillingDate": "2001-06-28", "acceptedDate": "2001-06-28 00:00:00", "calendarYear": "2000", "period": "FY", "revenue": 2710500000, "costOfRevenue": 2165090000, "grossProfit": 545410000, "grossProfitRatio": 0.2012211769, "researchAndDevelopmentExpenses": 0, "generalAndAdministrativeExpenses": 95256000, "sellingAndMarketingExpenses": 0, "sellingGeneralAndAdministrativeExpenses": 95256000, "otherExpenses": 2422007000, "operatingExpenses": 2517263000, "costAndExpenses": 2517263000, "interestIncome": 0, "interestExpense": 306549000, "depreciationAndAmortization": 249782000, "ebitda": 443019000, "ebitdaratio": 0.1634454898, "operatingIncome": 193237000, "operatingIncomeRatio": 0.0712920125, "totalOtherIncomeExpensesNet": -200635000, "incomeBeforeTax": -7398000, "incomeBeforeTaxRatio": -0.0027293857, "incomeTaxExpense": -141522000, "netIncome": 28210000, "netIncomeRatio": 0.0104076739, "eps": 1.54, "epsdiluted": 1.54, "weightedAverageShsOut": 18300000, "weightedAverageShsOutDil": 18300000, "link": "https://www.sec.gov/Archives/edgar/data/1064728/000095012401502196/0000950124-01-502196-index.htm", "finalLink": "https://www.sec.gov/Archives/edgar/data/1064728/000095012401502196/c63452e10-k405.txt", "calculatedOtherExpenses": 256917000, "calculatedOperatingExpenses": 352173000, "calculatedNetInterest": -306549000, "calculatedOtherIncome": 105914000, "calculatedIncomeNonControlling": 105914000, "calculatedEbitda": 443019000}, {"date": "1999-03-31", "symbol": "BTU", "reportedCurrency": "USD", "cik": "0001064728", "fillingDate": "1999-06-18", "acceptedDate": "1999-06-18 00:00:00", "calendarYear": "1999", "period": "FY", "revenue": 2094226000, "costOfRevenue": 0, "grossProfit": 2094226000, "grossProfitRatio": 1, "researchAndDevelopmentExpenses": 0, "generalAndAdministrativeExpenses": 67688000, "sellingAndMarketingExpenses": 0, "sellingGeneralAndAdministrativeExpenses": 67688000, "otherExpenses": 1847817000, "operatingExpenses": 1915505000, "costAndExpenses": 1915505000, "interestIncome": 0, "interestExpense": 159465000, "depreciationAndAmortization": 184191000, "ebitda": 362912000, "ebitdaratio": 0.1732917078, "operatingIncome": 178721000, "operatingIncomeRatio": 0.0853398821, "totalOtherIncomeExpensesNet": -157578000, "incomeBeforeTax": 21143000, "incomeBeforeTaxRatio": 0.010095854, "incomeTaxExpense": 9047000, "netIncome": 10209000, "netIncomeRatio": 0.004874832, "eps": 0.56, "epsdiluted": 0.56, "weightedAverageShsOut": 18300000, "weightedAverageShsOutDil": 18300000, "link": "https://www.sec.gov/Archives/edgar/data/1064728/000106880099000273/0001068800-99-000273-index.html", "finalLink": "https://www.sec.gov/Archives/edgar/data/1064728/000106880099000273/", "calculatedOtherExpenses": 1847817000, "calculatedOperatingExpenses": 1915505000, "calculatedNetInterest": -159465000, "calculatedOtherIncome": 1887000, "calculatedIncomeNonControlling": 1887000, "calculatedEbitda": 362912000}, {"date": "1998-03-31", "symbol": "BTU", "reportedCurrency": "USD", "cik": "0001064728", "fillingDate": "1998-03-31", "acceptedDate": "1998-03-31 00:00:00", "calendarYear": "1998", "period": "FY", "revenue": 2244462000, "costOfRevenue": 0, "grossProfit": 2244462000, "grossProfitRatio": 1, "researchAndDevelopmentExpenses": 0, "generalAndAdministrativeExpenses": 83640000, "sellingAndMarketingExpenses": 0, "sellingGeneralAndAdministrativeExpenses": 83640000, "otherExpenses": 1891635000, "operatingExpenses": 1975275000, "costAndExpenses": 1975275000, "interestIncome": 0, "interestExpense": 18658000, "depreciationAndAmortization": 202640000, "ebitda": 471827000, "ebitdaratio": 0.2102183062, "operatingIncome": 269187000, "operatingIncomeRatio": 0.1199338639, "totalOtherIncomeExpensesNet": -18658000, "incomeBeforeTax": 250529000, "incomeBeforeTaxRatio": 0.1116209586, "incomeTaxExpense": 90193000, "netIncome": 160336000, "netIncomeRatio": 0.0714362729, "eps": 8.76, "epsdiluted": 8.76, "weightedAverageShsOut": 18300000, "weightedAverageShsOutDil": 18300000, "link": null, "finalLink": null, "calculatedOtherExpenses": 1891635000, "calculatedOperatingExpenses": 1975275000, "calculatedNetInterest": -18658000, "calculatedOtherIncome": 0, "calculatedIncomeNonControlling": 0, "calculatedEbitda": 471827000}]}