{"originalCurrency": "USD", "convertedCurrency": "USD", "report": [{"date": "2024-02-03", "symbol": "BURL", "reportedCurrency": "USD", "cik": "0001579298", "fillingDate": "2024-03-15", "acceptedDate": "2024-03-15 16:16:38", "calendarYear": "2023", "period": "FY", "revenue": 9718150000, "costOfRevenue": 5891124000, "grossProfit": 3827026000, "grossProfitRatio": 0.3938019067, "researchAndDevelopmentExpenses": 23000000, "generalAndAdministrativeExpenses": 3160015000, "sellingAndMarketingExpenses": 128300000, "sellingGeneralAndAdministrativeExpenses": 3273052000, "otherExpenses": 40882000, "operatingExpenses": 3273052000, "costAndExpenses": 9164176000, "interestIncome": 0, "interestExpense": 86148000, "depreciationAndAmortization": 307064000, "ebitda": 861038000, "ebitdaratio": 0.0886010197, "operatingIncome": 553974000, "operatingIncomeRatio": 0.0570040594, "totalOtherIncomeExpensesNet": -88201000, "incomeBeforeTax": 465773000, "incomeBeforeTaxRatio": 0.0479281551, "incomeTaxExpense": 126124000, "netIncome": 339649000, "netIncomeRatio": 0.0349499648, "eps": 5.25, "epsdiluted": 5.23, "weightedAverageShsOut": 64672000, "weightedAverageShsOutDil": 64917000, "link": "https://www.sec.gov/Archives/edgar/data/1579298/000095017024032207/0000950170-24-032207-index.htm", "finalLink": "https://www.sec.gov/Archives/edgar/data/1579298/000095017024032207/burl-20240203.htm", "calculatedOtherExpenses": -23000000, "calculatedOperatingExpenses": 3273052000, "calculatedNetInterest": -86148000, "calculatedOtherIncome": -2053000, "calculatedIncomeNonControlling": 0, "calculatedEbitda": 861038000}, {"date": "2023-01-28", "symbol": "BURL", "reportedCurrency": "USD", "cik": "0001579298", "fillingDate": "2023-03-13", "acceptedDate": "2023-03-13 16:26:12", "calendarYear": "2022", "period": "FY", "revenue": 8702604000, "costOfRevenue": 5171715000, "grossProfit": 3530889000, "grossProfitRatio": 0.4057278718, "researchAndDevelopmentExpenses": 21200000, "generalAndAdministrativeExpenses": 2830356000, "sellingAndMarketingExpenses": 47000000, "sellingGeneralAndAdministrativeExpenses": 2877356000, "otherExpenses": 270398000, "operatingExpenses": 3147754000, "costAndExpenses": 8319469000, "interestIncome": 57675000, "interestExpense": 66474000, "depreciationAndAmortization": 270398000, "ebitda": 680440000, "ebitdaratio": 0.0781880917, "operatingIncome": 410042000, "operatingIncomeRatio": 0.0471171617, "totalOtherIncomeExpensesNet": -102533000, "incomeBeforeTax": 307509000, "incomeBeforeTaxRatio": 0.0353352859, "incomeTaxExpense": 77386000, "netIncome": 230123000, "netIncomeRatio": 0.0264430049, "eps": 3.51, "epsdiluted": 3.49, "weightedAverageShsOut": 65637000, "weightedAverageShsOutDil": 65900999, "link": "https://www.sec.gov/Archives/edgar/data/1579298/000095017023007586/0000950170-23-007586-index.htm", "finalLink": "https://www.sec.gov/Archives/edgar/data/1579298/000095017023007586/burl-20230128.htm", "calculatedOtherExpenses": 222291000, "calculatedOperatingExpenses": 3120847000, "calculatedNetInterest": -8799000, "calculatedOtherIncome": -93734000, "calculatedIncomeNonControlling": 0, "calculatedEbitda": 680440000}, {"date": "2022-01-29", "symbol": "BURL", "reportedCurrency": "USD", "cik": "0001579298", "fillingDate": "2022-03-16", "acceptedDate": "2022-03-16 17:14:01", "calendarYear": "2021", "period": "FY", "revenue": 9322256000, "costOfRevenue": 5436155000, "grossProfit": 3886101000, "grossProfitRatio": 0.4168627208, "researchAndDevelopmentExpenses": 18900000, "generalAndAdministrativeExpenses": 2807427000, "sellingAndMarketingExpenses": 61100000, "sellingGeneralAndAdministrativeExpenses": 2868527000, "otherExpenses": 249217000, "operatingExpenses": 3117744000, "costAndExpenses": 8553899000, "interestIncome": 67432000, "interestExpense": 67502000, "depreciationAndAmortization": 249217000, "ebitda": 1025785000, "ebitdaratio": 0.1100361329, "operatingIncome": 776568000, "operatingIncomeRatio": 0.0833025826, "totalOtherIncomeExpensesNet": -231270000, "incomeBeforeTax": 545298000, "incomeBeforeTaxRatio": 0.05849421, "incomeTaxExpense": 136459000, "netIncome": 408839000, "netIncomeRatio": 0.0438562297, "eps": 6.14, "epsdiluted": 6, "weightedAverageShsOut": 66587999, "weightedAverageShsOutDil": 68126000, "link": "https://www.sec.gov/Archives/edgar/data/1579298/000095017022003963/0000950170-22-003963-index.htm", "finalLink": "https://www.sec.gov/Archives/edgar/data/1579298/000095017022003963/burl-20220129.htm", "calculatedOtherExpenses": 222106000, "calculatedOperatingExpenses": 3109533000, "calculatedNetInterest": -70000, "calculatedOtherIncome": -231200000, "calculatedIncomeNonControlling": 0, "calculatedEbitda": 1025785000}, {"date": "2021-01-30", "symbol": "BURL", "reportedCurrency": "USD", "cik": "0001579298", "fillingDate": "2021-03-15", "acceptedDate": "2021-03-15 16:19:05", "calendarYear": "2020", "period": "FY", "revenue": 5763980000, "costOfRevenue": 3555024000, "grossProfit": 2208956000, "grossProfitRatio": 0.3832345012, "researchAndDevelopmentExpenses": 16900000, "generalAndAdministrativeExpenses": 2273128000, "sellingAndMarketingExpenses": 53800000, "sellingGeneralAndAdministrativeExpenses": 2326928000, "otherExpenses": 220390000, "operatingExpenses": 2547318000, "costAndExpenses": 6102342000, "interestIncome": 100147000, "interestExpense": 97767000, "depreciationAndAmortization": 220390000, "ebitda": -113252000, "ebitdaratio": -0.0196482292, "operatingIncome": -333642000, "operatingIncomeRatio": -0.0578839621, "totalOtherIncomeExpensesNet": -103981000, "incomeBeforeTax": -437623000, "incomeBeforeTaxRatio": -0.0759237541, "incomeTaxExpense": -221124000, "netIncome": -216499000, "netIncomeRatio": -0.0375606786, "eps": -3.28, "epsdiluted": -3.28, "weightedAverageShsOut": 65962000, "weightedAverageShsOutDil": 65962000, "link": "https://www.sec.gov/Archives/edgar/data/1579298/000156459021013162/0001564590-21-013162-index.htm", "finalLink": "https://www.sec.gov/Archives/edgar/data/1579298/000156459021013162/burl-10k_20210130.htm", "calculatedOtherExpenses": 198770000, "calculatedOperatingExpenses": 2542598000, "calculatedNetInterest": 2380000, "calculatedOtherIncome": -106361000, "calculatedIncomeNonControlling": 0, "calculatedEbitda": -113252000}, {"date": "2020-02-01", "symbol": "BURL", "reportedCurrency": "USD", "cik": "0001579298", "fillingDate": "2020-03-13", "acceptedDate": "2020-03-13 16:22:40", "calendarYear": "2019", "period": "FY", "revenue": 7286398000, "costOfRevenue": 4228740000, "grossProfit": 3057658000, "grossProfitRatio": 0.4196391688, "researchAndDevelopmentExpenses": 17900000, "generalAndAdministrativeExpenses": 2142078000, "sellingAndMarketingExpenses": 86100000, "sellingGeneralAndAdministrativeExpenses": 2228178000, "otherExpenses": 210720000, "operatingExpenses": 2438898000, "costAndExpenses": 6667638000, "interestIncome": 49106000, "interestExpense": 50826000, "depreciationAndAmortization": 210720000, "ebitda": 846386000, "ebitdaratio": 0.1161597267, "operatingIncome": 635666000, "operatingIncomeRatio": 0.0872400876, "totalOtherIncomeExpensesNet": -55141000, "incomeBeforeTax": 580525000, "incomeBeforeTaxRatio": 0.0796724253, "incomeTaxExpense": 115409000, "netIncome": 465116000, "netIncomeRatio": 0.0638334606, "eps": 7.05, "epsdiluted": 6.91, "weightedAverageShsOut": 65943000, "weightedAverageShsOutDil": 67293000, "link": "https://www.sec.gov/Archives/edgar/data/1579298/000156459020010835/0001564590-20-010835-index.htm", "finalLink": "https://www.sec.gov/Archives/edgar/data/1579298/000156459020010835/burl-10k_20200201.htm", "calculatedOtherExpenses": 175914000, "calculatedOperatingExpenses": 2421992000, "calculatedNetInterest": -1720000, "calculatedOtherIncome": -53421000, "calculatedIncomeNonControlling": 0, "calculatedEbitda": 846386000}, {"date": "2019-02-02", "symbol": "BURL", "reportedCurrency": "USD", "cik": "0001579298", "fillingDate": "2019-03-20", "acceptedDate": "2019-03-20 16:37:27", "calendarYear": "2018", "period": "FY", "revenue": 6668479000, "costOfRevenue": 3868119000, "grossProfit": 2800360000, "grossProfitRatio": 0.4199398394, "researchAndDevelopmentExpenses": 0, "generalAndAdministrativeExpenses": 1929237000, "sellingAndMarketingExpenses": 89500000, "sellingGeneralAndAdministrativeExpenses": 2018737000, "otherExpenses": 10998000, "operatingExpenses": 2236621000, "costAndExpenses": 6104740000, "interestIncome": 0, "interestExpense": 55990000, "depreciationAndAmortization": 217884000, "ebitda": 790125000, "ebitdaratio": 0.1184865394, "operatingIncome": 507749000, "operatingIncomeRatio": 0.0761416509, "totalOtherIncomeExpensesNet": 2331000, "incomeBeforeTax": 507584000, "incomeBeforeTaxRatio": 0.0761169076, "incomeTaxExpense": 92839000, "netIncome": 414745000, "netIncomeRatio": 0.0621948423, "eps": 6.21, "epsdiluted": 6.04, "weightedAverageShsOut": 66812000, "weightedAverageShsOutDil": 68679000, "link": "https://www.sec.gov/Archives/edgar/data/1579298/000156459019008656/0001564590-19-008656-index.htm", "finalLink": "https://www.sec.gov/Archives/edgar/data/1579298/000156459019008656/burl-10k_20190202.htm", "calculatedOtherExpenses": 273874000, "calculatedOperatingExpenses": 2292611000, "calculatedNetInterest": -55990000, "calculatedOtherIncome": 55825000, "calculatedIncomeNonControlling": 0, "calculatedEbitda": 725633000}, {"date": "2018-02-03", "symbol": "BURL", "reportedCurrency": "USD", "cik": "0001579298", "fillingDate": "2018-03-20", "acceptedDate": "2018-03-20 17:04:58", "calendarYear": "2017", "period": "FY", "revenue": 6110043000, "costOfRevenue": 3559158000, "grossProfit": 2550885000, "grossProfitRatio": 0.4174905152, "researchAndDevelopmentExpenses": 0, "generalAndAdministrativeExpenses": 1792301000, "sellingAndMarketingExpenses": 71200000, "sellingGeneralAndAdministrativeExpenses": 1863501000, "otherExpenses": 8888000, "operatingExpenses": 2064604000, "costAndExpenses": 5623762000, "interestIncome": 0, "interestExpense": 58777000, "depreciationAndAmortization": 201103000, "ebitda": 694010000, "ebitdaratio": 0.1135851253, "operatingIncome": 427504000, "operatingIncomeRatio": 0.069967429, "totalOtherIncomeExpensesNet": 3738000, "incomeBeforeTax": 428980000, "incomeBeforeTaxRatio": 0.0702089985, "incomeTaxExpense": 44128000, "netIncome": 384852000, "netIncomeRatio": 0.0629867908, "eps": 5.64, "epsdiluted": 5.48, "weightedAverageShsOut": 68286000, "weightedAverageShsOutDil": 70288000, "link": "https://www.sec.gov/Archives/edgar/data/1579298/000156459018006339/0001564590-18-006339-index.htm", "finalLink": "https://www.sec.gov/Archives/edgar/data/1579298/000156459018006339/burl-10k_20180203.htm", "calculatedOtherExpenses": 259880000, "calculatedOperatingExpenses": 2123381000, "calculatedNetInterest": -58777000, "calculatedOtherIncome": 60253000, "calculatedIncomeNonControlling": 0, "calculatedEbitda": 628607000}, {"date": "2017-01-28", "symbol": "BURL", "reportedCurrency": "USD", "cik": "0001579298", "fillingDate": "2017-03-16", "acceptedDate": "2017-03-16 16:23:48", "calendarYear": "2016", "period": "FY", "revenue": 5590950000, "costOfRevenue": 3297373000, "grossProfit": 2293577000, "grossProfitRatio": 0.4102302829, "researchAndDevelopmentExpenses": 0, "generalAndAdministrativeExpenses": 1655051000, "sellingAndMarketingExpenses": 68200000, "sellingGeneralAndAdministrativeExpenses": 1723251000, "otherExpenses": 10835000, "operatingExpenses": 1906837000, "costAndExpenses": 5204210000, "interestIncome": 0, "interestExpense": 56161000, "depreciationAndAmortization": 183586000, "ebitda": 579815000, "ebitdaratio": 0.1037059891, "operatingIncome": 330579000, "operatingIncomeRatio": 0.0591275186, "totalOtherIncomeExpensesNet": 3979000, "incomeBeforeTax": 333212000, "incomeBeforeTaxRatio": 0.0595984582, "incomeTaxExpense": 117339000, "netIncome": 215873000, "netIncomeRatio": 0.0386111484, "eps": 3.06, "epsdiluted": 3.01, "weightedAverageShsOut": 70480000, "weightedAverageShsOutDil": 71721000, "link": "https://www.sec.gov/Archives/edgar/data/1579298/000156459017004636/0001564590-17-004636-index.htm", "finalLink": "https://www.sec.gov/Archives/edgar/data/1579298/000156459017004636/burl-10k_20170128.htm", "calculatedOtherExpenses": 239747000, "calculatedOperatingExpenses": 1962998000, "calculatedNetInterest": -56161000, "calculatedOtherIncome": 58794000, "calculatedIncomeNonControlling": 0, "calculatedEbitda": 514165000}, {"date": "2016-01-30", "symbol": "BURL", "reportedCurrency": "USD", "cik": "0001579298", "fillingDate": "2016-03-15", "acceptedDate": "2016-03-15 16:43:31", "calendarYear": "2015", "period": "FY", "revenue": 5129843000, "costOfRevenue": 3059641000, "grossProfit": 2070202000, "grossProfitRatio": 0.4035604988, "researchAndDevelopmentExpenses": 0, "generalAndAdministrativeExpenses": 1537318000, "sellingAndMarketingExpenses": 60400000, "sellingGeneralAndAdministrativeExpenses": 1597718000, "otherExpenses": 5865000, "operatingExpenses": 1769817000, "costAndExpenses": 4829458000, "interestIncome": 0, "interestExpense": 58999000, "depreciationAndAmortization": 172099000, "ebitda": 478102000, "ebitdaratio": 0.0932001233, "operatingIncome": 241386000, "operatingIncomeRatio": 0.0470552413, "totalOtherIncomeExpensesNet": -2263000, "incomeBeforeTax": 238876000, "incomeBeforeTaxRatio": 0.0465659475, "incomeTaxExpense": 88394000, "netIncome": 150482000, "netIncomeRatio": 0.029334621, "eps": 2.03, "epsdiluted": 1.99, "weightedAverageShsOut": 74111000, "weightedAverageShsOutDil": 75443000, "link": "https://www.sec.gov/Archives/edgar/data/1579298/000156459016014854/0001564590-16-014854-index.htm", "finalLink": "https://www.sec.gov/Archives/edgar/data/1579298/000156459016014854/burl-10k_20160130.htm", "calculatedOtherExpenses": 231098000, "calculatedOperatingExpenses": 1828816000, "calculatedNetInterest": -58999000, "calculatedOtherIncome": 56489000, "calculatedIncomeNonControlling": 0, "calculatedEbitda": 413485000}, {"date": "2015-01-31", "symbol": "BURL", "reportedCurrency": "USD", "cik": "0001579298", "fillingDate": "2015-03-25", "acceptedDate": "2015-03-25 17:22:27", "calendarYear": "2014", "period": "FY", "revenue": 4849634000, "costOfRevenue": 2900819000, "grossProfit": 1948815000, "grossProfitRatio": 0.4018478508, "researchAndDevelopmentExpenses": 0, "generalAndAdministrativeExpenses": 1462529000, "sellingAndMarketingExpenses": 58400000, "sellingGeneralAndAdministrativeExpenses": 1520929000, "otherExpenses": 10753000, "operatingExpenses": 1688509000, "costAndExpenses": 4589328000, "interestIncome": 0, "interestExpense": 83745000, "depreciationAndAmortization": 167580000, "ebitda": 436227000, "ebitdaratio": 0.0899504994, "operatingIncome": 260306000, "operatingIncomeRatio": 0.0536753908, "totalOtherIncomeExpensesNet": -69113000, "incomeBeforeTax": 105036000, "incomeBeforeTaxRatio": 0.0216585417, "incomeTaxExpense": 39081000, "netIncome": 65955000, "netIncomeRatio": 0.0135999954, "eps": 0.89, "epsdiluted": 0.87, "weightedAverageShsOut": 74101000, "weightedAverageShsOutDil": 75865000, "link": "https://www.sec.gov/Archives/edgar/data/1579298/000119312515105212/0001193125-15-105212-index.htm", "finalLink": "https://www.sec.gov/Archives/edgar/data/1579298/000119312515105212/d846695d10k.htm", "calculatedOtherExpenses": 167580000, "calculatedOperatingExpenses": 1688509000, "calculatedNetInterest": -83745000, "calculatedOtherIncome": -71525000, "calculatedIncomeNonControlling": 0, "calculatedEbitda": 427886000}, {"date": "2014-02-01", "symbol": "BURL", "reportedCurrency": "USD", "cik": "0001579298", "fillingDate": "2014-03-31", "acceptedDate": "2014-03-31 16:59:45", "calendarYear": "2013", "period": "FY", "revenue": 4461987000, "costOfRevenue": 2695957000, "grossProfit": 1766030000, "grossProfitRatio": 0.3957945193, "researchAndDevelopmentExpenses": 0, "generalAndAdministrativeExpenses": 1308510000, "sellingAndMarketingExpenses": 83278000, "sellingGeneralAndAdministrativeExpenses": 1391788000, "otherExpenses": 8939000, "operatingExpenses": 1559983000, "costAndExpenses": 4255940000, "interestIncome": 0, "interestExpense": 127739000, "depreciationAndAmortization": 168195000, "ebitda": 360155000, "ebitdaratio": 0.0807162818, "operatingIncome": 206047000, "operatingIncomeRatio": 0.0461783058, "totalOtherIncomeExpensesNet": -22924000, "incomeBeforeTax": 32358000, "incomeBeforeTaxRatio": 0.0072519261, "incomeTaxExpense": 16208000, "netIncome": 16150000, "netIncomeRatio": 0.0036194637, "eps": -0.26, "epsdiluted": -0.39, "weightedAverageShsOut": 369567000, "weightedAverageShsOutDil": 370040000, "link": "https://www.sec.gov/Archives/edgar/data/1579298/000119312514124097/0001193125-14-124097-index.htm", "finalLink": "https://www.sec.gov/Archives/edgar/data/1579298/000119312514124097/d667477d10k.htm", "calculatedOtherExpenses": 168195000, "calculatedOperatingExpenses": 1559983000, "calculatedNetInterest": -127739000, "calculatedOtherIncome": -45950000, "calculatedIncomeNonControlling": 0, "calculatedEbitda": 374242000}, {"date": "2013-01-31", "symbol": "BURL", "reportedCurrency": "USD", "cik": "0001579298", "fillingDate": "2013-01-31", "acceptedDate": "2013-01-30 19:00:00", "calendarYear": "2012", "period": "FY", "revenue": 4165504000, "costOfRevenue": 2530124000, "grossProfit": 1635380000, "grossProfitRatio": 0.3926007513, "researchAndDevelopmentExpenses": 0, "generalAndAdministrativeExpenses": 1229156000, "sellingAndMarketingExpenses": 83526000, "sellingGeneralAndAdministrativeExpenses": 1312682000, "otherExpenses": 8115000, "operatingExpenses": 1479468000, "costAndExpenses": 4009592000, "interestIncome": 0, "interestExpense": 113927000, "depreciationAndAmortization": 166786000, "ebitda": 326638000, "ebitdaratio": 0.0784150009, "operatingIncome": 155912000, "operatingIncomeRatio": 0.0374293243, "totalOtherIncomeExpensesNet": -8645000, "incomeBeforeTax": 29165000, "incomeBeforeTaxRatio": 0.0070015537, "incomeTaxExpense": 3864000, "netIncome": 25301000, "netIncomeRatio": 0.0060739349, "eps": -1.7, "epsdiluted": -1.87, "weightedAverageShsOut": 71632530, "weightedAverageShsOutDil": 71632530, "link": "", "finalLink": "", "calculatedOtherExpenses": 166786000, "calculatedOperatingExpenses": 1479468000, "calculatedNetInterest": -113927000, "calculatedOtherIncome": -12820000, "calculatedIncomeNonControlling": 0, "calculatedEbitda": 322698000}, {"date": "2012-01-31", "symbol": "BURL", "reportedCurrency": "USD", "cik": "0001579298", "fillingDate": "2012-01-31", "acceptedDate": "2012-01-30 19:00:00", "calendarYear": "2011", "period": "FY", "revenue": 3887531000, "costOfRevenue": 2363464000, "grossProfit": 1524067000, "grossProfitRatio": 0.392039832, "researchAndDevelopmentExpenses": 0, "generalAndAdministrativeExpenses": 1083768000, "sellingAndMarketingExpenses": 132006000, "sellingGeneralAndAdministrativeExpenses": 1215774000, "otherExpenses": 9942000, "operatingExpenses": 1368844000, "costAndExpenses": 3732308000, "interestIncome": 0, "interestExpense": 129121000, "depreciationAndAmortization": 153070000, "ebitda": 318708000, "ebitdaratio": 0.0819821115, "operatingIncome": 155223000, "operatingIncomeRatio": 0.0399284276, "totalOtherIncomeExpensesNet": -36995000, "incomeBeforeTax": -10420000, "incomeBeforeTaxRatio": -0.0026803645, "incomeTaxExpense": -4148000, "netIncome": -6272000, "netIncomeRatio": -0.0016133633, "eps": -0.0876, "epsdiluted": -0.0876, "weightedAverageShsOut": 71632530, "weightedAverageShsOutDil": 71632530, "link": "", "finalLink": "", "calculatedOtherExpenses": 153070000, "calculatedOperatingExpenses": 1368844000, "calculatedNetInterest": -129121000, "calculatedOtherIncome": -36522000, "calculatedIncomeNonControlling": 0, "calculatedEbitda": 308293000}, {"date": "2011-01-31", "symbol": "BURL", "reportedCurrency": "USD", "cik": "0001579298", "fillingDate": "2011-01-31", "acceptedDate": "2011-01-30 19:00:00", "calendarYear": "2010", "period": "FY", "revenue": 3701089000, "costOfRevenue": 2252346000, "grossProfit": 1448743000, "grossProfitRatio": 0.3914369527, "researchAndDevelopmentExpenses": 0, "generalAndAdministrativeExpenses": 1083151000, "sellingAndMarketingExpenses": 70422000, "sellingGeneralAndAdministrativeExpenses": 1153573000, "otherExpenses": 11346000, "operatingExpenses": 1300332000, "costAndExpenses": 3552678000, "interestIncome": 0, "interestExpense": 99309000, "depreciationAndAmortization": 146759000, "ebitda": 303476000, "ebitdaratio": 0.081996407, "operatingIncome": 148411000, "operatingIncomeRatio": 0.0400992789, "totalOtherIncomeExpensesNet": 7066000, "incomeBeforeTax": 53128000, "incomeBeforeTaxRatio": 0.014354694, "incomeTaxExpense": 22130000, "netIncome": 30998000, "netIncomeRatio": 0.0083753728, "eps": -1.04, "epsdiluted": -1.04, "weightedAverageShsOut": 71632530, "weightedAverageShsOutDil": 71632530, "link": "", "finalLink": "", "calculatedOtherExpenses": 146759000, "calculatedOperatingExpenses": 1300332000, "calculatedNetInterest": -99309000, "calculatedOtherIncome": 4026000, "calculatedIncomeNonControlling": 0, "calculatedEbitda": 295170000}]}