{"originalCurrency": "USD", "convertedCurrency": "USD", "report": [{"date": "2023-12-31", "symbol": "BWA", "reportedCurrency": "USD", "cik": "0000908255", "fillingDate": "2024-02-08", "acceptedDate": "2024-02-08 15:51:40", "calendarYear": "2023", "period": "FY", "revenue": 14198000000, "costOfRevenue": 11630000000, "grossProfit": 2568000000, "grossProfitRatio": 0.1808705451, "researchAndDevelopmentExpenses": 717000000, "generalAndAdministrativeExpenses": 1331000000, "sellingAndMarketingExpenses": 0, "sellingGeneralAndAdministrativeExpenses": 1331000000, "otherExpenses": 0, "operatingExpenses": 1320000000, "costAndExpenses": 12950000000, "interestIncome": 35000000, "interestExpense": 73000000, "depreciationAndAmortization": 582000000, "ebitda": 1895000000, "ebitdaratio": 0.1334695027, "operatingIncome": 1160000000, "operatingIncomeRatio": 0.0817016481, "totalOtherIncomeExpensesNet": -219000000, "incomeBeforeTax": 991000000, "incomeBeforeTaxRatio": 0.0697985632, "incomeTaxExpense": 289000000, "netIncome": 625000000, "netIncomeRatio": 0.0440202845, "eps": 2.68, "epsdiluted": 2.67, "weightedAverageShsOut": 232800000, "weightedAverageShsOutDil": 234400000, "link": "https://www.sec.gov/Archives/edgar/data/908255/000090825524000007/0000908255-24-000007-index.htm", "finalLink": "https://www.sec.gov/Archives/edgar/data/908255/000090825524000007/bwa-20231231.htm", "calculatedOtherExpenses": -640000000, "calculatedOperatingExpenses": 1408000000, "calculatedNetInterest": -38000000, "calculatedOtherIncome": -131000000, "calculatedIncomeNonControlling": 77000000, "calculatedEbitda": 1742000000}, {"date": "2022-12-31", "symbol": "BWA", "reportedCurrency": "USD", "cik": "0000908255", "fillingDate": "2023-02-09", "acceptedDate": "2023-02-09 14:58:14", "calendarYear": "2022", "period": "FY", "revenue": 15801000000, "costOfRevenue": 12700000000, "grossProfit": 3101000000, "grossProfitRatio": 0.1962534017, "researchAndDevelopmentExpenses": 701000000, "generalAndAdministrativeExpenses": 1290000000, "sellingAndMarketingExpenses": 320000000, "sellingGeneralAndAdministrativeExpenses": 1610000000, "otherExpenses": 58000000, "operatingExpenses": 1668000000, "costAndExpenses": 14368000000, "interestIncome": 26000000, "interestExpense": 52000000, "depreciationAndAmortization": 721000000, "ebitda": 1502000000, "ebitdaratio": 0.0950572749, "operatingIncome": 781000000, "operatingIncomeRatio": 0.0494272514, "totalOtherIncomeExpensesNet": 537000000, "incomeBeforeTax": 1318000000, "incomeBeforeTaxRatio": 0.0834124423, "incomeTaxExpense": 292000000, "netIncome": 944000000, "netIncomeRatio": 0.0597430542, "eps": 4.01, "epsdiluted": 3.99, "weightedAverageShsOut": 235500000, "weightedAverageShsOutDil": 236800000, "link": "https://www.sec.gov/Archives/edgar/data/908255/000090825523000013/0000908255-23-000013-index.htm", "finalLink": "https://www.sec.gov/Archives/edgar/data/908255/000090825523000013/bwa-20221231.htm", "calculatedOtherExpenses": 9000000, "calculatedOperatingExpenses": 2320000000, "calculatedNetInterest": -26000000, "calculatedOtherIncome": 563000000, "calculatedIncomeNonControlling": 82000000, "calculatedEbitda": 1502000000}, {"date": "2021-12-31", "symbol": "BWA", "reportedCurrency": "USD", "cik": "0000908255", "fillingDate": "2022-02-15", "acceptedDate": "2022-02-15 15:49:46", "calendarYear": "2021", "period": "FY", "revenue": 14838000000, "costOfRevenue": 11983000000, "grossProfit": 2855000000, "grossProfitRatio": 0.1924113762, "researchAndDevelopmentExpenses": 707000000, "generalAndAdministrativeExpenses": 1078000000, "sellingAndMarketingExpenses": 382000000, "sellingGeneralAndAdministrativeExpenses": 1460000000, "otherExpenses": 81000000, "operatingExpenses": 1541000000, "costAndExpenses": 13524000000, "interestIncome": 12000000, "interestExpense": 93000000, "depreciationAndAmortization": 772000000, "ebitda": 1407000000, "ebitdaratio": 0.0948241003, "operatingIncome": 635000000, "operatingIncomeRatio": 0.042795525, "totalOtherIncomeExpensesNet": 154000000, "incomeBeforeTax": 789000000, "incomeBeforeTaxRatio": 0.0531742822, "incomeTaxExpense": 150000000, "netIncome": 537000000, "netIncomeRatio": 0.0361908613, "eps": 2.26, "epsdiluted": 2.24, "weightedAverageShsOut": 238100000, "weightedAverageShsOutDil": 239500000, "link": "https://www.sec.gov/Archives/edgar/data/908255/000090825522000009/0000908255-22-000009-index.htm", "finalLink": "https://www.sec.gov/Archives/edgar/data/908255/000090825522000009/bwa-20211231.htm", "calculatedOtherExpenses": 53000000, "calculatedOperatingExpenses": 2220000000, "calculatedNetInterest": -81000000, "calculatedOtherIncome": 235000000, "calculatedIncomeNonControlling": 102000000, "calculatedEbitda": 1407000000}, {"date": "2020-12-31", "symbol": "BWA", "reportedCurrency": "USD", "cik": "0000908255", "fillingDate": "2021-02-22", "acceptedDate": "2021-02-22 14:44:15", "calendarYear": "2020", "period": "FY", "revenue": 10165000000, "costOfRevenue": 8255000000, "grossProfit": 1910000000, "grossProfitRatio": 0.1878996557, "researchAndDevelopmentExpenses": 476000000, "generalAndAdministrativeExpenses": 0, "sellingAndMarketingExpenses": 0, "sellingGeneralAndAdministrativeExpenses": 951000000, "otherExpenses": 341000000, "operatingExpenses": 1292000000, "costAndExpenses": 9547000000, "interestIncome": 12000000, "interestExpense": 73000000, "depreciationAndAmortization": 568000000, "ebitda": 655000000, "ebitdaratio": 0.0644367929, "operatingIncome": 87000000, "operatingIncomeRatio": 0.0085587801, "totalOtherIncomeExpensesNet": 877000000, "incomeBeforeTax": 964000000, "incomeBeforeTaxRatio": 0.0948352189, "incomeTaxExpense": 397000000, "netIncome": 500000000, "netIncomeRatio": 0.0491883915, "eps": 2.35, "epsdiluted": 2.34, "weightedAverageShsOut": 213000000, "weightedAverageShsOutDil": 214000000, "link": "https://www.sec.gov/Archives/edgar/data/908255/000090825521000008/0000908255-21-000008-index.htm", "finalLink": "https://www.sec.gov/Archives/edgar/data/908255/000090825521000008/bwa-20201231.htm", "calculatedOtherExpenses": 396000000, "calculatedOperatingExpenses": 1823000000, "calculatedNetInterest": -61000000, "calculatedOtherIncome": 938000000, "calculatedIncomeNonControlling": 67000000, "calculatedEbitda": 655000000}, {"date": "2019-12-31", "symbol": "BWA", "reportedCurrency": "USD", "cik": "0000908255", "fillingDate": "2020-02-13", "acceptedDate": "2020-02-13 12:30:02", "calendarYear": "2019", "period": "FY", "revenue": 10168000000, "costOfRevenue": 8067000000, "grossProfit": 2101000000, "grossProfitRatio": 0.2066286389, "researchAndDevelopmentExpenses": 413000000, "generalAndAdministrativeExpenses": 0, "sellingAndMarketingExpenses": 0, "sellingGeneralAndAdministrativeExpenses": 873000000, "otherExpenses": -75000000, "operatingExpenses": 798000000, "costAndExpenses": 8865000000, "interestIncome": 12000000, "interestExpense": 55000000, "depreciationAndAmortization": 456000000, "ebitda": 1759000000, "ebitdaratio": 0.1729937057, "operatingIncome": 1303000000, "operatingIncomeRatio": 0.1281471282, "totalOtherIncomeExpensesNet": -38000000, "incomeBeforeTax": 1265000000, "incomeBeforeTaxRatio": 0.1244099135, "incomeTaxExpense": 468000000, "netIncome": 746000000, "netIncomeRatio": 0.0733674272, "eps": 3.63, "epsdiluted": 3.61, "weightedAverageShsOut": 205700000, "weightedAverageShsOutDil": 206800000, "link": "https://www.sec.gov/Archives/edgar/data/908255/000090825520000014/0000908255-20-000014-index.htm", "finalLink": "https://www.sec.gov/Archives/edgar/data/908255/000090825520000014/a2019123110k.htm", "calculatedOtherExpenses": -488000000, "calculatedOperatingExpenses": 798000000, "calculatedNetInterest": -43000000, "calculatedOtherIncome": 5000000, "calculatedIncomeNonControlling": 51000000, "calculatedEbitda": 1759000000}, {"date": "2018-12-31", "symbol": "BWA", "reportedCurrency": "USD", "cik": "0000908255", "fillingDate": "2019-02-19", "acceptedDate": "2019-02-19 11:39:10", "calendarYear": "2018", "period": "FY", "revenue": 10529600000, "costOfRevenue": 8300200000, "grossProfit": 2229400000, "grossProfitRatio": 0.2117269412, "researchAndDevelopmentExpenses": 440100000, "generalAndAdministrativeExpenses": 945700000, "sellingAndMarketingExpenses": 0, "sellingGeneralAndAdministrativeExpenses": 945700000, "otherExpenses": 9400000, "operatingExpenses": 1039500000, "costAndExpenses": 9339700000, "interestIncome": 6400000, "interestExpense": 58700000, "depreciationAndAmortization": 431300000, "ebitda": 1685900000, "ebitdaratio": 0.1601105455, "operatingIncome": 1189900000, "operatingIncomeRatio": 0.1130052424, "totalOtherIncomeExpensesNet": 58300000, "incomeBeforeTax": 1195900000, "incomeBeforeTaxRatio": 0.1135750646, "incomeTaxExpense": 211300000, "netIncome": 930700000, "netIncomeRatio": 0.0883889227, "eps": 4.47, "epsdiluted": 4.44, "weightedAverageShsOut": 208200000, "weightedAverageShsOutDil": 209500000, "link": "https://www.sec.gov/Archives/edgar/data/908255/000090825519000014/0000908255-19-000014-index.htm", "finalLink": "https://www.sec.gov/Archives/edgar/data/908255/000090825519000014/a2018123110k.htm", "calculatedOtherExpenses": -346300000, "calculatedOperatingExpenses": 1039500000, "calculatedNetInterest": -52300000, "calculatedOtherIncome": 58300000, "calculatedIncomeNonControlling": 53900000, "calculatedEbitda": 1621200000}, {"date": "2017-12-31", "symbol": "BWA", "reportedCurrency": "USD", "cik": "0000908255", "fillingDate": "2018-02-08", "acceptedDate": "2018-02-08 11:53:55", "calendarYear": "2017", "period": "FY", "revenue": 9799300000, "costOfRevenue": 7679200000, "grossProfit": 2120100000, "grossProfitRatio": 0.2163521884, "researchAndDevelopmentExpenses": 407500000, "generalAndAdministrativeExpenses": 898500000, "sellingAndMarketingExpenses": 0, "sellingGeneralAndAdministrativeExpenses": 898500000, "otherExpenses": 300000, "operatingExpenses": 1043000000, "costAndExpenses": 8722200000, "interestIncome": 5800000, "interestExpense": 70500000, "depreciationAndAmortization": 407800000, "ebitda": 1541900000, "ebitdaratio": 0.1573479738, "operatingIncome": 1077100000, "operatingIncomeRatio": 0.1099160144, "totalOtherIncomeExpensesNet": 51200000, "incomeBeforeTax": 1063600000, "incomeBeforeTaxRatio": 0.108538365, "incomeTaxExpense": 580300000, "netIncome": 439900000, "netIncomeRatio": 0.0448909616, "eps": 2.09, "epsdiluted": 2.08, "weightedAverageShsOut": 210400000, "weightedAverageShsOutDil": 211500000, "link": "https://www.sec.gov/Archives/edgar/data/908255/000090825518000017/0000908255-18-000017-index.htm", "finalLink": "https://www.sec.gov/Archives/edgar/data/908255/000090825518000017/a10k12312017.htm", "calculatedOtherExpenses": -263000000, "calculatedOperatingExpenses": 1043000000, "calculatedNetInterest": -64700000, "calculatedOtherIncome": 51200000, "calculatedIncomeNonControlling": 43400000, "calculatedEbitda": 1484900000}, {"date": "2016-12-31", "symbol": "BWA", "reportedCurrency": "USD", "cik": "0000908255", "fillingDate": "2017-02-09", "acceptedDate": "2017-02-09 11:56:11", "calendarYear": "2016", "period": "FY", "revenue": 9071000000, "costOfRevenue": 7137900000, "grossProfit": 1933100000, "grossProfitRatio": 0.2131077059, "researchAndDevelopmentExpenses": 343200000, "generalAndAdministrativeExpenses": 817500000, "sellingAndMarketingExpenses": 0, "sellingGeneralAndAdministrativeExpenses": 817500000, "otherExpenses": 4200000, "operatingExpenses": 1707200000, "costAndExpenses": 8845100000, "interestIncome": 6300000, "interestExpense": 84600000, "depreciationAndAmortization": 391400000, "ebitda": 666500000, "ebitdaratio": 0.0734759122, "operatingIncome": 225900000, "operatingIncomeRatio": 0.0249035387, "totalOtherIncomeExpensesNet": 42900000, "incomeBeforeTax": 190500000, "incomeBeforeTaxRatio": 0.0210009922, "incomeTaxExpense": 30300000, "netIncome": 118500000, "netIncomeRatio": 0.0130636093, "eps": 2.78, "epsdiluted": 2.76, "weightedAverageShsOut": 214374000, "weightedAverageShsOutDil": 215328000, "link": "https://www.sec.gov/Archives/edgar/data/908255/000090825517000011/0000908255-17-000011-index.htm", "finalLink": "https://www.sec.gov/Archives/edgar/data/908255/000090825517000011/a10k12312016.htm", "calculatedOtherExpenses": 546500000, "calculatedOperatingExpenses": 1707200000, "calculatedNetInterest": -78300000, "calculatedOtherIncome": 42900000, "calculatedIncomeNonControlling": 41700000, "calculatedEbitda": 617300000}, {"date": "2015-12-31", "symbol": "BWA", "reportedCurrency": "USD", "cik": "0000908255", "fillingDate": "2016-02-11", "acceptedDate": "2016-02-11 11:52:27", "calendarYear": "2015", "period": "FY", "revenue": 8023200000, "costOfRevenue": 6320100000, "grossProfit": 1703100000, "grossProfitRatio": 0.2122719115, "researchAndDevelopmentExpenses": 307400000, "generalAndAdministrativeExpenses": 662000000, "sellingAndMarketingExpenses": 0, "sellingGeneralAndAdministrativeExpenses": 662000000, "otherExpenses": 1000000, "operatingExpenses": 763400000, "costAndExpenses": 7083500000, "interestIncome": 7500000, "interestExpense": 60400000, "depreciationAndAmortization": 320200000, "ebitda": 1307400000, "ebitdaratio": 0.1629524379, "operatingIncome": 939700000, "operatingIncomeRatio": 0.1171228438, "totalOtherIncomeExpensesNet": 40000000, "incomeBeforeTax": 926800000, "incomeBeforeTaxRatio": 0.1155150065, "incomeTaxExpense": 280400000, "netIncome": 609700000, "netIncomeRatio": 0.0759921228, "eps": 2.57, "epsdiluted": 2.56, "weightedAverageShsOut": 224414000, "weightedAverageShsOutDil": 225648000, "link": "https://www.sec.gov/Archives/edgar/data/908255/000090825516000077/0000908255-16-000077-index.htm", "finalLink": "https://www.sec.gov/Archives/edgar/data/908255/000090825516000077/a10k12312015.htm", "calculatedOtherExpenses": -206000000, "calculatedOperatingExpenses": 763400000, "calculatedNetInterest": -52900000, "calculatedOtherIncome": 40000000, "calculatedIncomeNonControlling": 36700000, "calculatedEbitda": 1259900000}, {"date": "2014-12-31", "symbol": "BWA", "reportedCurrency": "USD", "cik": "0000908255", "fillingDate": "2015-02-12", "acceptedDate": "2015-02-12 11:38:42", "calendarYear": "2014", "period": "FY", "revenue": 8305100000, "costOfRevenue": 6548700000, "grossProfit": 1756400000, "grossProfitRatio": 0.2114845095, "researchAndDevelopmentExpenses": 392800000, "generalAndAdministrativeExpenses": 698900000, "sellingAndMarketingExpenses": 0, "sellingGeneralAndAdministrativeExpenses": 698900000, "otherExpenses": 10400000, "operatingExpenses": 792700000, "costAndExpenses": 7341400000, "interestIncome": 5500000, "interestExpense": 36400000, "depreciationAndAmortization": 330400000, "ebitda": 1346900000, "ebitdaratio": 0.1621774572, "operatingIncome": 963700000, "operatingIncomeRatio": 0.1160371338, "totalOtherIncomeExpensesNet": 47300000, "incomeBeforeTax": 980100000, "incomeBeforeTaxRatio": 0.1180118241, "incomeTaxExpense": 292600000, "netIncome": 655800000, "netIncomeRatio": 0.0789635284, "eps": 2.89, "epsdiluted": 2.86, "weightedAverageShsOut": 227150000, "weightedAverageShsOutDil": 228924000, "link": "https://www.sec.gov/Archives/edgar/data/908255/000090825515000012/0000908255-15-000012-index.htm", "finalLink": "https://www.sec.gov/Archives/edgar/data/908255/000090825515000012/a10k12312014.htm", "calculatedOtherExpenses": -299000000, "calculatedOperatingExpenses": 792700000, "calculatedNetInterest": -30900000, "calculatedOtherIncome": 47300000, "calculatedIncomeNonControlling": 31700000, "calculatedEbitda": 1294100000}, {"date": "2013-12-31", "symbol": "BWA", "reportedCurrency": "USD", "cik": "0000908255", "fillingDate": "2014-02-13", "acceptedDate": "2014-02-13 12:12:38", "calendarYear": "2013", "period": "FY", "revenue": 7436600000, "costOfRevenue": 5879100000, "grossProfit": 1557500000, "grossProfitRatio": 0.2094371084, "researchAndDevelopmentExpenses": 350400000, "generalAndAdministrativeExpenses": 639700000, "sellingAndMarketingExpenses": 0, "sellingGeneralAndAdministrativeExpenses": 639700000, "otherExpenses": 6900000, "operatingExpenses": 702300000, "costAndExpenses": 6581400000, "interestIncome": 4800000, "interestExpense": 34200000, "depreciationAndAmortization": 299400000, "ebitda": 1202900000, "ebitdaratio": 0.1617540274, "operatingIncome": 855200000, "operatingIncomeRatio": 0.1149987898, "totalOtherIncomeExpensesNet": 43500000, "incomeBeforeTax": 869300000, "incomeBeforeTaxRatio": 0.1168948175, "incomeTaxExpense": 218300000, "netIncome": 624300000, "netIncomeRatio": 0.0839496544, "eps": 2.73, "epsdiluted": 2.7, "weightedAverageShsOut": 228600000, "weightedAverageShsOutDil": 231337000, "link": "https://www.sec.gov/Archives/edgar/data/908255/000090825514000012/0000908255-14-000012-index.htm", "finalLink": "https://www.sec.gov/Archives/edgar/data/908255/000090825514000012/a10k12312013.htm", "calculatedOtherExpenses": -287800000, "calculatedOperatingExpenses": 702300000, "calculatedNetInterest": -29400000, "calculatedOtherIncome": 43500000, "calculatedIncomeNonControlling": 26700000, "calculatedEbitda": 1154600000}, {"date": "2012-12-31", "symbol": "BWA", "reportedCurrency": "USD", "cik": "0000908255", "fillingDate": "2013-02-14", "acceptedDate": "2013-02-14 12:20:30", "calendarYear": "2012", "period": "FY", "revenue": 7183200000, "costOfRevenue": 5716300000, "grossProfit": 1466900000, "grossProfitRatio": 0.2042126072, "researchAndDevelopmentExpenses": 309300000, "generalAndAdministrativeExpenses": 646600000, "sellingAndMarketingExpenses": 0, "sellingGeneralAndAdministrativeExpenses": 646600000, "otherExpenses": 300000, "operatingExpenses": 646900000, "costAndExpenses": 6363200000, "interestIncome": 4700000, "interestExpense": 39400000, "depreciationAndAmortization": 288600000, "ebitda": 1156100000, "ebitdaratio": 0.1609449827, "operatingIncome": 752900000, "operatingIncomeRatio": 0.1048140105, "totalOtherIncomeExpensesNet": -24300000, "incomeBeforeTax": 761000000, "incomeBeforeTaxRatio": 0.1059416416, "incomeTaxExpense": 238600000, "netIncome": 500900000, "netIncomeRatio": 0.0697321528, "eps": 2.22, "epsdiluted": 2.09, "weightedAverageShsOut": 225304000, "weightedAverageShsOutDil": 242754000, "link": "https://www.sec.gov/Archives/edgar/data/908255/000090825513000006/0000908255-13-000006-index.htm", "finalLink": "https://www.sec.gov/Archives/edgar/data/908255/000090825513000006/a10k12312012.htm", "calculatedOtherExpenses": -241900000, "calculatedOperatingExpenses": 714000000, "calculatedNetInterest": -34700000, "calculatedOtherIncome": 42800000, "calculatedIncomeNonControlling": 21500000, "calculatedEbitda": 1041500000}, {"date": "2011-12-31", "symbol": "BWA", "reportedCurrency": "USD", "cik": "0000908255", "fillingDate": "2012-02-14", "acceptedDate": "2012-02-14 11:22:22", "calendarYear": "2011", "period": "FY", "revenue": 7114700000, "costOfRevenue": 5704300000, "grossProfit": 1410400000, "grossProfitRatio": 0.198237452, "researchAndDevelopmentExpenses": 0, "generalAndAdministrativeExpenses": 0, "sellingAndMarketingExpenses": 0, "sellingGeneralAndAdministrativeExpenses": 621000000, "otherExpenses": 0, "operatingExpenses": 612900000, "costAndExpenses": 6317200000, "interestIncome": 4800000, "interestExpense": 74600000, "depreciationAndAmortization": 283000000, "ebitda": 1123500000, "ebitdaratio": 0.157912491, "operatingIncome": 797500000, "operatingIncomeRatio": 0.1120918661, "totalOtherIncomeExpensesNet": 38200000, "incomeBeforeTax": 765900000, "incomeBeforeTaxRatio": 0.1076503577, "incomeTaxExpense": 195300000, "netIncome": 550100000, "netIncomeRatio": 0.0773187907, "eps": 2.52, "epsdiluted": 2.22, "weightedAverageShsOut": 218458000, "weightedAverageShsOutDil": 256936000, "link": "https://www.sec.gov/Archives/edgar/data/908255/000090825512000008/0000908255-12-000008-index.htm", "finalLink": "https://www.sec.gov/Archives/edgar/data/908255/000090825512000008/a10k12312011.htm", "calculatedOtherExpenses": -8100000, "calculatedOperatingExpenses": 612900000, "calculatedNetInterest": -69800000, "calculatedOtherIncome": 38200000, "calculatedIncomeNonControlling": 20500000, "calculatedEbitda": 1080500000}, {"date": "2010-12-31", "symbol": "BWA", "reportedCurrency": "USD", "cik": "0000908255", "fillingDate": "2011-02-10", "acceptedDate": "2011-02-10 11:44:19", "calendarYear": "2010", "period": "FY", "revenue": 5652800000, "costOfRevenue": 4559500000, "grossProfit": 1093300000, "grossProfitRatio": 0.1934085763, "researchAndDevelopmentExpenses": 0, "generalAndAdministrativeExpenses": 0, "sellingAndMarketingExpenses": 0, "sellingGeneralAndAdministrativeExpenses": 566600000, "otherExpenses": 0, "operatingExpenses": 589000000, "costAndExpenses": 5148500000, "interestIncome": 2800000, "interestExpense": 68800000, "depreciationAndAmortization": 271200000, "ebitda": 817900000, "ebitdaratio": 0.1446893575, "operatingIncome": 504300000, "operatingIncomeRatio": 0.0892124257, "totalOtherIncomeExpensesNet": 39600000, "incomeBeforeTax": 477900000, "incomeBeforeTaxRatio": 0.0845421738, "incomeTaxExpense": 81700000, "netIncome": 377400000, "netIncomeRatio": 0.0667633739, "eps": 1.66, "epsdiluted": 1.54, "weightedAverageShsOut": 228310000, "weightedAverageShsOutDil": 259150000, "link": "https://www.sec.gov/Archives/edgar/data/908255/000095012311011507/0000950123-11-011507-index.htm", "finalLink": "https://www.sec.gov/Archives/edgar/data/908255/000095012311011507/c61332e10vk.htm", "calculatedOtherExpenses": 22400000, "calculatedOperatingExpenses": 589000000, "calculatedNetInterest": -66000000, "calculatedOtherIncome": 39600000, "calculatedIncomeNonControlling": 18800000, "calculatedEbitda": 775500000}, {"date": "2009-12-31", "symbol": "BWA", "reportedCurrency": "USD", "cik": "0000908255", "fillingDate": "2010-02-11", "acceptedDate": "2010-02-11 11:25:35", "calendarYear": "2009", "period": "FY", "revenue": 3961800000, "costOfRevenue": 3401000000, "grossProfit": 560800000, "grossProfitRatio": 0.1415518199, "researchAndDevelopmentExpenses": 0, "generalAndAdministrativeExpenses": 0, "sellingAndMarketingExpenses": 0, "sellingGeneralAndAdministrativeExpenses": 459800000, "otherExpenses": -100000, "operatingExpenses": 459700000, "costAndExpenses": 3860700000, "interestIncome": 2500000, "interestExpense": 57200000, "depreciationAndAmortization": 260900000, "ebitda": 386300000, "ebitdaratio": 0.0975061841, "operatingIncome": 50800000, "operatingIncomeRatio": 0.0128224544, "totalOtherIncomeExpensesNet": -28500000, "incomeBeforeTax": 17900000, "incomeBeforeTaxRatio": 0.0045181483, "incomeTaxExpense": -18500000, "netIncome": 27000000, "netIncomeRatio": 0.0068150841, "eps": 0.12, "epsdiluted": 0.12, "weightedAverageShsOut": 233044000, "weightedAverageShsOutDil": 233878000, "link": "https://www.sec.gov/Archives/edgar/data/908255/000095012310011337/0000950123-10-011337-index.htm", "finalLink": "https://www.sec.gov/Archives/edgar/data/908255/000095012310011337/c54822e10vk.htm", "calculatedOtherExpenses": 50200000, "calculatedOperatingExpenses": 510000000, "calculatedNetInterest": -54700000, "calculatedOtherIncome": 21800000, "calculatedIncomeNonControlling": 9400000, "calculatedEbitda": 311700000}, {"date": "2008-12-31", "symbol": "BWA", "reportedCurrency": "USD", "cik": "0000908255", "fillingDate": "2009-02-12", "acceptedDate": "2009-02-12 14:29:59", "calendarYear": "2008", "period": "FY", "revenue": 5263900000, "costOfRevenue": 4425400000, "grossProfit": 838500000, "grossProfitRatio": 0.1592925398, "researchAndDevelopmentExpenses": 0, "generalAndAdministrativeExpenses": 0, "sellingAndMarketingExpenses": 0, "sellingGeneralAndAdministrativeExpenses": 542900000, "otherExpenses": 153700000, "operatingExpenses": 696600000, "costAndExpenses": 5122000000, "interestIncome": 0, "interestExpense": 0, "depreciationAndAmortization": 286800000, "ebitda": 717000000, "ebitdaratio": 0.1362107943, "operatingIncome": 14400000, "operatingIncomeRatio": 0.0027356143, "totalOtherIncomeExpensesNet": -249900000, "incomeBeforeTax": 14000000, "incomeBeforeTaxRatio": 0.002659625, "incomeTaxExpense": 33300000, "netIncome": -35600000, "netIncomeRatio": -0.0067630464, "eps": -0.15, "epsdiluted": -0.15, "weightedAverageShsOut": 232014000, "weightedAverageShsOutDil": 232014000, "link": "https://www.sec.gov/Archives/edgar/data/908255/000095013709001021/0000950137-09-001021-index.htm", "finalLink": "https://www.sec.gov/Archives/edgar/data/908255/000095013709001021/c49098e10vk.htm", "calculatedOtherExpenses": 281200000, "calculatedOperatingExpenses": 824100000, "calculatedNetInterest": 0, "calculatedOtherIncome": -400000, "calculatedIncomeNonControlling": 16300000, "calculatedEbitda": 301200000}, {"date": "2007-12-31", "symbol": "BWA", "reportedCurrency": "USD", "cik": "0000908255", "fillingDate": "2008-02-14", "acceptedDate": "2008-02-14 16:57:56", "calendarYear": "2007", "period": "FY", "revenue": 5328600000, "costOfRevenue": 4378700000, "grossProfit": 949900000, "grossProfitRatio": 0.1782644597, "researchAndDevelopmentExpenses": 0, "generalAndAdministrativeExpenses": 0, "sellingAndMarketingExpenses": 0, "sellingGeneralAndAdministrativeExpenses": 531900000, "otherExpenses": -6800000, "operatingExpenses": 525100000, "costAndExpenses": 4903800000, "interestIncome": 0, "interestExpense": 0, "depreciationAndAmortization": 264600000, "ebitda": 689300000, "ebitdaratio": 0.1293585557, "operatingIncome": 424800000, "operatingIncomeRatio": 0.0797207522, "totalOtherIncomeExpensesNet": 40400000, "incomeBeforeTax": 430400000, "incomeBeforeTaxRatio": 0.0807716849, "incomeTaxExpense": 113900000, "netIncome": 288500000, "netIncomeRatio": 0.0541418008, "eps": 1.25, "epsdiluted": 1.23, "weightedAverageShsOut": 232004000, "weightedAverageShsOutDil": 235680000, "link": "https://www.sec.gov/Archives/edgar/data/908255/000090825508000021/0000908255-08-000021-index.htm", "finalLink": "https://www.sec.gov/Archives/edgar/data/908255/000090825508000021/form10k.htm", "calculatedOtherExpenses": -6800000, "calculatedOperatingExpenses": 525100000, "calculatedNetInterest": 0, "calculatedOtherIncome": 5600000, "calculatedIncomeNonControlling": 28000000, "calculatedEbitda": 689400000}, {"date": "2006-12-31", "symbol": "BWA", "reportedCurrency": "USD", "cik": "0000908255", "fillingDate": "2007-02-16", "acceptedDate": "2007-02-16 17:11:49", "calendarYear": "2006", "period": "FY", "revenue": 4585400000, "costOfRevenue": 3735500000, "grossProfit": 849900000, "grossProfitRatio": 0.1853491517, "researchAndDevelopmentExpenses": 0, "generalAndAdministrativeExpenses": 0, "sellingAndMarketingExpenses": 0, "sellingGeneralAndAdministrativeExpenses": 498100000, "otherExpenses": -8500000, "operatingExpenses": 489600000, "costAndExpenses": 4225100000, "interestIncome": 0, "interestExpense": 0, "depreciationAndAmortization": 256600000, "ebitda": 697300000, "ebitdaratio": 0.1520696122, "operatingIncome": 274600000, "operatingIncomeRatio": 0.0598857243, "totalOtherIncomeExpensesNet": -44500000, "incomeBeforeTax": 270300000, "incomeBeforeTaxRatio": 0.0589479653, "incomeTaxExpense": 32400000, "netIncome": 211600000, "netIncomeRatio": 0.0461464649, "eps": 0.92, "epsdiluted": 0.92, "weightedAverageShsOut": 229612000, "weightedAverageShsOutDil": 231884000, "link": "https://www.sec.gov/Archives/edgar/data/908255/000095013707002405/0000950137-07-002405-index.htm", "finalLink": "https://www.sec.gov/Archives/edgar/data/908255/000095013707002405/c12236e10vk.htm", "calculatedOtherExpenses": 77200000, "calculatedOperatingExpenses": 575300000, "calculatedNetInterest": 0, "calculatedOtherIncome": -4300000, "calculatedIncomeNonControlling": 26300000, "calculatedEbitda": 531200000}, {"date": "2005-12-31", "symbol": "BWA", "reportedCurrency": "USD", "cik": "0000908255", "fillingDate": "2006-02-17", "acceptedDate": "2006-02-17 17:22:16", "calendarYear": "2005", "period": "FY", "revenue": 4293800000, "costOfRevenue": 3440000000, "grossProfit": 853800000, "grossProfitRatio": 0.1988448461, "researchAndDevelopmentExpenses": 0, "generalAndAdministrativeExpenses": 0, "sellingAndMarketingExpenses": 0, "sellingGeneralAndAdministrativeExpenses": 495900000, "otherExpenses": 34800000, "operatingExpenses": 530700000, "costAndExpenses": 3970700000, "interestIncome": 0, "interestExpense": 0, "depreciationAndAmortization": 255500000, "ebitda": 613400000, "ebitdaratio": 0.1428571429, "operatingIncome": 323100000, "operatingIncomeRatio": 0.075248032, "totalOtherIncomeExpensesNet": -6600000, "incomeBeforeTax": 314200000, "incomeBeforeTaxRatio": 0.073175276, "incomeTaxExpense": 55100000, "netIncome": 239600000, "netIncomeRatio": 0.055801388, "eps": 1.06, "epsdiluted": 1.04, "weightedAverageShsOut": 226832000, "weightedAverageShsOutDil": 229592000, "link": "https://www.sec.gov/Archives/edgar/data/908255/000095013706002007/0000950137-06-002007-index.htm", "finalLink": "https://www.sec.gov/Archives/edgar/data/908255/000095013706002007/c02047e10vk.htm", "calculatedOtherExpenses": 34800000, "calculatedOperatingExpenses": 530700000, "calculatedNetInterest": 0, "calculatedOtherIncome": -8900000, "calculatedIncomeNonControlling": 19500000, "calculatedEbitda": 578600000}, {"date": "2004-12-31", "symbol": "BWA", "reportedCurrency": "USD", "cik": "0000908255", "fillingDate": "2005-03-15", "acceptedDate": "2005-03-15 12:28:44", "calendarYear": "2004", "period": "FY", "revenue": 3525300000, "costOfRevenue": 2874200000, "grossProfit": 651100000, "grossProfitRatio": 0.1846935013, "researchAndDevelopmentExpenses": 0, "generalAndAdministrativeExpenses": 0, "sellingAndMarketingExpenses": 0, "sellingGeneralAndAdministrativeExpenses": 339000000, "otherExpenses": 3000000, "operatingExpenses": 342000000, "costAndExpenses": 3216200000, "interestIncome": 0, "interestExpense": 0, "depreciationAndAmortization": 177000000, "ebitda": 489100000, "ebitdaratio": 0.1387399654, "operatingIncome": 309100000, "operatingIncomeRatio": 0.0876804811, "totalOtherIncomeExpensesNet": 26200000, "incomeBeforeTax": 308600000, "incomeBeforeTaxRatio": 0.0875386492, "incomeTaxExpense": 81200000, "netIncome": 218300000, "netIncomeRatio": 0.0619238079, "eps": 0.98, "epsdiluted": 0.97, "weightedAverageShsOut": 223488000, "weightedAverageShsOutDil": 226148000, "link": "https://www.sec.gov/Archives/edgar/data/908255/000095013705003025/0000950137-05-003025-index.htm", "finalLink": "https://www.sec.gov/Archives/edgar/data/908255/000095013705003025/c92839e10vk.htm", "calculatedOtherExpenses": 3000000, "calculatedOperatingExpenses": 342000000, "calculatedNetInterest": 0, "calculatedOtherIncome": -500000, "calculatedIncomeNonControlling": 9100000, "calculatedEbitda": 486100000}, {"date": "2003-12-31", "symbol": "BWA", "reportedCurrency": "USD", "cik": "0000908255", "fillingDate": "2004-03-12", "acceptedDate": "2004-03-12 16:18:00", "calendarYear": "2003", "period": "FY", "revenue": 3069200000, "costOfRevenue": 2482500000, "grossProfit": 586700000, "grossProfitRatio": 0.1911573048, "researchAndDevelopmentExpenses": 0, "generalAndAdministrativeExpenses": 0, "sellingAndMarketingExpenses": 0, "sellingGeneralAndAdministrativeExpenses": 316900000, "otherExpenses": -100000, "operatingExpenses": 316800000, "costAndExpenses": 2799300000, "interestIncome": 0, "interestExpense": 0, "depreciationAndAmortization": 161300000, "ebitda": 431100000, "ebitdaratio": 0.1404600547, "operatingIncome": 269900000, "operatingIncomeRatio": 0.0879382249, "totalOtherIncomeExpensesNet": 20200000, "incomeBeforeTax": 256700000, "incomeBeforeTaxRatio": 0.0836374299, "incomeTaxExpense": 73200000, "netIncome": 174900000, "netIncomeRatio": 0.0569855337, "eps": 0.81, "epsdiluted": 0.8, "weightedAverageShsOut": 216464000, "weightedAverageShsOutDil": 218416000, "link": "https://www.sec.gov/Archives/edgar/data/908255/000095013704001801/0000950137-04-001801-index.htm", "finalLink": "https://www.sec.gov/Archives/edgar/data/908255/000095013704001801/c82811e10vk.htm", "calculatedOtherExpenses": -100000, "calculatedOperatingExpenses": 316800000, "calculatedNetInterest": 0, "calculatedOtherIncome": -13200000, "calculatedIncomeNonControlling": 8600000, "calculatedEbitda": 431200000}, {"date": "2002-12-31", "symbol": "BWA", "reportedCurrency": "USD", "cik": "0000908255", "fillingDate": "2003-03-21", "acceptedDate": "2003-03-21 12:44:55", "calendarYear": "2002", "period": "FY", "revenue": 2731100000, "costOfRevenue": 2176500000, "grossProfit": 554600000, "grossProfitRatio": 0.2030683607, "researchAndDevelopmentExpenses": 0, "generalAndAdministrativeExpenses": 0, "sellingAndMarketingExpenses": 0, "sellingGeneralAndAdministrativeExpenses": 303500000, "otherExpenses": -900000, "operatingExpenses": 302600000, "costAndExpenses": 2479100000, "interestIncome": 0, "interestExpense": 0, "depreciationAndAmortization": 137400000, "ebitda": 388500000, "ebitdaratio": 0.1422503753, "operatingIncome": 252000000, "operatingIncomeRatio": 0.0922705137, "totalOtherIncomeExpensesNet": 20400000, "incomeBeforeTax": 233800000, "incomeBeforeTaxRatio": 0.0856065322, "incomeTaxExpense": 77200000, "netIncome": -119100000, "netIncomeRatio": -0.0436088023, "eps": -0.56, "epsdiluted": -0.55, "weightedAverageShsOut": 213000000, "weightedAverageShsOutDil": 214832000, "link": "https://www.sec.gov/Archives/edgar/data/908255/000095013703001615/0000950137-03-001615-index.htm", "finalLink": "https://www.sec.gov/Archives/edgar/data/908255/000095013703001615/c75405e10vk.htm", "calculatedOtherExpenses": -900000, "calculatedOperatingExpenses": 302600000, "calculatedNetInterest": 0, "calculatedOtherIncome": -18200000, "calculatedIncomeNonControlling": 275700000, "calculatedEbitda": 389400000}, {"date": "2001-12-31", "symbol": "BWA", "reportedCurrency": "USD", "cik": "0000908255", "fillingDate": "2002-03-25", "acceptedDate": "2002-03-25 00:00:00", "calendarYear": "2001", "period": "FY", "revenue": 2351600000, "costOfRevenue": 1802000000, "grossProfit": 549600000, "grossProfitRatio": 0.2337132165, "researchAndDevelopmentExpenses": 0, "generalAndAdministrativeExpenses": 0, "sellingAndMarketingExpenses": 0, "sellingGeneralAndAdministrativeExpenses": 234300000, "otherExpenses": 146200000, "operatingExpenses": 380500000, "costAndExpenses": 2182500000, "interestIncome": 0, "interestExpense": 0, "depreciationAndAmortization": 104200000, "ebitda": 343700000, "ebitdaratio": 0.1461558088, "operatingIncome": 140700000, "operatingIncomeRatio": 0.059831604, "totalOtherIncomeExpensesNet": -11400000, "incomeBeforeTax": 106100000, "incomeBeforeTaxRatio": 0.0451182174, "incomeTaxExpense": 39700000, "netIncome": 66400000, "netIncomeRatio": 0.0282360946, "eps": 0.32, "epsdiluted": 0.31, "weightedAverageShsOut": 210520000, "weightedAverageShsOutDil": 211704000, "link": "https://www.sec.gov/Archives/edgar/data/908255/000090825502000040/0000908255-02-000040-index.htm", "finalLink": "https://www.sec.gov/Archives/edgar/data/908255/000090825502000040/tenk02.txt", "calculatedOtherExpenses": 174600000, "calculatedOperatingExpenses": 408900000, "calculatedNetInterest": 0, "calculatedOtherIncome": -34600000, "calculatedIncomeNonControlling": 0, "calculatedEbitda": 244900000}, {"date": "2000-12-31", "symbol": "BWA", "reportedCurrency": "USD", "cik": "0000908255", "fillingDate": "2001-03-23", "acceptedDate": "2001-03-23 00:00:00", "calendarYear": "2000", "period": "FY", "revenue": 2645900000, "costOfRevenue": 2003100000, "grossProfit": 642800000, "grossProfitRatio": 0.2429419101, "researchAndDevelopmentExpenses": 0, "generalAndAdministrativeExpenses": 0, "sellingAndMarketingExpenses": 0, "sellingGeneralAndAdministrativeExpenses": 244100000, "otherExpenses": 145500000, "operatingExpenses": 389600000, "costAndExpenses": 2392700000, "interestIncome": 0, "interestExpense": 0, "depreciationAndAmortization": 145500000, "ebitda": 437800000, "ebitdaratio": 0.1654635474, "operatingIncome": 253200000, "operatingIncomeRatio": 0.0956952266, "totalOtherIncomeExpensesNet": -39100000, "incomeBeforeTax": 148800000, "incomeBeforeTaxRatio": 0.0562379531, "incomeTaxExpense": 54800000, "netIncome": 94000000, "netIncomeRatio": 0.0355266639, "eps": 0.45, "epsdiluted": 0.44, "weightedAverageShsOut": 211128000, "weightedAverageShsOutDil": 211896000, "link": "https://www.sec.gov/Archives/edgar/data/908255/000090825501500033/0000908255-01-500033-index.htm", "finalLink": "https://www.sec.gov/Archives/edgar/data/908255/000090825501500033/annrep36.htm", "calculatedOtherExpenses": 145500000, "calculatedOperatingExpenses": 389600000, "calculatedNetInterest": 0, "calculatedOtherIncome": -104400000, "calculatedIncomeNonControlling": 0, "calculatedEbitda": 398700000}, {"date": "1999-12-31", "symbol": "BWA", "reportedCurrency": "USD", "cik": "0000908255", "fillingDate": "2000-03-22", "acceptedDate": "2000-03-22 00:00:00", "calendarYear": "1999", "period": "FY", "revenue": 2458600000, "costOfRevenue": 1888500000, "grossProfit": 570100000, "grossProfitRatio": 0.2318799317, "researchAndDevelopmentExpenses": 0, "generalAndAdministrativeExpenses": 0, "sellingAndMarketingExpenses": 0, "sellingGeneralAndAdministrativeExpenses": 203300000, "otherExpenses": 123400000, "operatingExpenses": 326700000, "costAndExpenses": 2215200000, "interestIncome": 0, "interestExpense": 0, "depreciationAndAmortization": 123400000, "ebitda": 352700000, "ebitdaratio": 0.1434556252, "operatingIncome": 243400000, "operatingIncomeRatio": 0.0989994306, "totalOtherIncomeExpensesNet": 14100000, "incomeBeforeTax": 207000000, "incomeBeforeTaxRatio": 0.0841942569, "incomeTaxExpense": 74700000, "netIncome": 132300000, "netIncomeRatio": 0.053811112, "eps": 0.64, "epsdiluted": 0.63, "weightedAverageShsOut": 207584000, "weightedAverageShsOutDil": 208624000, "link": "https://www.sec.gov/Archives/edgar/data/908255/000090825500000051/0000908255-00-000051-index.html", "finalLink": "https://www.sec.gov/Archives/edgar/data/908255/000090825500000051/0000908255-00-000051-d1.html", "calculatedOtherExpenses": 123400000, "calculatedOperatingExpenses": 326700000, "calculatedNetInterest": 0, "calculatedOtherIncome": -36400000, "calculatedIncomeNonControlling": 0, "calculatedEbitda": 366800000}, {"date": "1998-12-31", "symbol": "BWA", "reportedCurrency": "USD", "cik": "0000908255", "fillingDate": "1999-03-19", "acceptedDate": "1999-03-19 00:00:00", "calendarYear": "1998", "period": "FY", "revenue": 1836800000, "costOfRevenue": 1450700000, "grossProfit": 386100000, "grossProfitRatio": 0.2102025261, "researchAndDevelopmentExpenses": 0, "generalAndAdministrativeExpenses": 0, "sellingAndMarketingExpenses": 0, "sellingGeneralAndAdministrativeExpenses": 135100000, "otherExpenses": 91600000, "operatingExpenses": 226700000, "costAndExpenses": 1677400000, "interestIncome": 0, "interestExpense": 0, "depreciationAndAmortization": 91600000, "ebitda": 240700000, "ebitdaratio": 0.1310431185, "operatingIncome": 159400000, "operatingIncomeRatio": 0.0867813589, "totalOtherIncomeExpensesNet": 10300000, "incomeBeforeTax": 140700000, "incomeBeforeTaxRatio": 0.0766006098, "incomeTaxExpense": 46000000, "netIncome": 94700000, "netIncomeRatio": 0.0515570557, "eps": 0.5, "epsdiluted": 0.5, "weightedAverageShsOut": 187832000, "weightedAverageShsOutDil": 189408000, "link": "https://www.sec.gov/Archives/edgar/data/908255/000090825599000033/0000908255-99-000033-index.html", "finalLink": "https://www.sec.gov/Archives/edgar/data/908255/", "calculatedOtherExpenses": 91600000, "calculatedOperatingExpenses": 226700000, "calculatedNetInterest": 0, "calculatedOtherIncome": -18700000, "calculatedIncomeNonControlling": 0, "calculatedEbitda": 251000000}, {"date": "1997-12-31", "symbol": "BWA", "reportedCurrency": "USD", "cik": "0000908255", "fillingDate": "1998-03-20", "acceptedDate": "1998-03-20 00:00:00", "calendarYear": "1997", "period": "FY", "revenue": 1767000000, "costOfRevenue": 1375400000, "grossProfit": 391600000, "grossProfitRatio": 0.2216185625, "researchAndDevelopmentExpenses": 0, "generalAndAdministrativeExpenses": 0, "sellingAndMarketingExpenses": 0, "sellingGeneralAndAdministrativeExpenses": 132000000, "otherExpenses": 87100000, "operatingExpenses": 219100000, "costAndExpenses": 1594500000, "interestIncome": 0, "interestExpense": 0, "depreciationAndAmortization": 87100000, "ebitda": 246400000, "ebitdaratio": 0.1394453877, "operatingIncome": 172500000, "operatingIncomeRatio": 0.09762309, "totalOtherIncomeExpensesNet": 13200000, "incomeBeforeTax": 157900000, "incomeBeforeTaxRatio": 0.089360498, "incomeTaxExpense": 54700000, "netIncome": 103200000, "netIncomeRatio": 0.0584040747, "eps": 0.54, "epsdiluted": 0.54, "weightedAverageShsOut": 189464000, "weightedAverageShsOutDil": 191472000, "link": "https://www.sec.gov/Archives/edgar/data/908255/000090825598000056/0000908255-98-000056-index.html", "finalLink": "https://www.sec.gov/Archives/edgar/data/908255/", "calculatedOtherExpenses": 87100000, "calculatedOperatingExpenses": 219100000, "calculatedNetInterest": 0, "calculatedOtherIncome": -14600000, "calculatedIncomeNonControlling": 0, "calculatedEbitda": 259600000}, {"date": "1996-12-31", "symbol": "BWA", "reportedCurrency": "USD", "cik": "0000908255", "fillingDate": "1997-03-21", "acceptedDate": "1997-03-21 00:00:00", "calendarYear": "1996", "period": "FY", "revenue": 1540100000, "costOfRevenue": 1205500000, "grossProfit": 334600000, "grossProfitRatio": 0.2172586196, "researchAndDevelopmentExpenses": 0, "generalAndAdministrativeExpenses": 0, "sellingAndMarketingExpenses": 0, "sellingGeneralAndAdministrativeExpenses": 122700000, "otherExpenses": 84800000, "operatingExpenses": 207500000, "costAndExpenses": 1413000000, "interestIncome": 0, "interestExpense": 0, "depreciationAndAmortization": 84800000, "ebitda": 260300000, "ebitdaratio": 0.169014999, "operatingIncome": 127100000, "operatingIncomeRatio": 0.0825271086, "totalOtherIncomeExpensesNet": -48400000, "incomeBeforeTax": 54700000, "incomeBeforeTaxRatio": 0.0355171742, "incomeTaxExpense": 12900000, "netIncome": 41800000, "netIncomeRatio": 0.0271410947, "eps": 0.22, "epsdiluted": 0.22, "weightedAverageShsOut": 188926554, "weightedAverageShsOutDil": 191085714, "link": "https://www.sec.gov/Archives/edgar/data/908255/000090825597000006/0000908255-97-000006-index.html", "finalLink": "https://www.sec.gov/Archives/edgar/data/908255/", "calculatedOtherExpenses": 84800000, "calculatedOperatingExpenses": 207500000, "calculatedNetInterest": 0, "calculatedOtherIncome": -72400000, "calculatedIncomeNonControlling": 0, "calculatedEbitda": 211900000}, {"date": "1995-12-31", "symbol": "BWA", "reportedCurrency": "USD", "cik": "0000908255", "fillingDate": "1996-06-11", "acceptedDate": "1996-06-11 00:00:00", "calendarYear": "1995", "period": "FY", "revenue": 1329100000, "costOfRevenue": 1044900000, "grossProfit": 284200000, "grossProfitRatio": 0.2138289068, "researchAndDevelopmentExpenses": 0, "generalAndAdministrativeExpenses": 0, "sellingAndMarketingExpenses": 0, "sellingGeneralAndAdministrativeExpenses": 97800000, "otherExpenses": 77600000, "operatingExpenses": 175400000, "costAndExpenses": 1220300000, "interestIncome": 0, "interestExpense": 0, "depreciationAndAmortization": 77600000, "ebitda": 167800000, "ebitdaratio": 0.1262508464, "operatingIncome": 108800000, "operatingIncomeRatio": 0.0818599052, "totalOtherIncomeExpensesNet": 18600000, "incomeBeforeTax": 111200000, "incomeBeforeTaxRatio": 0.0836656384, "incomeTaxExpense": 37000000, "netIncome": 74200000, "netIncomeRatio": 0.0558272515, "eps": 0.39, "epsdiluted": 0.39, "weightedAverageShsOut": 188496000, "weightedAverageShsOutDil": 188496000, "link": "https://www.sec.gov/Archives/edgar/data/908255/000095012496002612/0000950124-96-002612-index.html", "finalLink": "https://www.sec.gov/Archives/edgar/data/908255/", "calculatedOtherExpenses": 77600000, "calculatedOperatingExpenses": 175400000, "calculatedNetInterest": 0, "calculatedOtherIncome": 2400000, "calculatedIncomeNonControlling": 0, "calculatedEbitda": 186400000}, {"date": "1994-12-31", "symbol": "BWA", "reportedCurrency": "USD", "cik": "0000908255", "fillingDate": "1994-12-31", "acceptedDate": "1994-12-30 19:00:00", "calendarYear": "1994", "period": "FY", "revenue": 1223400000, "costOfRevenue": 948400000, "grossProfit": 275000000, "grossProfitRatio": 0.2247833906, "researchAndDevelopmentExpenses": 0, "generalAndAdministrativeExpenses": 0, "sellingAndMarketingExpenses": 0, "sellingGeneralAndAdministrativeExpenses": 92100000, "otherExpenses": 70500000, "operatingExpenses": 162600000, "costAndExpenses": 1111000000, "interestIncome": 0, "interestExpense": 0, "depreciationAndAmortization": 70500000, "ebitda": 172300000, "ebitdaratio": 0.1408370116, "operatingIncome": 112400000, "operatingIncomeRatio": 0.0918751022, "totalOtherIncomeExpensesNet": 10600000, "incomeBeforeTax": 107700000, "incomeBeforeTaxRatio": 0.0880333497, "incomeTaxExpense": 43300000, "netIncome": 64400000, "netIncomeRatio": 0.0526401831, "eps": 0.35, "epsdiluted": 0.34, "weightedAverageShsOut": 184659498, "weightedAverageShsOutDil": 187345455, "link": "", "finalLink": "", "calculatedOtherExpenses": 70500000, "calculatedOperatingExpenses": 162600000, "calculatedNetInterest": 0, "calculatedOtherIncome": -4700000, "calculatedIncomeNonControlling": 0, "calculatedEbitda": 182900000}, {"date": "1993-12-31", "symbol": "BWA", "reportedCurrency": "USD", "cik": "0000908255", "fillingDate": "1993-12-31", "acceptedDate": "1993-12-30 19:00:00", "calendarYear": "1993", "period": "FY", "revenue": 985400000, "costOfRevenue": 769300000, "grossProfit": 216100000, "grossProfitRatio": 0.2193018064, "researchAndDevelopmentExpenses": 0, "generalAndAdministrativeExpenses": 0, "sellingAndMarketingExpenses": 0, "sellingGeneralAndAdministrativeExpenses": 83500000, "otherExpenses": 67600000, "operatingExpenses": 151100000, "costAndExpenses": 920400000, "interestIncome": 0, "interestExpense": 0, "depreciationAndAmortization": 67600000, "ebitda": 122000000, "ebitdaratio": 0.1238075908, "operatingIncome": 65000000, "operatingIncomeRatio": 0.0659630607, "totalOtherIncomeExpensesNet": 10600000, "incomeBeforeTax": 57100000, "incomeBeforeTaxRatio": 0.0579460118, "incomeTaxExpense": 24300000, "netIncome": -98000000, "netIncomeRatio": -0.0994519992, "eps": -0.54, "epsdiluted": -0.53, "weightedAverageShsOut": 180229885, "weightedAverageShsOutDil": 185342790, "link": "", "finalLink": "", "calculatedOtherExpenses": 67600000, "calculatedOperatingExpenses": 151100000, "calculatedNetInterest": 0, "calculatedOtherIncome": -7900000, "calculatedIncomeNonControlling": 130800000, "calculatedEbitda": 132600000}, {"date": "1992-12-31", "symbol": "BWA", "reportedCurrency": "USD", "cik": "0000908255", "fillingDate": "1992-12-31", "acceptedDate": "1992-12-30 19:00:00", "calendarYear": "1992", "period": "FY", "revenue": 926000000, "costOfRevenue": 755200000, "grossProfit": 170800000, "grossProfitRatio": 0.1844492441, "researchAndDevelopmentExpenses": 0, "generalAndAdministrativeExpenses": 0, "sellingAndMarketingExpenses": 0, "sellingGeneralAndAdministrativeExpenses": 69600000, "otherExpenses": 74000000, "operatingExpenses": 143600000, "costAndExpenses": 898800000, "interestIncome": 0, "interestExpense": 0, "depreciationAndAmortization": 74000000, "ebitda": 94300000, "ebitdaratio": 0.1018358531, "operatingIncome": 27200000, "operatingIncomeRatio": 0.0293736501, "totalOtherIncomeExpensesNet": 6900000, "incomeBeforeTax": -9400000, "incomeBeforeTaxRatio": -0.0101511879, "incomeTaxExpense": 2700000, "netIncome": -12100000, "netIncomeRatio": -0.0130669546, "eps": -0.0663, "epsdiluted": -0.0663, "weightedAverageShsOut": 182641509, "weightedAverageShsOutDil": 182641509, "link": "", "finalLink": "", "calculatedOtherExpenses": 74000000, "calculatedOperatingExpenses": 143600000, "calculatedNetInterest": 0, "calculatedOtherIncome": -36600000, "calculatedIncomeNonControlling": 0, "calculatedEbitda": 101200000}]}