{"originalCurrency": "USD", "convertedCurrency": "USD", "report": [{"date": "2023-12-31", "symbol": "BX", "reportedCurrency": "USD", "cik": "0001393818", "fillingDate": "2024-01-25", "acceptedDate": "2024-01-25 06:56:02", "calendarYear": "2023", "period": "FY", "revenue": 7683902000, "costOfRevenue": 253162000, "grossProfit": 7430740000, "grossProfitRatio": 0.9670529374, "researchAndDevelopmentExpenses": 0, "generalAndAdministrativeExpenses": 1236292000, "sellingAndMarketingExpenses": 2785447000, "sellingGeneralAndAdministrativeExpenses": 4021739000, "otherExpenses": -6671338000, "operatingExpenses": 4726188000, "costAndExpenses": 4726188000, "interestIncome": 66370999, "interestExpense": 431868000, "depreciationAndAmortization": 134175000, "ebitda": 3484582000, "ebitdaratio": 0.453491208, "operatingIncome": 3134640000, "operatingIncomeRatio": 0.4079489822, "totalOtherIncomeExpensesNet": -176926000, "incomeBeforeTax": 2957714000, "incomeBeforeTaxRatio": 0.3849234412, "incomeTaxExpense": 513461000, "netIncome": 1390880000, "netIncomeRatio": 0.1810121993, "eps": 1.84, "epsdiluted": 1.84, "weightedAverageShsOut": 755204556, "weightedAverageShsOutDil": 755419936, "link": "https://www.sec.gov/Archives/edgar/data/1393818/000119312524014831/0001193125-24-014831-index.htm", "finalLink": "https://www.sec.gov/Archives/edgar/data/1393818/000119312524014831/d701698dex991.htm", "calculatedOtherExpenses": 274361000, "calculatedOperatingExpenses": 4296100000, "calculatedNetInterest": -365497001, "calculatedOtherIncome": 188571001, "calculatedIncomeNonControlling": 1053373000, "calculatedEbitda": 3268815000}, {"date": "2022-12-31", "symbol": "BX", "reportedCurrency": "USD", "cik": "0001393818", "fillingDate": "2023-02-24", "acceptedDate": "2023-02-24 16:04:44", "calendarYear": "2022", "period": "FY", "revenue": 7132632000, "costOfRevenue": 3532454000, "grossProfit": 3600178000, "grossProfitRatio": 0.5047474761, "researchAndDevelopmentExpenses": 0, "generalAndAdministrativeExpenses": 1123346000, "sellingAndMarketingExpenses": 0, "sellingGeneralAndAdministrativeExpenses": 1123346000, "otherExpenses": 2547497000, "operatingExpenses": 3670843000, "costAndExpenses": 3670843000, "interestIncome": 271612000, "interestExpense": 317225000, "depreciationAndAmortization": 67097000, "ebitda": 2604833000, "ebitdaratio": 0.3651994103, "operatingIncome": 2537736000, "operatingIncomeRatio": 0.3557923639, "totalOtherIncomeExpensesNet": 924053000, "incomeBeforeTax": 3461789000, "incomeBeforeTaxRatio": 0.4853452414, "incomeTaxExpense": 472880000, "netIncome": 2988909000, "netIncomeRatio": 0.4190471344, "eps": 4.04, "epsdiluted": 4.03, "weightedAverageShsOut": 740664038, "weightedAverageShsOutDil": 740942399, "link": "https://www.sec.gov/Archives/edgar/data/1393818/000119312523048733/0001193125-23-048733-index.htm", "finalLink": "https://www.sec.gov/Archives/edgar/data/1393818/000119312523048733/d459795d10k.htm", "calculatedOtherExpenses": -60904000, "calculatedOperatingExpenses": 1062442000, "calculatedNetInterest": -45613000, "calculatedOtherIncome": 969666000, "calculatedIncomeNonControlling": 0, "calculatedEbitda": 2604833000}, {"date": "2021-12-31", "symbol": "BX", "reportedCurrency": "USD", "cik": "0001393818", "fillingDate": "2022-02-25", "acceptedDate": "2022-02-25 16:18:56", "calendarYear": "2021", "period": "FY", "revenue": 16652351000, "costOfRevenue": 8350126000, "grossProfit": 8302225000, "grossProfitRatio": 0.4985617346, "researchAndDevelopmentExpenses": 0, "generalAndAdministrativeExpenses": 928223000, "sellingAndMarketingExpenses": 0, "sellingGeneralAndAdministrativeExpenses": 928223000, "otherExpenses": 2164732000, "operatingExpenses": 3092955000, "costAndExpenses": 3092955000, "interestIncome": 160643000, "interestExpense": 198268000, "depreciationAndAmortization": 74871000, "ebitda": 7116669000, "ebitdaratio": 0.4273672228, "operatingIncome": 7041798000, "operatingIncomeRatio": 0.4228711009, "totalOtherIncomeExpensesNet": 6517598000, "incomeBeforeTax": 13559396000, "incomeBeforeTaxRatio": 0.8142631632, "incomeTaxExpense": 1184401000, "netIncome": 12374995000, "netIncomeRatio": 0.743138011, "eps": 17.19, "epsdiluted": 17.18, "weightedAverageShsOut": 719766879, "weightedAverageShsOutDil": 720125043, "link": "https://www.sec.gov/Archives/edgar/data/1393818/000119312522054433/0001193125-22-054433-index.htm", "finalLink": "https://www.sec.gov/Archives/edgar/data/1393818/000119312522054433/d299999d10k.htm", "calculatedOtherExpenses": 332204000, "calculatedOperatingExpenses": 1260427000, "calculatedNetInterest": -37625000, "calculatedOtherIncome": 6555223000, "calculatedIncomeNonControlling": 0, "calculatedEbitda": 7116669000}, {"date": "2020-12-31", "symbol": "BX", "reportedCurrency": "USD", "cik": "0001393818", "fillingDate": "2021-02-26", "acceptedDate": "2021-02-26 16:06:18", "calendarYear": "2020", "period": "FY", "revenue": 5233168000, "costOfRevenue": 2588758000, "grossProfit": 2644410000, "grossProfitRatio": 0.505317238, "researchAndDevelopmentExpenses": 0, "generalAndAdministrativeExpenses": 724646000, "sellingAndMarketingExpenses": 0, "sellingGeneralAndAdministrativeExpenses": 724646000, "otherExpenses": 1891002000, "operatingExpenses": 2615648000, "costAndExpenses": 2615648000, "interestIncome": 125231000, "interestExpense": 166162000, "depreciationAndAmortization": 71053000, "ebitda": 1472430000, "ebitdaratio": 0.2813649399, "operatingIncome": 1401377000, "operatingIncomeRatio": 0.2677875046, "totalOtherIncomeExpensesNet": 1216143000, "incomeBeforeTax": 2617520000, "incomeBeforeTaxRatio": 0.5001788592, "incomeTaxExpense": 356014000, "netIncome": 2261506000, "netIncomeRatio": 0.432148557, "eps": 3.24, "epsdiluted": 3.24, "weightedAverageShsOut": 696933548, "weightedAverageShsOutDil": 697258296, "link": "https://www.sec.gov/Archives/edgar/data/1393818/000119312521060361/0001193125-21-060361-index.htm", "finalLink": "https://www.sec.gov/Archives/edgar/data/1393818/000119312521060361/d105584d10k.htm", "calculatedOtherExpenses": 518387000, "calculatedOperatingExpenses": 1243033000, "calculatedNetInterest": -40931000, "calculatedOtherIncome": 1257074000, "calculatedIncomeNonControlling": 0, "calculatedEbitda": 1472430000}, {"date": "2019-12-31", "symbol": "BX", "reportedCurrency": "USD", "cik": "0001393818", "fillingDate": "2020-02-28", "acceptedDate": "2020-02-28 17:00:08", "calendarYear": "2019", "period": "FY", "revenue": 6173924000, "costOfRevenue": 3067857000, "grossProfit": 3106067000, "grossProfitRatio": 0.5030944663, "researchAndDevelopmentExpenses": 0, "generalAndAdministrativeExpenses": 697146000, "sellingAndMarketingExpenses": 0, "sellingGeneralAndAdministrativeExpenses": 697146000, "otherExpenses": 1658763000, "operatingExpenses": 2355909000, "costAndExpenses": 2355909000, "interestIncome": 182398000, "interestExpense": 199648000, "depreciationAndAmortization": 70999000, "ebitda": 2072729000, "ebitdaratio": 0.3357231155, "operatingIncome": 2001730000, "operatingIncomeRatio": 0.3242232979, "totalOtherIncomeExpensesNet": 1816285000, "incomeBeforeTax": 3818015000, "incomeBeforeTaxRatio": 0.6184097828, "incomeTaxExpense": -47952000, "netIncome": 3865967000, "netIncomeRatio": 0.6261766423, "eps": 5.72, "epsdiluted": 5.72, "weightedAverageShsOut": 675900466, "weightedAverageShsOutDil": 676167851, "link": "https://www.sec.gov/Archives/edgar/data/1393818/000119312520056733/0001193125-20-056733-index.htm", "finalLink": "https://www.sec.gov/Archives/edgar/data/1393818/000119312520056733/d844019d10k.htm", "calculatedOtherExpenses": 407191000, "calculatedOperatingExpenses": 1104337000, "calculatedNetInterest": -17250000, "calculatedOtherIncome": 1833535000, "calculatedIncomeNonControlling": 0, "calculatedEbitda": 2072729000}, {"date": "2018-12-31", "symbol": "BX", "reportedCurrency": "USD", "cik": "0001393818", "fillingDate": "2019-03-01", "acceptedDate": "2019-03-01 16:21:20", "calendarYear": "2018", "period": "FY", "revenue": 5796257000, "costOfRevenue": 2674691000, "grossProfit": 3121566000, "grossProfitRatio": 0.538548584, "researchAndDevelopmentExpenses": 0, "generalAndAdministrativeExpenses": 673359000, "sellingAndMarketingExpenses": 0, "sellingGeneralAndAdministrativeExpenses": 673359000, "otherExpenses": 1609957000, "operatingExpenses": 2283316000, "costAndExpenses": 2283316000, "interestIncome": 171947000, "interestExpense": 163990000, "depreciationAndAmortization": 59021000, "ebitda": 2014189000, "ebitdaratio": 0.3474982217, "operatingIncome": 1955168000, "operatingIncomeRatio": 0.3373156159, "totalOtherIncomeExpensesNet": 1557773000, "incomeBeforeTax": 3512941000, "incomeBeforeTaxRatio": 0.6060706073, "incomeTaxExpense": 249390000, "netIncome": 1541788000, "netIncomeRatio": 0.2659971771, "eps": 1.28, "epsdiluted": 1.28, "weightedAverageShsOut": 1206962846, "weightedAverageShsOutDil": 1206962846, "link": "https://www.sec.gov/Archives/edgar/data/1393818/000119312519061011/0001193125-19-061011-index.htm", "finalLink": "https://www.sec.gov/Archives/edgar/data/1393818/000119312519061011/d663205d10k.htm", "calculatedOtherExpenses": 493039000, "calculatedOperatingExpenses": 1166398000, "calculatedNetInterest": 7957000, "calculatedOtherIncome": 1549816000, "calculatedIncomeNonControlling": 1721763000, "calculatedEbitda": 2014189000}, {"date": "2017-12-31", "symbol": "BX", "reportedCurrency": "USD", "cik": "0001393818", "fillingDate": "2018-03-01", "acceptedDate": "2018-03-01 16:03:33", "calendarYear": "2017", "period": "FY", "revenue": 5911231000, "costOfRevenue": 2930815000, "grossProfit": 2980416000, "grossProfitRatio": 0.5041954882, "researchAndDevelopmentExpenses": 0, "generalAndAdministrativeExpenses": 599103000, "sellingAndMarketingExpenses": 0, "sellingGeneralAndAdministrativeExpenses": 599103000, "otherExpenses": 1195027000, "operatingExpenses": 1794130000, "costAndExpenses": 1794130000, "interestIncome": 3478973000, "interestExpense": 1529419000, "depreciationAndAmortization": 46776000, "ebitda": 3790172000, "ebitdaratio": 0.6411815069, "operatingIncome": 3743396000, "operatingIncomeRatio": 0.6332684343, "totalOtherIncomeExpensesNet": 373705000, "incomeBeforeTax": 4117101000, "incomeBeforeTaxRatio": 0.6964879227, "incomeTaxExpense": 743147000, "netIncome": 1470830000, "netIncomeRatio": 0.2488195775, "eps": 2.21, "epsdiluted": 2.21, "weightedAverageShsOut": 665453198, "weightedAverageShsOutDil": 666246846, "link": "https://www.sec.gov/Archives/edgar/data/1393818/000119312518067079/0001193125-18-067079-index.htm", "finalLink": "https://www.sec.gov/Archives/edgar/data/1393818/000119312518067079/d522506d10k.htm", "calculatedOtherExpenses": -1362083000, "calculatedOperatingExpenses": -762980000, "calculatedNetInterest": 1949554000, "calculatedOtherIncome": -1575849000, "calculatedIncomeNonControlling": 1903124000, "calculatedEbitda": 3790172000}, {"date": "2016-12-31", "symbol": "BX", "reportedCurrency": "USD", "cik": "0001393818", "fillingDate": "2017-02-24", "acceptedDate": "2017-02-24 16:06:59", "calendarYear": "2016", "period": "FY", "revenue": 4389138000, "costOfRevenue": 2203430000, "grossProfit": 2185708000, "grossProfitRatio": 0.4979811526, "researchAndDevelopmentExpenses": 0, "generalAndAdministrativeExpenses": 572490000, "sellingAndMarketingExpenses": 0, "sellingGeneralAndAdministrativeExpenses": 572490000, "otherExpenses": 1434638000, "operatingExpenses": 2007128000, "costAndExpenses": 2007128000, "interestIncome": 2051858000, "interestExpense": 921446000, "depreciationAndAmortization": 82943000, "ebitda": 2175986000, "ebitdaratio": 0.495766139, "operatingIncome": 2093043000, "operatingIncomeRatio": 0.4768688066, "totalOtherIncomeExpensesNet": 288967000, "incomeBeforeTax": 2382010000, "incomeBeforeTaxRatio": 0.542705652, "incomeTaxExpense": 132362000, "netIncome": 1039235000, "netIncomeRatio": 0.2367742823, "eps": 1.6, "epsdiluted": 1.56, "weightedAverageShsOut": 649475264, "weightedAverageShsOutDil": 1195114590, "link": "https://www.sec.gov/Archives/edgar/data/1393818/000119312517056300/0001193125-17-056300-index.htm", "finalLink": "https://www.sec.gov/Archives/edgar/data/1393818/000119312517056300/d280098d10k.htm", "calculatedOtherExpenses": -479825000, "calculatedOperatingExpenses": 92665000, "calculatedNetInterest": 1130412000, "calculatedOtherIncome": -841445000, "calculatedIncomeNonControlling": 1210413000, "calculatedEbitda": 2175986000}, {"date": "2015-12-31", "symbol": "BX", "reportedCurrency": "USD", "cik": "0001393818", "fillingDate": "2016-02-26", "acceptedDate": "2016-02-26 16:13:36", "calendarYear": "2015", "period": "FY", "revenue": 4197289000, "costOfRevenue": 2290751000, "grossProfit": 1906538000, "grossProfitRatio": 0.4542308142, "researchAndDevelopmentExpenses": 0, "generalAndAdministrativeExpenses": 655602000, "sellingAndMarketingExpenses": 0, "sellingGeneralAndAdministrativeExpenses": 655602000, "otherExpenses": 1726939000, "operatingExpenses": 2382541000, "costAndExpenses": 2382541000, "interestIncome": 1705073000, "interestExpense": 625627000, "depreciationAndAmortization": 101437000, "ebitda": 1627251000, "ebitdaratio": 0.3876909596, "operatingIncome": 1525814000, "operatingIncomeRatio": 0.3635236935, "totalOtherIncomeExpensesNet": 288934000, "incomeBeforeTax": 1814748000, "incomeBeforeTaxRatio": 0.4323619365, "incomeTaxExpense": 190398000, "netIncome": 709789000, "netIncomeRatio": 0.1691065352, "eps": 1.12, "epsdiluted": 1.04, "weightedAverageShsOut": 634337179, "weightedAverageShsOutDil": 1188085411, "link": "https://www.sec.gov/Archives/edgar/data/1393818/000119312516481948/0001193125-16-481948-index.htm", "finalLink": "https://www.sec.gov/Archives/edgar/data/1393818/000119312516481948/d129194d10k.htm", "calculatedOtherExpenses": -274878000, "calculatedOperatingExpenses": 380724000, "calculatedNetInterest": 1079446000, "calculatedOtherIncome": -790512000, "calculatedIncomeNonControlling": 914561000, "calculatedEbitda": 1627251000}, {"date": "2014-12-31", "symbol": "BX", "reportedCurrency": "USD", "cik": "0001393818", "fillingDate": "2015-02-27", "acceptedDate": "2015-02-27 16:03:47", "calendarYear": "2014", "period": "FY", "revenue": 6526378000, "costOfRevenue": 3154371000, "grossProfit": 3372007000, "grossProfitRatio": 0.5166735669, "researchAndDevelopmentExpenses": 0, "generalAndAdministrativeExpenses": 579961000, "sellingAndMarketingExpenses": 0, "sellingGeneralAndAdministrativeExpenses": 579961000, "otherExpenses": 1959691000, "operatingExpenses": 2539652000, "costAndExpenses": 2539652000, "interestIncome": 4224815000, "interestExpense": 1316204000, "depreciationAndAmortization": 101915000, "ebitda": 3293881000, "ebitdaratio": 0.5047027616, "operatingIncome": 3191966000, "operatingIncomeRatio": 0.4890869024, "totalOtherIncomeExpensesNet": 794760000, "incomeBeforeTax": 3986726000, "incomeBeforeTaxRatio": 0.6108634835, "incomeTaxExpense": 291173000, "netIncome": 1584589000, "netIncomeRatio": 0.242797613, "eps": 2.6, "epsdiluted": 2.58, "weightedAverageShsOut": 608803111, "weightedAverageShsOutDil": 613176405, "link": "https://www.sec.gov/Archives/edgar/data/1393818/000119312515069653/0001193125-15-069653-index.htm", "finalLink": "https://www.sec.gov/Archives/edgar/data/1393818/000119312515069653/d849048d10k.htm", "calculatedOtherExpenses": -399920000, "calculatedOperatingExpenses": 180041000, "calculatedNetInterest": 2908611000, "calculatedOtherIncome": -2113851000, "calculatedIncomeNonControlling": 2110964000, "calculatedEbitda": 3293881000}, {"date": "2013-12-31", "symbol": "BX", "reportedCurrency": "USD", "cik": "0001393818", "fillingDate": "2014-02-28", "acceptedDate": "2014-02-28 15:43:29", "calendarYear": "2013", "period": "FY", "revenue": 5662941000, "costOfRevenue": 3257667000, "grossProfit": 2405274000, "grossProfitRatio": 0.4247393713, "researchAndDevelopmentExpenses": 0, "generalAndAdministrativeExpenses": 501100000, "sellingAndMarketingExpenses": 0, "sellingGeneralAndAdministrativeExpenses": 501100000, "otherExpenses": 2013280000, "operatingExpenses": 2514380000, "costAndExpenses": 2514380000, "interestIncome": 3166479000, "interestExpense": 1331891000, "depreciationAndAmortization": 95671000, "ebitda": 2854406000, "ebitdaratio": 0.504050104, "operatingIncome": 2758735000, "operatingIncomeRatio": 0.4871558789, "totalOtherIncomeExpensesNet": 389826000, "incomeBeforeTax": 3148561000, "incomeBeforeTaxRatio": 0.5559939614, "incomeTaxExpense": 255642000, "netIncome": 1171202000, "netIncomeRatio": 0.2068186831, "eps": 2, "epsdiluted": 1.98, "weightedAverageShsOut": 587018828, "weightedAverageShsOutDil": 590546640, "link": "https://www.sec.gov/Archives/edgar/data/1393818/000119312514077145/0001193125-14-077145-index.htm", "finalLink": "https://www.sec.gov/Archives/edgar/data/1393818/000119312514077145/d658841d10k.htm", "calculatedOtherExpenses": -854561000, "calculatedOperatingExpenses": -353461000, "calculatedNetInterest": 1834588000, "calculatedOtherIncome": -1444762000, "calculatedIncomeNonControlling": 1721717000, "calculatedEbitda": 2854406000}, {"date": "2012-12-31", "symbol": "BX", "reportedCurrency": "USD", "cik": "0001393818", "fillingDate": "2013-03-01", "acceptedDate": "2013-03-01 16:14:40", "calendarYear": "2012", "period": "FY", "revenue": 3784684000, "costOfRevenue": 2605244000, "grossProfit": 1179440000, "grossProfitRatio": 0.3116350004, "researchAndDevelopmentExpenses": 0, "generalAndAdministrativeExpenses": 582567000, "sellingAndMarketingExpenses": 0, "sellingGeneralAndAdministrativeExpenses": 582567000, "otherExpenses": 2187212000, "operatingExpenses": 2769779000, "costAndExpenses": 2769779000, "interestIncome": 1361966000, "interestExpense": 490902000, "depreciationAndAmortization": 139174000, "ebitda": 1033697000, "ebitdaratio": 0.2731263693, "operatingIncome": 894523000, "operatingIncomeRatio": 0.2363534181, "totalOtherIncomeExpensesNet": 120382000, "incomeBeforeTax": 1014905000, "incomeBeforeTaxRatio": 0.2681610935, "incomeTaxExpense": 185023000, "netIncome": 218598000, "netIncomeRatio": 0.057758587, "eps": 0.41, "epsdiluted": 0.41, "weightedAverageShsOut": 533703606, "weightedAverageShsOutDil": 538669070, "link": "https://www.sec.gov/Archives/edgar/data/1393818/000119312513087702/0001193125-13-087702-index.htm", "finalLink": "https://www.sec.gov/Archives/edgar/data/1393818/000119312513087702/d447995d10k.htm", "calculatedOtherExpenses": -297650000, "calculatedOperatingExpenses": 284917000, "calculatedNetInterest": 871064000, "calculatedOtherIncome": -750682000, "calculatedIncomeNonControlling": 611284000, "calculatedEbitda": 1033697000}, {"date": "2011-12-31", "symbol": "BX", "reportedCurrency": "USD", "cik": "0001393818", "fillingDate": "2012-02-28", "acceptedDate": "2012-02-28 17:00:37", "calendarYear": "2011", "period": "FY", "revenue": 2892974000, "costOfRevenue": 2738425000, "grossProfit": 154549000, "grossProfitRatio": 0.0534221877, "researchAndDevelopmentExpenses": 0, "generalAndAdministrativeExpenses": 591820000, "sellingAndMarketingExpenses": 0, "sellingGeneralAndAdministrativeExpenses": 591820000, "otherExpenses": 2223896000, "operatingExpenses": 2815716000, "costAndExpenses": 3330245000, "interestIncome": 37427000, "interestExpense": 57824000, "depreciationAndAmortization": 207591000, "ebitda": 442823000, "ebitdaratio": 0.1530684341, "operatingIncome": -135493000, "operatingIncomeRatio": -0.0468351945, "totalOtherIncomeExpensesNet": 212751000, "incomeBeforeTax": 77258000, "incomeBeforeTaxRatio": 0.0267053904, "incomeTaxExpense": 345711000, "netIncome": -168303000, "netIncomeRatio": -0.0581764648, "eps": -0.35, "epsdiluted": -0.35, "weightedAverageShsOut": 475582718, "weightedAverageShsOutDil": 475582718, "link": "https://www.sec.gov/Archives/edgar/data/1393818/000119312512085636/0001193125-12-085636-index.htm", "finalLink": "https://www.sec.gov/Archives/edgar/data/1393818/000119312512085636/d232355d10k.htm", "calculatedOtherExpenses": -301778000, "calculatedOperatingExpenses": 290042000, "calculatedNetInterest": -20397000, "calculatedOtherIncome": 233148000, "calculatedIncomeNonControlling": -100150000, "calculatedEbitda": 72098000}, {"date": "2010-12-31", "symbol": "BX", "reportedCurrency": "USD", "cik": "0001393818", "fillingDate": "2011-02-25", "acceptedDate": "2011-02-25 16:05:23", "calendarYear": "2010", "period": "FY", "revenue": 3223144000, "costOfRevenue": 3610189000, "grossProfit": -387045000, "grossProfitRatio": -0.1200830618, "researchAndDevelopmentExpenses": 0, "generalAndAdministrativeExpenses": 492572000, "sellingAndMarketingExpenses": 0, "sellingGeneralAndAdministrativeExpenses": 492572000, "otherExpenses": 3253226000, "operatingExpenses": 3745798000, "costAndExpenses": 4102761000, "interestIncome": 36218000, "interestExpense": 41229000, "depreciationAndAmortization": 162051000, "ebitda": -82079000, "ebitdaratio": -0.0254655082, "operatingIncome": -1024648000, "operatingIncomeRatio": -0.3179032646, "totalOtherIncomeExpensesNet": 501994000, "incomeBeforeTax": -522654000, "incomeBeforeTaxRatio": -0.1621565776, "incomeTaxExpense": 84669000, "netIncome": -370028000, "netIncomeRatio": -0.1148034342, "eps": -1.02, "epsdiluted": -1.02, "weightedAverageShsOut": 364021369, "weightedAverageShsOutDil": 364021369, "link": "https://www.sec.gov/Archives/edgar/data/1393818/000119312511047389/0001193125-11-047389-index.htm", "finalLink": "https://www.sec.gov/Archives/edgar/data/1393818/000119312511047389/d10k.htm", "calculatedOtherExpenses": 145031000, "calculatedOperatingExpenses": 637603000, "calculatedNetInterest": -5011000, "calculatedOtherIncome": 507005000, "calculatedIncomeNonControlling": -237295000, "calculatedEbitda": -862597000}, {"date": "2009-12-31", "symbol": "BX", "reportedCurrency": "USD", "cik": "0001393818", "fillingDate": "2010-02-26", "acceptedDate": "2010-02-26 16:06:43", "calendarYear": "2009", "period": "FY", "revenue": 1938089000, "costOfRevenue": 3777606000, "grossProfit": -1839517000, "grossProfitRatio": -0.9491395906, "researchAndDevelopmentExpenses": 0, "generalAndAdministrativeExpenses": 450869000, "sellingAndMarketingExpenses": 0, "sellingGeneralAndAdministrativeExpenses": 450869000, "otherExpenses": 3778686000, "operatingExpenses": 4229555000, "costAndExpenses": 4228475000, "interestIncome": 22680000, "interestExpense": 13384000, "depreciationAndAmortization": 158048000, "ebitda": -444629000, "ebitdaratio": -0.229416193, "operatingIncome": -602677000, "operatingIncomeRatio": -0.3109645635, "totalOtherIncomeExpensesNet": 176694000, "incomeBeforeTax": -2291466000, "incomeBeforeTaxRatio": -1.1823326999, "incomeTaxExpense": 99230000, "netIncome": -715291000, "netIncomeRatio": -0.3690702543, "eps": -2.48, "epsdiluted": -2.48, "weightedAverageShsOut": 288990187, "weightedAverageShsOutDil": 288990187, "link": "https://www.sec.gov/Archives/edgar/data/1393818/000119312510042888/0001193125-10-042888-index.htm", "finalLink": "https://www.sec.gov/Archives/edgar/data/1393818/000119312510042888/d10k.htm", "calculatedOtherExpenses": -1687709000, "calculatedOperatingExpenses": -1236840000, "calculatedNetInterest": 9296000, "calculatedOtherIncome": -1698085000, "calculatedIncomeNonControlling": -1675405000, "calculatedEbitda": -444629000}, {"date": "2008-12-31", "symbol": "BX", "reportedCurrency": "USD", "cik": "0001393818", "fillingDate": "2009-03-02", "acceptedDate": "2009-03-02 16:24:39", "calendarYear": "2008", "period": "FY", "revenue": -1244705000, "costOfRevenue": 5104492000, "grossProfit": -6349197000, "grossProfitRatio": 5.100965289, "researchAndDevelopmentExpenses": 0, "generalAndAdministrativeExpenses": 503807000, "sellingAndMarketingExpenses": 0, "sellingGeneralAndAdministrativeExpenses": 503807000, "otherExpenses": 3859787000, "operatingExpenses": 4363594000, "costAndExpenses": 4363594000, "interestIncome": 0, "interestExpense": 23008000, "depreciationAndAmortization": 153237000, "ebitda": -1027776000, "ebitdaratio": 0.8257185438, "operatingIncome": -1181013000, "operatingIncomeRatio": 0.9488296424, "totalOtherIncomeExpensesNet": -872336000, "incomeBeforeTax": -5608299000, "incomeBeforeTaxRatio": 4.505725453, "incomeTaxExpense": -40989000, "netIncome": -1163032000, "netIncomeRatio": 0.9343836491, "eps": -4.33, "epsdiluted": -4.33, "weightedAverageShsOut": 268377404, "weightedAverageShsOutDil": 268377404, "link": "https://www.sec.gov/Archives/edgar/data/1393818/000119312509042585/0001193125-09-042585-index.htm", "finalLink": "https://www.sec.gov/Archives/edgar/data/1393818/000119312509042585/d10k.htm", "calculatedOtherExpenses": -5671991000, "calculatedOperatingExpenses": -5168184000, "calculatedNetInterest": -23008000, "calculatedOtherIncome": -4404278000, "calculatedIncomeNonControlling": -4404278000, "calculatedEbitda": -1027776000}, {"date": "2007-12-31", "symbol": "BX", "reportedCurrency": "USD", "cik": "0001393818", "fillingDate": "2008-03-12", "acceptedDate": "2008-03-11 17:55:02", "calendarYear": "2007", "period": "FY", "revenue": 6184553000, "costOfRevenue": 2256647000, "grossProfit": 3927906000, "grossProfitRatio": 0.6351155856, "researchAndDevelopmentExpenses": 0, "generalAndAdministrativeExpenses": 476117000, "sellingAndMarketingExpenses": 0, "sellingGeneralAndAdministrativeExpenses": 476117000, "otherExpenses": 0, "operatingExpenses": 476117000, "costAndExpenses": 2732764000, "interestIncome": 0, "interestExpense": 32080000, "depreciationAndAmortization": 117607000, "ebitda": 1798902000, "ebitdaratio": 0.2908701728, "operatingIncome": 317384000, "operatingIncomeRatio": 0.0513188261, "totalOtherIncomeExpensesNet": 1363911000, "incomeBeforeTax": 5708436000, "incomeBeforeTaxRatio": 0.9230151314, "incomeTaxExpense": 25978000, "netIncome": 1623237000, "netIncomeRatio": 0.2624663415, "eps": 6.24, "epsdiluted": 6.24, "weightedAverageShsOut": 259979606, "weightedAverageShsOutDil": 259979606, "link": "https://www.sec.gov/Archives/edgar/data/1393818/000119312508053079/0001193125-08-053079-index.htm", "finalLink": "https://www.sec.gov/Archives/edgar/data/1393818/000119312508053079/d10k.htm", "calculatedOtherExpenses": 3134405000, "calculatedOperatingExpenses": 3610522000, "calculatedNetInterest": -32080000, "calculatedOtherIncome": 5423132000, "calculatedIncomeNonControlling": 4059221000, "calculatedEbitda": 434991000}, {"date": "2006-12-31", "symbol": "BX", "reportedCurrency": "USD", "cik": "0001393818", "fillingDate": "2006-12-31", "acceptedDate": "2006-12-31 00:00:00", "calendarYear": "2006", "period": "FY", "revenue": 8670642000, "costOfRevenue": 0, "grossProfit": 8670642000, "grossProfitRatio": 1, "researchAndDevelopmentExpenses": 0, "generalAndAdministrativeExpenses": 266090000, "sellingAndMarketingExpenses": 0, "sellingGeneralAndAdministrativeExpenses": 266090000, "otherExpenses": 250067000, "operatingExpenses": 516157000, "costAndExpenses": 516158000, "interestIncome": 0, "interestExpense": 36932000, "depreciationAndAmortization": 1694019000, "ebitda": 2298140000, "ebitdaratio": 0.2650484243, "operatingIncome": 604121000, "operatingIncomeRatio": 0.0696743102, "totalOtherIncomeExpensesNet": 1730951000, "incomeBeforeTax": 8154485000, "incomeBeforeTaxRatio": 0.9404707287, "incomeTaxExpense": 31934000, "netIncome": 2266206000, "netIncomeRatio": 0.2613654214, "eps": 12.33, "epsdiluted": 12.33, "weightedAverageShsOut": 183868331, "weightedAverageShsOutDil": 183868331, "link": null, "finalLink": null, "calculatedOtherExpenses": 7800431000, "calculatedOperatingExpenses": 8066521000, "calculatedNetInterest": -36932000, "calculatedOtherIncome": 7587296000, "calculatedIncomeNonControlling": 5856345000, "calculatedEbitda": 2298140000}, {"date": "2005-12-31", "symbol": "BX", "reportedCurrency": "USD", "cik": "0001393818", "fillingDate": "2005-12-31", "acceptedDate": "2005-12-31 00:00:00", "calendarYear": "2005", "period": "FY", "revenue": 5639278000, "costOfRevenue": 0, "grossProfit": 5639278000, "grossProfitRatio": 1, "researchAndDevelopmentExpenses": 0, "generalAndAdministrativeExpenses": 182605000, "sellingAndMarketingExpenses": 0, "sellingGeneralAndAdministrativeExpenses": 182605000, "otherExpenses": -337990000, "operatingExpenses": -155385000, "costAndExpenses": -155385000, "interestIncome": 0, "interestExpense": 4451740000, "depreciationAndAmortization": -4451740000, "ebitda": 1342923000, "ebitdaratio": 0.2381373999, "operatingIncome": 5794663000, "operatingIncomeRatio": 1.0275540592, "totalOtherIncomeExpensesNet": -4451740000, "incomeBeforeTax": 1342923000, "incomeBeforeTaxRatio": 0.2381373999, "incomeTaxExpense": 12260000, "netIncome": 1330663000, "netIncomeRatio": 0.2359633627, "eps": 7.24, "epsdiluted": 7.24, "weightedAverageShsOut": 183868331, "weightedAverageShsOutDil": 183868331, "link": null, "finalLink": null, "calculatedOtherExpenses": -337990000, "calculatedOperatingExpenses": -155385000, "calculatedNetInterest": -4451740000, "calculatedOtherIncome": 0, "calculatedIncomeNonControlling": 0, "calculatedEbitda": 1342923000}, {"date": "2004-12-31", "symbol": "BX", "reportedCurrency": "USD", "cik": "0001393818", "fillingDate": "2004-12-31", "acceptedDate": "2004-12-31 00:00:00", "calendarYear": "2004", "period": "FY", "revenue": 503463000, "costOfRevenue": 0, "grossProfit": 503463000, "grossProfitRatio": 1, "researchAndDevelopmentExpenses": 0, "generalAndAdministrativeExpenses": 0, "sellingAndMarketingExpenses": 0, "sellingGeneralAndAdministrativeExpenses": 0, "otherExpenses": 0, "operatingExpenses": 0, "costAndExpenses": 0, "interestIncome": 0, "interestExpense": 0, "depreciationAndAmortization": 1019851000, "ebitda": 1523314000, "ebitdaratio": 3.0256721944, "operatingIncome": 503463000, "operatingIncomeRatio": 1, "totalOtherIncomeExpensesNet": 0, "incomeBeforeTax": 0, "incomeBeforeTaxRatio": 0, "incomeTaxExpense": -1019851000, "netIncome": 1523314000, "netIncomeRatio": 3.0256721944, "eps": 8.28, "epsdiluted": 8.28, "weightedAverageShsOut": 183868331, "weightedAverageShsOutDil": 183868331, "link": null, "finalLink": null, "calculatedOtherExpenses": 0, "calculatedOperatingExpenses": 0, "calculatedNetInterest": 0, "calculatedOtherIncome": -503463000, "calculatedIncomeNonControlling": -503463000, "calculatedEbitda": 1523314000}, {"date": "2003-12-31", "symbol": "BX", "reportedCurrency": "USD", "cik": "0001393818", "fillingDate": "2003-12-31", "acceptedDate": "2003-12-31 00:00:00", "calendarYear": "2003", "period": "FY", "revenue": 1094423000, "costOfRevenue": 0, "grossProfit": 1094423000, "grossProfitRatio": 1, "researchAndDevelopmentExpenses": 0, "generalAndAdministrativeExpenses": 67796000, "sellingAndMarketingExpenses": 0, "sellingGeneralAndAdministrativeExpenses": 67796000, "otherExpenses": 156294000, "operatingExpenses": 224090000, "costAndExpenses": 224090000, "interestIncome": 0, "interestExpense": -82693000, "depreciationAndAmortization": 82693000, "ebitda": 953026000, "ebitdaratio": 0.8708022401, "operatingIncome": 870333000, "operatingIncomeRatio": 0.7952437038, "totalOtherIncomeExpensesNet": 82693000, "incomeBeforeTax": 953026000, "incomeBeforeTaxRatio": 0.8708022401, "incomeTaxExpense": 11949000, "netIncome": 941077000, "netIncomeRatio": 0.8598841581, "eps": 4.97, "epsdiluted": 4.97, "weightedAverageShsOut": 189208003, "weightedAverageShsOutDil": 189208003, "link": null, "finalLink": null, "calculatedOtherExpenses": 156294000, "calculatedOperatingExpenses": 224090000, "calculatedNetInterest": 82693000, "calculatedOtherIncome": 0, "calculatedIncomeNonControlling": 0, "calculatedEbitda": 953026000}, {"date": "2002-12-31", "symbol": "BX", "reportedCurrency": "USD", "cik": "0001393818", "fillingDate": "2002-12-31", "acceptedDate": "2002-12-31 00:00:00", "calendarYear": "2002", "period": "FY", "revenue": 318123000, "costOfRevenue": 0, "grossProfit": 318123000, "grossProfitRatio": 1, "researchAndDevelopmentExpenses": 0, "generalAndAdministrativeExpenses": 37614000, "sellingAndMarketingExpenses": 0, "sellingGeneralAndAdministrativeExpenses": 37614000, "otherExpenses": 138570000, "operatingExpenses": 176184000, "costAndExpenses": 176184000, "interestIncome": 0, "interestExpense": 93374000, "depreciationAndAmortization": -93374000, "ebitda": 48565000, "ebitdaratio": 0.1526610776, "operatingIncome": 141939000, "operatingIncomeRatio": 0.4461764789, "totalOtherIncomeExpensesNet": -93374000, "incomeBeforeTax": 48565000, "incomeBeforeTaxRatio": 0.1526610776, "incomeTaxExpense": 9119000, "netIncome": 39446000, "netIncomeRatio": 0.1239960644, "eps": 0.21, "epsdiluted": 0.21, "weightedAverageShsOut": 189208003, "weightedAverageShsOutDil": 189208003, "link": null, "finalLink": null, "calculatedOtherExpenses": 138570000, "calculatedOperatingExpenses": 176184000, "calculatedNetInterest": -93374000, "calculatedOtherIncome": 0, "calculatedIncomeNonControlling": 0, "calculatedEbitda": 48565000}, {"date": "1999-12-07", "symbol": "BX", "reportedCurrency": "USD", "cik": "0001393818", "fillingDate": "1999-12-07", "acceptedDate": "1999-12-06 19:00:00", "calendarYear": "1999", "period": "FY", "revenue": 3628924000, "costOfRevenue": 0, "grossProfit": 3628924000, "grossProfitRatio": 1, "researchAndDevelopmentExpenses": 0, "generalAndAdministrativeExpenses": 214124000, "sellingAndMarketingExpenses": 0, "sellingGeneralAndAdministrativeExpenses": 214124000, "otherExpenses": 0, "operatingExpenses": 214124000, "costAndExpenses": 214124000, "interestIncome": 0, "interestExpense": 45702000, "depreciationAndAmortization": 16535000, "ebitda": 1876401000, "ebitdaratio": 0.5170681447, "operatingIncome": 1859866000, "operatingIncomeRatio": 0.5125116977, "totalOtherIncomeExpensesNet": 220640000, "incomeBeforeTax": 2080506000, "incomeBeforeTaxRatio": 0.5733120892, "incomeTaxExpense": 45702000, "netIncome": 2034804000, "netIncomeRatio": 0.5607182735, "eps": 2.82, "epsdiluted": 2.82, "weightedAverageShsOut": 722229117, "weightedAverageShsOutDil": 722433099, "link": "", "finalLink": "", "calculatedOtherExpenses": 1554934000, "calculatedOperatingExpenses": 1769058000, "calculatedNetInterest": -45702000, "calculatedOtherIncome": 266342000, "calculatedIncomeNonControlling": 0, "calculatedEbitda": 1876401000}]}