{"originalCurrency": "USD", "convertedCurrency": "USD", "report": [{"date": "2023-12-31", "symbol": "BXMT", "reportedCurrency": "USD", "cik": "0001061630", "fillingDate": "2024-02-14", "acceptedDate": "2024-02-14 06:45:21", "calendarYear": "2023", "period": "FY", "revenue": 670665000, "costOfRevenue": 119089000, "grossProfit": 551576000, "grossProfitRatio": 0.8224314673, "researchAndDevelopmentExpenses": 0, "generalAndAdministrativeExpenses": 37874000, "sellingAndMarketingExpenses": 0, "sellingGeneralAndAdministrativeExpenses": 37874000, "otherExpenses": -25710000, "operatingExpenses": 51143000, "costAndExpenses": 51143000, "interestIncome": 2037621000, "interestExpense": 1366956000, "depreciationAndAmortization": -250643000, "ebitda": 251917000, "ebitdaratio": 0.3756227028, "operatingIncome": 251917000, "operatingIncomeRatio": 0.3756227028, "totalOtherIncomeExpensesNet": 3342000, "incomeBeforeTax": 255259000, "incomeBeforeTaxRatio": 0.3806058166, "incomeTaxExpense": 5362000, "netIncome": 246555000, "netIncomeRatio": 0.3676276532, "eps": 1.43, "epsdiluted": 1.43, "weightedAverageShsOut": 172672038, "weightedAverageShsOutDil": 172672038, "link": "https://www.sec.gov/Archives/edgar/data/1061630/000106163024000029/0001061630-24-000029-index.htm", "finalLink": "https://www.sec.gov/Archives/edgar/data/1061630/000106163024000029/bxmt-20231231.htm", "calculatedOtherExpenses": 261785000, "calculatedOperatingExpenses": 299659000, "calculatedNetInterest": 670665000, "calculatedOtherIncome": -667323000, "calculatedIncomeNonControlling": 3342000, "calculatedEbitda": 1274000}, {"date": "2022-12-31", "symbol": "BXMT", "reportedCurrency": "USD", "cik": "0001061630", "fillingDate": "2023-02-08", "acceptedDate": "2023-02-08 06:47:19", "calendarYear": "2022", "period": "FY", "revenue": 628050000, "costOfRevenue": 110292000, "grossProfit": 517758000, "grossProfitRatio": 0.8243897779, "researchAndDevelopmentExpenses": 0, "generalAndAdministrativeExpenses": 41269000, "sellingAndMarketingExpenses": 0, "sellingGeneralAndAdministrativeExpenses": 41269000, "otherExpenses": -32244999, "operatingExpenses": 52193000, "costAndExpenses": 52193000, "interestIncome": 1338954000, "interestExpense": 710904000, "depreciationAndAmortization": 2415000, "ebitda": 962549000, "ebitdaratio": 1.5325993153, "operatingIncome": 960134000, "operatingIncomeRatio": 1.5287540801, "totalOtherIncomeExpensesNet": -706074000, "incomeBeforeTax": 254060000, "incomeBeforeTaxRatio": 0.404521933, "incomeTaxExpense": 3003000, "netIncome": 248642000, "netIncomeRatio": 0.3958952313, "eps": 1.46, "epsdiluted": 1.46, "weightedAverageShsOut": 170631410, "weightedAverageShsOutDil": 170631410, "link": "https://www.sec.gov/Archives/edgar/data/1061630/000106163023000010/0001061630-23-000010-index.htm", "finalLink": "https://www.sec.gov/Archives/edgar/data/1061630/000106163023000010/bxmt-20221231.htm", "calculatedOtherExpenses": -483645000, "calculatedOperatingExpenses": -442376000, "calculatedNetInterest": 628050000, "calculatedOtherIncome": -1334124000, "calculatedIncomeNonControlling": 2415000, "calculatedEbitda": 962549000}, {"date": "2021-12-31", "symbol": "BXMT", "reportedCurrency": "USD", "cik": "0001061630", "fillingDate": "2022-02-09", "acceptedDate": "2022-02-09 06:49:45", "calendarYear": "2021", "period": "FY", "revenue": 514467000, "costOfRevenue": 88467000, "grossProfit": 426000000, "grossProfitRatio": 0.8280414487, "researchAndDevelopmentExpenses": 0, "generalAndAdministrativeExpenses": 123876000, "sellingAndMarketingExpenses": 0, "sellingGeneralAndAdministrativeExpenses": 123876000, "otherExpenses": -218727000, "operatingExpenses": -94851000, "costAndExpenses": -94851000, "interestIncome": 854690000, "interestExpense": 340223000, "depreciationAndAmortization": -422696000, "ebitda": 419616000, "ebitdaratio": 0.8156324895, "operatingIncome": 419616000, "operatingIncomeRatio": 0.8156324895, "totalOtherIncomeExpensesNet": 3080000, "incomeBeforeTax": 422696000, "incomeBeforeTaxRatio": 0.8216192681, "incomeTaxExpense": 423000, "netIncome": 419193000, "netIncomeRatio": 0.8148102794, "eps": 2.77, "epsdiluted": 2.77, "weightedAverageShsOut": 151521941, "weightedAverageShsOutDil": 151521941, "link": "https://www.sec.gov/Archives/edgar/data/1061630/000106163022000016/0001061630-22-000016-index.htm", "finalLink": "https://www.sec.gov/Archives/edgar/data/1061630/000106163022000016/bxmt-20211231.htm", "calculatedOtherExpenses": -117492000, "calculatedOperatingExpenses": 6384000, "calculatedNetInterest": 514467000, "calculatedOtherIncome": -511387000, "calculatedIncomeNonControlling": 3080000, "calculatedEbitda": -3080000}, {"date": "2020-12-31", "symbol": "BXMT", "reportedCurrency": "USD", "cik": "0001061630", "fillingDate": "2021-02-10", "acceptedDate": "2021-02-10 06:51:47", "calendarYear": "2020", "period": "FY", "revenue": 432177000, "costOfRevenue": 77916000, "grossProfit": 354261000, "grossProfitRatio": 0.8197127566, "researchAndDevelopmentExpenses": 0, "generalAndAdministrativeExpenses": 116463000, "sellingAndMarketingExpenses": 0, "sellingGeneralAndAdministrativeExpenses": 116463000, "otherExpenses": -410647000, "operatingExpenses": -294184000, "costAndExpenses": -294184000, "interestIncome": 779648000, "interestExpense": 347471000, "depreciationAndAmortization": -140737000, "ebitda": 137993000, "ebitdaratio": 0.3192974175, "operatingIncome": 137993000, "operatingIncomeRatio": 0.3192974175, "totalOtherIncomeExpensesNet": 2744000, "incomeBeforeTax": 140737000, "incomeBeforeTaxRatio": 0.3256466679, "incomeTaxExpense": 323000, "netIncome": 137670000, "netIncomeRatio": 0.3185500385, "eps": 0.97, "epsdiluted": 0.97, "weightedAverageShsOut": 141795977, "weightedAverageShsOutDil": 141795977, "link": "https://www.sec.gov/Archives/edgar/data/1061630/000119312521035299/0001193125-21-035299-index.htm", "finalLink": "https://www.sec.gov/Archives/edgar/data/1061630/000119312521035299/d46971d10k.htm", "calculatedOtherExpenses": 99805000, "calculatedOperatingExpenses": 216268000, "calculatedNetInterest": 432177000, "calculatedOtherIncome": -429433000, "calculatedIncomeNonControlling": 2744000, "calculatedEbitda": -2744000}, {"date": "2019-12-31", "symbol": "BXMT", "reportedCurrency": "USD", "cik": "0001061630", "fillingDate": "2020-02-11", "acceptedDate": "2020-02-11 16:19:58", "calendarYear": "2019", "period": "FY", "revenue": 424176000, "costOfRevenue": 78435000, "grossProfit": 345741000, "grossProfitRatio": 0.8150885481, "researchAndDevelopmentExpenses": 0, "generalAndAdministrativeExpenses": 112126000, "sellingAndMarketingExpenses": 0, "sellingGeneralAndAdministrativeExpenses": 112126000, "otherExpenses": -231241000, "operatingExpenses": -119115000, "costAndExpenses": -119115000, "interestIncome": 882679000, "interestExpense": 458503000, "depreciationAndAmortization": -306887000, "ebitda": 305061000, "ebitdaratio": 0.719184961, "operatingIncome": 305061000, "operatingIncomeRatio": 0.719184961, "totalOtherIncomeExpensesNet": 1826000, "incomeBeforeTax": 306887000, "incomeBeforeTaxRatio": 0.7234897778, "incomeTaxExpense": -506000, "netIncome": 305567000, "netIncomeRatio": 0.720377862, "eps": 2.35, "epsdiluted": 2.35, "weightedAverageShsOut": 130085398, "weightedAverageShsOutDil": 130085398, "link": "https://www.sec.gov/Archives/edgar/data/1061630/000119312520031332/0001193125-20-031332-index.htm", "finalLink": "https://www.sec.gov/Archives/edgar/data/1061630/000119312520031332/d833142d10k.htm", "calculatedOtherExpenses": -71446000, "calculatedOperatingExpenses": 40680000, "calculatedNetInterest": 424176000, "calculatedOtherIncome": -422350000, "calculatedIncomeNonControlling": 1826000, "calculatedEbitda": -1826000}, {"date": "2018-12-31", "symbol": "BXMT", "reportedCurrency": "USD", "cik": "0001061630", "fillingDate": "2019-02-12", "acceptedDate": "2019-02-12 16:19:10", "calendarYear": "2018", "period": "FY", "revenue": 396484000, "costOfRevenue": 74834000, "grossProfit": 321650000, "grossProfitRatio": 0.8112559397, "researchAndDevelopmentExpenses": 0, "generalAndAdministrativeExpenses": 105926000, "sellingAndMarketingExpenses": 0, "sellingGeneralAndAdministrativeExpenses": 105926000, "otherExpenses": 4074000, "operatingExpenses": 110000000, "costAndExpenses": 110000000, "interestIncome": 756109000, "interestExpense": 359625000, "depreciationAndAmortization": -286121000, "ebitda": 645011000, "ebitdaratio": 1.6268273121, "operatingIncome": 645011000, "operatingIncomeRatio": 1.6268273121, "totalOtherIncomeExpensesNet": -358890000, "incomeBeforeTax": 286121000, "incomeBeforeTaxRatio": 0.7216457663, "incomeTaxExpense": 308000, "netIncome": 285078000, "netIncomeRatio": 0.7190151431, "eps": 2.5, "epsdiluted": 2.5, "weightedAverageShsOut": 113857238, "weightedAverageShsOutDil": 113857238, "link": "https://www.sec.gov/Archives/edgar/data/1061630/000119312519035956/0001193125-19-035956-index.htm", "finalLink": "https://www.sec.gov/Archives/edgar/data/1061630/000119312519035956/d613722d10k.htm", "calculatedOtherExpenses": -429287000, "calculatedOperatingExpenses": -323361000, "calculatedNetInterest": 396484000, "calculatedOtherIncome": -755374000, "calculatedIncomeNonControlling": 735000, "calculatedEbitda": 358890000}, {"date": "2017-12-31", "symbol": "BXMT", "reportedCurrency": "USD", "cik": "0001061630", "fillingDate": "2018-02-13", "acceptedDate": "2018-02-13 17:10:41", "calendarYear": "2017", "period": "FY", "revenue": 303045000, "costOfRevenue": 54841000, "grossProfit": 248204000, "grossProfitRatio": 0.8190334769, "researchAndDevelopmentExpenses": 0, "generalAndAdministrativeExpenses": 80951000, "sellingAndMarketingExpenses": 0, "sellingGeneralAndAdministrativeExpenses": 80951000, "otherExpenses": 4049000, "operatingExpenses": 85000000, "costAndExpenses": 85000000, "interestIncome": 537915000, "interestExpense": 234870000, "depreciationAndAmortization": -218282000, "ebitda": 452815000, "ebitdaratio": 1.4942170305, "operatingIncome": 452815000, "operatingIncomeRatio": 1.4942170305, "totalOtherIncomeExpensesNet": -234533000, "incomeBeforeTax": 218282000, "incomeBeforeTaxRatio": 0.7202956657, "incomeTaxExpense": 314000, "netIncome": 217631000, "netIncomeRatio": 0.7181474698, "eps": 2.27, "epsdiluted": 2.27, "weightedAverageShsOut": 95963616, "weightedAverageShsOutDil": 95963616, "link": "https://www.sec.gov/Archives/edgar/data/1061630/000119312518042819/0001193125-18-042819-index.htm", "finalLink": "https://www.sec.gov/Archives/edgar/data/1061630/000119312518042819/d470827d10k.htm", "calculatedOtherExpenses": -285562000, "calculatedOperatingExpenses": -204611000, "calculatedNetInterest": 303045000, "calculatedOtherIncome": -537578000, "calculatedIncomeNonControlling": 337000, "calculatedEbitda": 234533000}, {"date": "2016-12-31", "symbol": "BXMT", "reportedCurrency": "USD", "cik": "0001061630", "fillingDate": "2017-02-14", "acceptedDate": "2017-02-14 16:19:52", "calendarYear": "2016", "period": "FY", "revenue": 327124000, "costOfRevenue": 55959000, "grossProfit": 271165000, "grossProfitRatio": 0.8289364278, "researchAndDevelopmentExpenses": 0, "generalAndAdministrativeExpenses": 80364000, "sellingAndMarketingExpenses": 0, "sellingGeneralAndAdministrativeExpenses": 80364000, "otherExpenses": 3636000, "operatingExpenses": 84000000, "costAndExpenses": 84000000, "interestIncome": 497974000, "interestExpense": 184270000, "depreciationAndAmortization": -230029000, "ebitda": 422763000, "ebitdaratio": 1.2923631406, "operatingIncome": 422763000, "operatingIncomeRatio": 1.2923631406, "totalOtherIncomeExpensesNet": -176127000, "incomeBeforeTax": 246636000, "incomeBeforeTaxRatio": 0.7539526296, "incomeTaxExpense": 196000, "netIncome": 238297000, "netIncomeRatio": 0.7284607672, "eps": 2.53, "epsdiluted": 2.53, "weightedAverageShsOut": 94165351, "weightedAverageShsOutDil": 94165351, "link": "https://www.sec.gov/Archives/edgar/data/1061630/000119312517043457/0001193125-17-043457-index.htm", "finalLink": "https://www.sec.gov/Archives/edgar/data/1061630/000119312517043457/d307635d10k.htm", "calculatedOtherExpenses": -231962000, "calculatedOperatingExpenses": -151598000, "calculatedNetInterest": 313704000, "calculatedOtherIncome": -489831000, "calculatedIncomeNonControlling": 8143000, "calculatedEbitda": 192734000}, {"date": "2015-12-31", "symbol": "BXMT", "reportedCurrency": "USD", "cik": "0001061630", "fillingDate": "2016-02-16", "acceptedDate": "2016-02-16 16:22:53", "calendarYear": "2015", "period": "FY", "revenue": 280186000, "costOfRevenue": 42886000, "grossProfit": 237300000, "grossProfitRatio": 0.8469373916, "researchAndDevelopmentExpenses": 0, "generalAndAdministrativeExpenses": 76439000, "sellingAndMarketingExpenses": 0, "sellingGeneralAndAdministrativeExpenses": 76439000, "otherExpenses": 3561000, "operatingExpenses": 80000000, "costAndExpenses": 80000000, "interestIncome": 410635000, "interestExpense": 152416000, "depreciationAndAmortization": -178624000, "ebitda": 349749000, "ebitdaratio": 1.2482743606, "operatingIncome": 349749000, "operatingIncomeRatio": 1.2482743606, "totalOtherIncomeExpensesNet": -137360000, "incomeBeforeTax": 212389000, "incomeBeforeTaxRatio": 0.7580285953, "incomeTaxExpense": 504000, "netIncome": 196829000, "netIncomeRatio": 0.7024940575, "eps": 2.41, "epsdiluted": 2.41, "weightedAverageShsOut": 81740227, "weightedAverageShsOutDil": 81740227, "link": "https://www.sec.gov/Archives/edgar/data/1061630/000119312516465332/0001193125-16-465332-index.htm", "finalLink": "https://www.sec.gov/Archives/edgar/data/1061630/000119312516465332/d24186d10k.htm", "calculatedOtherExpenses": -188888000, "calculatedOperatingExpenses": -112449000, "calculatedNetInterest": 258219000, "calculatedOtherIncome": -395579000, "calculatedIncomeNonControlling": 15056000, "calculatedEbitda": 171125000}, {"date": "2014-12-31", "symbol": "BXMT", "reportedCurrency": "USD", "cik": "0001061630", "fillingDate": "2015-02-17", "acceptedDate": "2015-02-17 16:37:24", "calendarYear": "2014", "period": "FY", "revenue": 128881000, "costOfRevenue": 0, "grossProfit": 128881000, "grossProfitRatio": 1, "researchAndDevelopmentExpenses": 0, "generalAndAdministrativeExpenses": 47290000, "sellingAndMarketingExpenses": 0, "sellingGeneralAndAdministrativeExpenses": 47290000, "otherExpenses": 2337000, "operatingExpenses": 47000000, "costAndExpenses": 47000000, "interestIncome": 184766000, "interestExpense": 69143000, "depreciationAndAmortization": 59212000, "ebitda": 159706000, "ebitdaratio": 1.2391741219, "operatingIncome": 100494000, "operatingIncomeRatio": 0.7797425532, "totalOtherIncomeExpensesNet": 518000, "incomeBeforeTax": 101012000, "incomeBeforeTaxRatio": 0.7837617647, "incomeTaxExpense": 518000, "netIncome": 90045000, "netIncomeRatio": 0.6986677633, "eps": 1.86, "epsdiluted": 1.86, "weightedAverageShsOut": 48394478, "weightedAverageShsOutDil": 48394478, "link": "https://www.sec.gov/Archives/edgar/data/1061630/000095012315002980/0000950123-15-002980-index.htm", "finalLink": "https://www.sec.gov/Archives/edgar/data/1061630/000095012315002980/d843917d10k.htm", "calculatedOtherExpenses": -18903000, "calculatedOperatingExpenses": 28387000, "calculatedNetInterest": 115623000, "calculatedOtherIncome": -115105000, "calculatedIncomeNonControlling": 10449000, "calculatedEbitda": 159706000}, {"date": "2013-12-31", "symbol": "BXMT", "reportedCurrency": "USD", "cik": "0001061630", "fillingDate": "2014-02-18", "acceptedDate": "2014-02-18 16:15:10", "calendarYear": "2013", "period": "FY", "revenue": 42564000, "costOfRevenue": 0, "grossProfit": 42564000, "grossProfitRatio": 1, "researchAndDevelopmentExpenses": 0, "generalAndAdministrativeExpenses": 15001000, "sellingAndMarketingExpenses": 0, "sellingGeneralAndAdministrativeExpenses": 15001000, "otherExpenses": 1999000, "operatingExpenses": 17000000, "costAndExpenses": 17000000, "interestIncome": 53164000, "interestExpense": 18017000, "depreciationAndAmortization": 8620000, "ebitda": 34044000, "ebitdaratio": 0.799830843, "operatingIncome": 25424000, "operatingIncomeRatio": 0.5973122827, "totalOtherIncomeExpensesNet": 995000, "incomeBeforeTax": 26419000, "incomeBeforeTaxRatio": 0.620688845, "incomeTaxExpense": 995000, "netIncome": 15032000, "netIncomeRatio": 0.3531622968, "eps": 0.81, "epsdiluted": 0.81, "weightedAverageShsOut": 18520052, "weightedAverageShsOutDil": 18520052, "link": "https://www.sec.gov/Archives/edgar/data/1061630/000119312514057078/0001193125-14-057078-index.htm", "finalLink": "https://www.sec.gov/Archives/edgar/data/1061630/000119312514057078/d649651d10k.htm", "calculatedOtherExpenses": 2139000, "calculatedOperatingExpenses": 17140000, "calculatedNetInterest": 35147000, "calculatedOtherIncome": -34152000, "calculatedIncomeNonControlling": 10392000, "calculatedEbitda": 34044000}, {"date": "2012-12-31", "symbol": "BXMT", "reportedCurrency": "USD", "cik": "0001061630", "fillingDate": "2013-03-26", "acceptedDate": "2013-03-26 16:18:17", "calendarYear": "2012", "period": "FY", "revenue": 54545000, "costOfRevenue": 0, "grossProfit": 54545000, "grossProfitRatio": 1, "researchAndDevelopmentExpenses": 0, "generalAndAdministrativeExpenses": 9474000, "sellingAndMarketingExpenses": 0, "sellingGeneralAndAdministrativeExpenses": 9474000, "otherExpenses": 526000, "operatingExpenses": 10000000, "costAndExpenses": 10000000, "interestIncome": 34939000, "interestExpense": 38138000, "depreciationAndAmortization": 221474000, "ebitda": 219336000, "ebitdaratio": 4.0211935099, "operatingIncome": -2138000, "operatingIncomeRatio": -0.0391969933, "totalOtherIncomeExpensesNet": 284525000, "incomeBeforeTax": 282387000, "incomeBeforeTaxRatio": 5.1771381428, "incomeTaxExpense": 174000, "netIncome": 181024000, "netIncomeRatio": 3.31880099, "eps": 77.16, "epsdiluted": 73.13, "weightedAverageShsOut": 2345943, "weightedAverageShsOutDil": 2475294, "link": "https://www.sec.gov/Archives/edgar/data/1061630/000119380513000696/0001193805-13-000696-index.htm", "finalLink": "https://www.sec.gov/Archives/edgar/data/1061630/000119380513000696/e610676_10k-ct.htm", "calculatedOtherExpenses": 47209000, "calculatedOperatingExpenses": 56683000, "calculatedNetInterest": -3199000, "calculatedOtherIncome": 287724000, "calculatedIncomeNonControlling": 101189000, "calculatedEbitda": 219336000}, {"date": "2011-12-31", "symbol": "BXMT", "reportedCurrency": "USD", "cik": "0001061630", "fillingDate": "2012-02-14", "acceptedDate": "2012-02-14 15:56:25", "calendarYear": "2011", "period": "FY", "revenue": 53173000, "costOfRevenue": 0, "grossProfit": 53173000, "grossProfitRatio": 1, "researchAndDevelopmentExpenses": 0, "generalAndAdministrativeExpenses": 23867000, "sellingAndMarketingExpenses": 0, "sellingGeneralAndAdministrativeExpenses": 23867000, "otherExpenses": -221910000, "operatingExpenses": 9000000, "costAndExpenses": 9000000, "interestIncome": 117162000, "interestExpense": 96974000, "depreciationAndAmortization": 0, "ebitda": 357662000, "ebitdaratio": 6.726383691, "operatingIncome": 357662000, "operatingIncomeRatio": 6.726383691, "totalOtherIncomeExpensesNet": -102797000, "incomeBeforeTax": 254865000, "incomeBeforeTaxRatio": 4.7931280913, "incomeTaxExpense": 2546000, "netIncome": 258142000, "netIncomeRatio": 4.8547571136, "eps": 113.9, "epsdiluted": 107.8, "weightedAverageShsOut": 2266392, "weightedAverageShsOutDil": 2394638, "link": "https://www.sec.gov/Archives/edgar/data/1061630/000119380512000210/0001193805-12-000210-index.htm", "finalLink": "https://www.sec.gov/Archives/edgar/data/1061630/000119380512000210/e609268_10k-ct.htm", "calculatedOtherExpenses": -328356000, "calculatedOperatingExpenses": -304489000, "calculatedNetInterest": 20188000, "calculatedOtherIncome": -122985000, "calculatedIncomeNonControlling": -5823000, "calculatedEbitda": 357662000}, {"date": "2010-12-31", "symbol": "BXMT", "reportedCurrency": "USD", "cik": "0001061630", "fillingDate": "2011-03-31", "acceptedDate": "2011-03-31 16:09:11", "calendarYear": "2010", "period": "FY", "revenue": 49776000, "costOfRevenue": 0, "grossProfit": 49776000, "grossProfitRatio": 1, "researchAndDevelopmentExpenses": 0, "generalAndAdministrativeExpenses": 18779000, "sellingAndMarketingExpenses": 0, "sellingGeneralAndAdministrativeExpenses": 18779000, "otherExpenses": -3134000, "operatingExpenses": 6000000, "costAndExpenses": 6000000, "interestIncome": 158733000, "interestExpense": 123963000, "depreciationAndAmortization": 20000, "ebitda": -59261000, "ebitdaratio": -1.1905536805, "operatingIncome": -59281000, "operatingIncomeRatio": -1.1909554806, "totalOtherIncomeExpensesNet": -123963000, "incomeBeforeTax": -183244000, "incomeBeforeTaxRatio": -3.681372549, "incomeTaxExpense": 2100000, "netIncome": -185344000, "netIncomeRatio": -3.7235615558, "eps": -82.85, "epsdiluted": -82.85, "weightedAverageShsOut": 2237126, "weightedAverageShsOutDil": 2237126, "link": "https://www.sec.gov/Archives/edgar/data/1061630/000119380511000609/0001193805-11-000609-index.htm", "finalLink": "https://www.sec.gov/Archives/edgar/data/1061630/000119380511000609/e608154_10k-ct.htm", "calculatedOtherExpenses": 90278000, "calculatedOperatingExpenses": 109057000, "calculatedNetInterest": 34770000, "calculatedOtherIncome": -158733000, "calculatedIncomeNonControlling": 0, "calculatedEbitda": -59261000}, {"date": "2009-12-31", "symbol": "BXMT", "reportedCurrency": "USD", "cik": "0001061630", "fillingDate": "2010-03-02", "acceptedDate": "2010-03-02 16:34:22", "calendarYear": "2009", "period": "FY", "revenue": 45236000, "costOfRevenue": 0, "grossProfit": 45236000, "grossProfitRatio": 1, "researchAndDevelopmentExpenses": 0, "generalAndAdministrativeExpenses": 22102000, "sellingAndMarketingExpenses": 0, "sellingGeneralAndAdministrativeExpenses": 22102000, "otherExpenses": -14256000, "operatingExpenses": 22000000, "costAndExpenses": 22000000, "interestIncome": 121971000, "interestExpense": 79794000, "depreciationAndAmortization": 71000, "ebitda": -497266000, "ebitdaratio": -10.9927049253, "operatingIncome": -497337000, "operatingIncomeRatio": -10.9942744717, "totalOtherIncomeExpensesNet": -79794000, "incomeBeforeTax": -577131000, "incomeBeforeTaxRatio": -12.7582235388, "incomeTaxExpense": -694000, "netIncome": -576437000, "netIncomeRatio": -12.7428817756, "eps": -257.58, "epsdiluted": -257.58, "weightedAverageShsOut": 2237886, "weightedAverageShsOutDil": 2237886, "link": "https://www.sec.gov/Archives/edgar/data/1061630/000119380510000613/0001193805-10-000613-index.htm", "finalLink": "https://www.sec.gov/Archives/edgar/data/1061630/000119380510000613/e606491_10k-ct.htm", "calculatedOtherExpenses": 520471000, "calculatedOperatingExpenses": 542573000, "calculatedNetInterest": 42177000, "calculatedOtherIncome": -121971000, "calculatedIncomeNonControlling": 0, "calculatedEbitda": -497266000}, {"date": "2008-12-31", "symbol": "BXMT", "reportedCurrency": "USD", "cik": "0001061630", "fillingDate": "2009-03-16", "acceptedDate": "2009-03-16 16:25:08", "calendarYear": "2008", "period": "FY", "revenue": 78244000, "costOfRevenue": 0, "grossProfit": 78244000, "grossProfitRatio": 1, "researchAndDevelopmentExpenses": 0, "generalAndAdministrativeExpenses": 24957000, "sellingAndMarketingExpenses": 0, "sellingGeneralAndAdministrativeExpenses": 24957000, "otherExpenses": 43000, "operatingExpenses": 25000000, "costAndExpenses": 25000000, "interestIncome": 196215000, "interestExpense": 129665000, "depreciationAndAmortization": 179000, "ebitda": 74198000, "ebitdaratio": 0.9482899647, "operatingIncome": 74019000, "operatingIncomeRatio": 0.9460022494, "totalOtherIncomeExpensesNet": -129665000, "incomeBeforeTax": -55646000, "incomeBeforeTaxRatio": -0.7111855222, "incomeTaxExpense": 1893000, "netIncome": -57539000, "netIncomeRatio": -0.7353790706, "eps": -27.27, "epsdiluted": -27.27, "weightedAverageShsOut": 2109893, "weightedAverageShsOutDil": 2109893, "link": "https://www.sec.gov/Archives/edgar/data/1061630/000119380509000597/0001193805-09-000597-index.htm", "finalLink": "https://www.sec.gov/Archives/edgar/data/1061630/000119380509000597/e605134_10k-capitaltrust.htm", "calculatedOtherExpenses": -20732000, "calculatedOperatingExpenses": 4225000, "calculatedNetInterest": 66550000, "calculatedOtherIncome": -196215000, "calculatedIncomeNonControlling": 0, "calculatedEbitda": 74198000}, {"date": "2007-12-31", "symbol": "BXMT", "reportedCurrency": "USD", "cik": "0001061630", "fillingDate": "2008-03-05", "acceptedDate": "2008-03-04 17:55:55", "calendarYear": "2007", "period": "FY", "revenue": 115426000, "costOfRevenue": 0, "grossProfit": 115426000, "grossProfitRatio": 1, "researchAndDevelopmentExpenses": 0, "generalAndAdministrativeExpenses": 29956000, "sellingAndMarketingExpenses": 0, "sellingGeneralAndAdministrativeExpenses": 29956000, "otherExpenses": 2044000, "operatingExpenses": 32000000, "costAndExpenses": 32000000, "interestIncome": 253422000, "interestExpense": 162377000, "depreciationAndAmortization": 4110000, "ebitda": 250147000, "ebitdaratio": 2.1671633774, "operatingIncome": 246037000, "operatingIncomeRatio": 2.1315561485, "totalOtherIncomeExpensesNet": -162377000, "incomeBeforeTax": 83660000, "incomeBeforeTaxRatio": 0.7247933741, "incomeTaxExpense": -706000, "netIncome": 84366000, "netIncomeRatio": 0.730909847, "eps": 48, "epsdiluted": 47.7, "weightedAverageShsOut": 1756969, "weightedAverageShsOutDil": 1769026, "link": "https://www.sec.gov/Archives/edgar/data/1061630/000119380508000742/0001193805-08-000742-index.htm", "finalLink": "https://www.sec.gov/Archives/edgar/data/1061630/000119380508000742/e603095_10k-capitaltrust.htm", "calculatedOtherExpenses": -160567000, "calculatedOperatingExpenses": -130611000, "calculatedNetInterest": 91045000, "calculatedOtherIncome": -253422000, "calculatedIncomeNonControlling": 0, "calculatedEbitda": 250147000}, {"date": "2006-12-31", "symbol": "BXMT", "reportedCurrency": "USD", "cik": "0001061630", "fillingDate": "2007-02-28", "acceptedDate": "2007-02-28 16:50:26", "calendarYear": "2006", "period": "FY", "revenue": 77456000, "costOfRevenue": 0, "grossProfit": 77456000, "grossProfitRatio": 1, "researchAndDevelopmentExpenses": 0, "generalAndAdministrativeExpenses": 23075000, "sellingAndMarketingExpenses": 0, "sellingGeneralAndAdministrativeExpenses": 23075000, "otherExpenses": 2925000, "operatingExpenses": 26000000, "costAndExpenses": 26000000, "interestIncome": 175404000, "interestExpense": 104607000, "depreciationAndAmortization": 861000, "ebitda": 156800000, "ebitdaratio": 2.0243751291, "operatingIncome": 155939000, "operatingIncomeRatio": 2.0132591407, "totalOtherIncomeExpensesNet": -104607000, "incomeBeforeTax": 51332000, "incomeBeforeTaxRatio": 0.6627246437, "incomeTaxExpense": -2735000, "netIncome": 54067000, "netIncomeRatio": 0.6980350134, "eps": 34.3, "epsdiluted": 34, "weightedAverageShsOut": 1575465, "weightedAverageShsOutDil": 1592339, "link": "https://www.sec.gov/Archives/edgar/data/1061630/000110465907014972/0001104659-07-014972-index.htm", "finalLink": "https://www.sec.gov/Archives/edgar/data/1061630/000110465907014972/a07-4641_110k.htm", "calculatedOtherExpenses": -101558000, "calculatedOperatingExpenses": -78483000, "calculatedNetInterest": 70797000, "calculatedOtherIncome": -175404000, "calculatedIncomeNonControlling": 0, "calculatedEbitda": 156800000}, {"date": "2005-12-30", "symbol": "BXMT", "reportedCurrency": "USD", "cik": "0001061630", "fillingDate": "2006-03-10", "acceptedDate": "2006-03-09 18:49:01", "calendarYear": "2005", "period": "FY", "revenue": 67377000, "costOfRevenue": 0, "grossProfit": 67377000, "grossProfitRatio": 1, "researchAndDevelopmentExpenses": 0, "generalAndAdministrativeExpenses": 21939000, "sellingAndMarketingExpenses": 0, "sellingGeneralAndAdministrativeExpenses": 21939000, "otherExpenses": 20455000, "operatingExpenses": 35684000, "costAndExpenses": 35684000, "interestIncome": 86753000, "interestExpense": 37229000, "depreciationAndAmortization": -3165000, "ebitda": 78388000, "ebitdaratio": 1.1634237203, "operatingIncome": 81553000, "operatingIncomeRatio": 1.2103982071, "totalOtherIncomeExpensesNet": -37229000, "incomeBeforeTax": 44324000, "incomeBeforeTaxRatio": 0.6578506018, "incomeTaxExpense": 213000, "netIncome": 44111000, "netIncomeRatio": 0.6546892857, "eps": 29.1, "epsdiluted": 28.8, "weightedAverageShsOut": 1518147, "weightedAverageShsOutDil": 1533591, "link": "https://www.sec.gov/Archives/edgar/data/1061630/000110465906015434/0001104659-06-015434-index.htm", "finalLink": "https://www.sec.gov/Archives/edgar/data/1061630/000110465906015434/a06-5871_110k.htm", "calculatedOtherExpenses": -36115000, "calculatedOperatingExpenses": -14176000, "calculatedNetInterest": 49524000, "calculatedOtherIncome": -86753000, "calculatedIncomeNonControlling": 0, "calculatedEbitda": 78388000}, {"date": "2004-12-31", "symbol": "BXMT", "reportedCurrency": "USD", "cik": "0001061630", "fillingDate": "2005-03-10", "acceptedDate": "2005-03-10 16:47:03", "calendarYear": "2004", "period": "FY", "revenue": 37068000, "costOfRevenue": 0, "grossProfit": 37068000, "grossProfitRatio": 1, "researchAndDevelopmentExpenses": 0, "generalAndAdministrativeExpenses": 15229000, "sellingAndMarketingExpenses": 0, "sellingGeneralAndAdministrativeExpenses": 15229000, "otherExpenses": -10631000, "operatingExpenses": 4598000, "costAndExpenses": 4598000, "interestIncome": 46561000, "interestExpense": 20141000, "depreciationAndAmortization": 1100000, "ebitda": 42766000, "ebitdaratio": 1.1537174922, "operatingIncome": 41666000, "operatingIncomeRatio": 1.1240423006, "totalOtherIncomeExpensesNet": -20141000, "incomeBeforeTax": 21525000, "incomeBeforeTaxRatio": 0.5806895435, "incomeTaxExpense": -451000, "netIncome": 21976000, "netIncomeRatio": 0.5928563721, "eps": 21.7, "epsdiluted": 21.4, "weightedAverageShsOut": 1014138, "weightedAverageShsOutDil": 1027688, "link": "https://www.sec.gov/Archives/edgar/data/1061630/000111667905000714/0001116679-05-000714-index.htm", "finalLink": "https://www.sec.gov/Archives/edgar/data/1061630/000111667905000714/form10-k.txt", "calculatedOtherExpenses": -19827000, "calculatedOperatingExpenses": -4598000, "calculatedNetInterest": 26420000, "calculatedOtherIncome": -46561000, "calculatedIncomeNonControlling": 0, "calculatedEbitda": 42766000}, {"date": "2003-12-31", "symbol": "BXMT", "reportedCurrency": "USD", "cik": "0001061630", "fillingDate": "2004-03-03", "acceptedDate": "2004-03-03 17:21:36", "calendarYear": "2003", "period": "FY", "revenue": 38000000, "costOfRevenue": 0, "grossProfit": 38000000, "grossProfitRatio": 1, "researchAndDevelopmentExpenses": 0, "generalAndAdministrativeExpenses": 13320000, "sellingAndMarketingExpenses": 0, "sellingGeneralAndAdministrativeExpenses": 13320000, "otherExpenses": -27304000, "operatingExpenses": -13984000, "costAndExpenses": -13984000, "interestIncome": 38246000, "interestExpense": 9845000, "depreciationAndAmortization": -220000, "ebitda": 23796000, "ebitdaratio": 0.6262105263, "operatingIncome": 24016000, "operatingIncomeRatio": 0.632, "totalOtherIncomeExpensesNet": -9845000, "incomeBeforeTax": 14171000, "incomeBeforeTaxRatio": 0.3729210526, "incomeTaxExpense": 646000, "netIncome": 13525000, "netIncomeRatio": 0.3559210526, "eps": 22.7, "epsdiluted": 22.3, "weightedAverageShsOut": 594700, "weightedAverageShsOutDil": 1028800, "link": "https://www.sec.gov/Archives/edgar/data/1061630/000111667904000403/0001116679-04-000403-index.htm", "finalLink": "https://www.sec.gov/Archives/edgar/data/1061630/000111667904000403/cap10k-022704.txt", "calculatedOtherExpenses": 664000, "calculatedOperatingExpenses": 13984000, "calculatedNetInterest": 28401000, "calculatedOtherIncome": -38246000, "calculatedIncomeNonControlling": 0, "calculatedEbitda": 23796000}, {"date": "2002-12-31", "symbol": "BXMT", "reportedCurrency": "USD", "cik": "0001061630", "fillingDate": "2003-03-28", "acceptedDate": "2003-03-28 15:15:32", "calendarYear": "2002", "period": "FY", "revenue": 39034000, "costOfRevenue": 0, "grossProfit": 39034000, "grossProfitRatio": 1, "researchAndDevelopmentExpenses": 0, "generalAndAdministrativeExpenses": 13996000, "sellingAndMarketingExpenses": 0, "sellingGeneralAndAdministrativeExpenses": 13996000, "otherExpenses": -22361000, "operatingExpenses": -8365000, "costAndExpenses": -8365000, "interestIncome": 47079000, "interestExpense": 17969000, "depreciationAndAmortization": -1373000, "ebitda": 29296000, "ebitdaratio": 0.7505251832, "operatingIncome": 30669000, "operatingIncomeRatio": 0.7856996465, "totalOtherIncomeExpensesNet": -17969000, "incomeBeforeTax": 12700000, "incomeBeforeTaxRatio": 0.3253573807, "incomeTaxExpense": 22438000, "netIncome": -9738000, "netIncomeRatio": -0.2494748168, "eps": -16.21, "epsdiluted": -16.21, "weightedAverageShsOut": 600812, "weightedAverageShsOutDil": 600812, "link": "https://www.sec.gov/Archives/edgar/data/1061630/000111667903001050/0001116679-03-001050-index.htm", "finalLink": "https://www.sec.gov/Archives/edgar/data/1061630/000111667903001050/cap10-k.txt", "calculatedOtherExpenses": -5631000, "calculatedOperatingExpenses": 8365000, "calculatedNetInterest": 29110000, "calculatedOtherIncome": -47079000, "calculatedIncomeNonControlling": 0, "calculatedEbitda": 29296000}, {"date": "2001-12-31", "symbol": "BXMT", "reportedCurrency": "USD", "cik": "0001061630", "fillingDate": "2002-04-01", "acceptedDate": "2002-04-01 00:00:00", "calendarYear": "2001", "period": "FY", "revenue": 52422000, "costOfRevenue": 0, "grossProfit": 52422000, "grossProfitRatio": 1, "researchAndDevelopmentExpenses": 0, "generalAndAdministrativeExpenses": 15382000, "sellingAndMarketingExpenses": 0, "sellingGeneralAndAdministrativeExpenses": 15382000, "otherExpenses": -15314000, "operatingExpenses": 68000, "costAndExpenses": 68000, "interestIncome": 67333000, "interestExpense": 26238000, "depreciationAndAmortization": -1944000, "ebitda": 50546000, "ebitdaratio": 0.9642134981, "operatingIncome": 52490000, "operatingIncomeRatio": 1.0012971653, "totalOtherIncomeExpensesNet": -26238000, "incomeBeforeTax": 26252000, "incomeBeforeTaxRatio": 0.5007821144, "incomeTaxExpense": 16882000, "netIncome": 9370000, "netIncomeRatio": 0.1787417496, "eps": 13, "epsdiluted": 11.2, "weightedAverageShsOut": 672200, "weightedAverageShsOutDil": 1204100, "link": "https://www.sec.gov/Archives/edgar/data/1061630/000111667902000931/0001116679-02-000931-index.htm", "finalLink": "https://www.sec.gov/Archives/edgar/data/1061630/000111667902000931/cap10k1201.txt", "calculatedOtherExpenses": -15450000, "calculatedOperatingExpenses": -68000, "calculatedNetInterest": 41095000, "calculatedOtherIncome": -67333000, "calculatedIncomeNonControlling": 0, "calculatedEbitda": 50546000}, {"date": "2000-12-31", "symbol": "BXMT", "reportedCurrency": "USD", "cik": "0001061630", "fillingDate": "2001-04-02", "acceptedDate": "2001-04-02 00:00:00", "calendarYear": "2000", "period": "FY", "revenue": 57480000, "costOfRevenue": 0, "grossProfit": 57480000, "grossProfitRatio": 1, "researchAndDevelopmentExpenses": 0, "generalAndAdministrativeExpenses": 15439000, "sellingAndMarketingExpenses": 0, "sellingGeneralAndAdministrativeExpenses": 15439000, "otherExpenses": -8686000, "operatingExpenses": 6753000, "costAndExpenses": 6753000, "interestIncome": 89215000, "interestExpense": 36712000, "depreciationAndAmortization": -1781000, "ebitda": 62452000, "ebitdaratio": 1.0864996521, "operatingIncome": 64233000, "operatingIncomeRatio": 1.1174843424, "totalOtherIncomeExpensesNet": -36712000, "incomeBeforeTax": 27521000, "incomeBeforeTaxRatio": 0.4787926235, "incomeTaxExpense": 17760000, "netIncome": 9761000, "netIncomeRatio": 0.169815588, "eps": 10.5, "epsdiluted": 9.9, "weightedAverageShsOut": 772291, "weightedAverageShsOutDil": 989631, "link": "https://www.sec.gov/Archives/edgar/data/1061630/000111667901000733/0001116679-01-000733-index.htm", "finalLink": "https://www.sec.gov/Archives/edgar/data/1061630/000111667901000733/0001116679-01-000733-0001.txt", "calculatedOtherExpenses": -22192000, "calculatedOperatingExpenses": -6753000, "calculatedNetInterest": 52503000, "calculatedOtherIncome": -89215000, "calculatedIncomeNonControlling": 0, "calculatedEbitda": 62452000}, {"date": "1999-12-31", "symbol": "BXMT", "reportedCurrency": "USD", "cik": "0001061630", "fillingDate": "2000-03-30", "acceptedDate": "2000-03-30 00:00:00", "calendarYear": "1999", "period": "FY", "revenue": 68200000, "costOfRevenue": 0, "grossProfit": 68200000, "grossProfitRatio": 1, "researchAndDevelopmentExpenses": 0, "generalAndAdministrativeExpenses": 17300000, "sellingAndMarketingExpenses": 0, "sellingGeneralAndAdministrativeExpenses": 17300000, "otherExpenses": -6900000, "operatingExpenses": 10400000, "costAndExpenses": 10400000, "interestIncome": 88600000, "interestExpense": 39500000, "depreciationAndAmortization": -700000, "ebitda": 77900000, "ebitdaratio": 1.142228739, "operatingIncome": 78600000, "operatingIncomeRatio": 1.1524926686, "totalOtherIncomeExpensesNet": -39500000, "incomeBeforeTax": 39100000, "incomeBeforeTaxRatio": 0.573313783, "incomeTaxExpense": 22000000, "netIncome": 17100000, "netIncomeRatio": 0.2507331378, "eps": 20.7, "epsdiluted": 16.5, "weightedAverageShsOut": 711075, "weightedAverageShsOutDil": 1457345, "link": "https://www.sec.gov/Archives/edgar/data/1061630/000090311200000612/0000903112-00-000612-index.html", "finalLink": "https://www.sec.gov/Archives/edgar/data/1061630/000090311200000612/", "calculatedOtherExpenses": -27700000, "calculatedOperatingExpenses": -10400000, "calculatedNetInterest": 49100000, "calculatedOtherIncome": -88600000, "calculatedIncomeNonControlling": 0, "calculatedEbitda": 77900000}, {"date": "1998-12-31", "symbol": "BXMT", "reportedCurrency": "USD", "cik": "0001061630", "fillingDate": "1999-03-31", "acceptedDate": "1999-03-31 00:00:00", "calendarYear": "1998", "period": "FY", "revenue": 46600000, "costOfRevenue": 0, "grossProfit": 46600000, "grossProfitRatio": 1, "researchAndDevelopmentExpenses": 0, "generalAndAdministrativeExpenses": 17000000, "sellingAndMarketingExpenses": 0, "sellingGeneralAndAdministrativeExpenses": 17000000, "otherExpenses": -13100000, "operatingExpenses": 3900000, "costAndExpenses": 3900000, "interestIncome": 64000000, "interestExpense": 27700000, "depreciationAndAmortization": 1800000, "ebitda": 52300000, "ebitdaratio": 1.1223175966, "operatingIncome": 50500000, "operatingIncomeRatio": 1.0836909871, "totalOtherIncomeExpensesNet": -27700000, "incomeBeforeTax": 22800000, "incomeBeforeTaxRatio": 0.4892703863, "incomeTaxExpense": 9400000, "netIncome": 13400000, "netIncomeRatio": 0.2875536481, "eps": 17.1, "epsdiluted": 13.2, "weightedAverageShsOut": 606899, "weightedAverageShsOutDil": 1020746, "link": "https://www.sec.gov/Archives/edgar/data/1061630/000090311299000510/0000903112-99-000510-index.html", "finalLink": "https://www.sec.gov/Archives/edgar/data/1061630/", "calculatedOtherExpenses": -20900000, "calculatedOperatingExpenses": -3900000, "calculatedNetInterest": 36300000, "calculatedOtherIncome": -64000000, "calculatedIncomeNonControlling": 0, "calculatedEbitda": 52300000}, {"date": "1997-12-31", "symbol": "BXMT", "reportedCurrency": "USD", "cik": "0001061630", "fillingDate": "1997-12-31", "acceptedDate": "1997-12-30 19:00:00", "calendarYear": "1997", "period": "FY", "revenue": 5700000, "costOfRevenue": 0, "grossProfit": 5700000, "grossProfitRatio": 1, "researchAndDevelopmentExpenses": 0, "generalAndAdministrativeExpenses": 9500000, "sellingAndMarketingExpenses": 0, "sellingGeneralAndAdministrativeExpenses": 9500000, "otherExpenses": -17300000, "operatingExpenses": -7800000, "costAndExpenses": -7800000, "interestIncome": 6500000, "interestExpense": 2400000, "depreciationAndAmortization": 100000, "ebitda": -2000000, "ebitdaratio": -0.350877193, "operatingIncome": -2100000, "operatingIncomeRatio": -0.3684210526, "totalOtherIncomeExpensesNet": -2400000, "incomeBeforeTax": -4500000, "incomeBeforeTaxRatio": -0.7894736842, "incomeTaxExpense": 100000, "netIncome": -4600000, "netIncomeRatio": -0.8070175439, "eps": -14.25, "epsdiluted": -14.25, "weightedAverageShsOut": 322751, "weightedAverageShsOutDil": 322751, "link": "", "finalLink": "", "calculatedOtherExpenses": -1700000, "calculatedOperatingExpenses": 7800000, "calculatedNetInterest": 4100000, "calculatedOtherIncome": -6500000, "calculatedIncomeNonControlling": 0, "calculatedEbitda": -2000000}, {"date": "1996-12-31", "symbol": "BXMT", "reportedCurrency": "USD", "cik": "0001061630", "fillingDate": "1996-12-31", "acceptedDate": "1996-12-30 19:00:00", "calendarYear": "1996", "period": "FY", "revenue": 3700000, "costOfRevenue": 0, "grossProfit": 3700000, "grossProfitRatio": 1, "researchAndDevelopmentExpenses": 0, "generalAndAdministrativeExpenses": 1500000, "sellingAndMarketingExpenses": 0, "sellingGeneralAndAdministrativeExpenses": 1500000, "otherExpenses": -5100000, "operatingExpenses": -3600000, "costAndExpenses": -3600000, "interestIncome": 1100000, "interestExpense": 500000, "depreciationAndAmortization": 100000, "ebitda": 200000, "ebitdaratio": 0.0540540541, "operatingIncome": 100000, "operatingIncomeRatio": 0.027027027, "totalOtherIncomeExpensesNet": 0, "incomeBeforeTax": 0, "incomeBeforeTaxRatio": 0, "incomeTaxExpense": 500000, "netIncome": -400000, "netIncomeRatio": -0.1081081081, "eps": -1.5, "epsdiluted": -1.5, "weightedAverageShsOut": 266667, "weightedAverageShsOutDil": 266667, "link": "", "finalLink": "", "calculatedOtherExpenses": 2100000, "calculatedOperatingExpenses": 3600000, "calculatedNetInterest": 600000, "calculatedOtherIncome": -700000, "calculatedIncomeNonControlling": -100000, "calculatedEbitda": 200000}, {"date": "1995-12-31", "symbol": "BXMT", "reportedCurrency": "USD", "cik": "0001061630", "fillingDate": "1995-12-31", "acceptedDate": "1995-12-30 19:00:00", "calendarYear": "1995", "period": "FY", "revenue": 2800000, "costOfRevenue": 0, "grossProfit": 2800000, "grossProfitRatio": 1, "researchAndDevelopmentExpenses": 0, "generalAndAdministrativeExpenses": 900000, "sellingAndMarketingExpenses": 0, "sellingGeneralAndAdministrativeExpenses": 900000, "otherExpenses": -5700000, "operatingExpenses": -4800000, "costAndExpenses": -4800000, "interestIncome": 1400000, "interestExpense": 800000, "depreciationAndAmortization": 700000, "ebitda": -1300000, "ebitdaratio": -0.4642857143, "operatingIncome": -2000000, "operatingIncomeRatio": -0.7142857143, "totalOtherIncomeExpensesNet": 0, "incomeBeforeTax": 0, "incomeBeforeTaxRatio": 0, "incomeTaxExpense": 800000, "netIncome": -2800000, "netIncomeRatio": -1, "eps": -9, "epsdiluted": -9, "weightedAverageShsOut": 311111, "weightedAverageShsOutDil": 311111, "link": "", "finalLink": "", "calculatedOtherExpenses": 3900000, "calculatedOperatingExpenses": 4800000, "calculatedNetInterest": 600000, "calculatedOtherIncome": 1400000, "calculatedIncomeNonControlling": 2000000, "calculatedEbitda": -1300000}, {"date": "1994-12-31", "symbol": "BXMT", "reportedCurrency": "USD", "cik": "0001061630", "fillingDate": "1994-12-31", "acceptedDate": "1994-12-30 19:00:00", "calendarYear": "1994", "period": "FY", "revenue": 3700000, "costOfRevenue": 0, "grossProfit": 3700000, "grossProfitRatio": 1, "researchAndDevelopmentExpenses": 0, "generalAndAdministrativeExpenses": 800000, "sellingAndMarketingExpenses": 0, "sellingGeneralAndAdministrativeExpenses": 800000, "otherExpenses": -800000, "operatingExpenses": 0, "costAndExpenses": 0, "interestIncome": 1700000, "interestExpense": 1100000, "depreciationAndAmortization": 600000, "ebitda": 4300000, "ebitdaratio": 1.1621621622, "operatingIncome": 3700000, "operatingIncomeRatio": 1, "totalOtherIncomeExpensesNet": 0, "incomeBeforeTax": 0, "incomeBeforeTaxRatio": 0, "incomeTaxExpense": 0, "netIncome": 0, "netIncomeRatio": 0, "eps": 0, "epsdiluted": 0, "weightedAverageShsOut": 305233, "weightedAverageShsOutDil": 305233, "link": "", "finalLink": "", "calculatedOtherExpenses": -800000, "calculatedOperatingExpenses": 0, "calculatedNetInterest": 600000, "calculatedOtherIncome": -4300000, "calculatedIncomeNonControlling": 0, "calculatedEbitda": 4300000}, {"date": "1993-12-31", "symbol": "BXMT", "reportedCurrency": "USD", "cik": "0001061630", "fillingDate": "1993-12-31", "acceptedDate": "1993-12-30 19:00:00", "calendarYear": "1993", "period": "FY", "revenue": 4100000, "costOfRevenue": 0, "grossProfit": 4100000, "grossProfitRatio": 1, "researchAndDevelopmentExpenses": 0, "generalAndAdministrativeExpenses": 700000, "sellingAndMarketingExpenses": 0, "sellingGeneralAndAdministrativeExpenses": 700000, "otherExpenses": -11600000, "operatingExpenses": -10900000, "costAndExpenses": -10900000, "interestIncome": 900000, "interestExpense": 1500000, "depreciationAndAmortization": 800000, "ebitda": -6000000, "ebitdaratio": -1.4634146341, "operatingIncome": -6800000, "operatingIncomeRatio": -1.6585365854, "totalOtherIncomeExpensesNet": 0, "incomeBeforeTax": 0, "incomeBeforeTaxRatio": 0, "incomeTaxExpense": 1500000, "netIncome": -8300000, "netIncomeRatio": -2.0243902439, "eps": -26.4, "epsdiluted": -26.4, "weightedAverageShsOut": 314394, "weightedAverageShsOutDil": 314394, "link": "", "finalLink": "", "calculatedOtherExpenses": 10200000, "calculatedOperatingExpenses": 10900000, "calculatedNetInterest": -600000, "calculatedOtherIncome": 7400000, "calculatedIncomeNonControlling": 6800000, "calculatedEbitda": -6000000}, {"date": "1992-12-31", "symbol": "BXMT", "reportedCurrency": "USD", "cik": "0001061630", "fillingDate": "1992-12-31", "acceptedDate": "1992-12-30 19:00:00", "calendarYear": "1992", "period": "FY", "revenue": 4600000, "costOfRevenue": 0, "grossProfit": 4600000, "grossProfitRatio": 1, "researchAndDevelopmentExpenses": 0, "generalAndAdministrativeExpenses": 500000, "sellingAndMarketingExpenses": 0, "sellingGeneralAndAdministrativeExpenses": 500000, "otherExpenses": -14000000, "operatingExpenses": -13500000, "costAndExpenses": -13500000, "interestIncome": 2300000, "interestExpense": 1400000, "depreciationAndAmortization": 1100000, "ebitda": -7800000, "ebitdaratio": -1.6956521739, "operatingIncome": -8900000, "operatingIncomeRatio": -1.9347826087, "totalOtherIncomeExpensesNet": 0, "incomeBeforeTax": 0, "incomeBeforeTaxRatio": 0, "incomeTaxExpense": 1400000, "netIncome": -10300000, "netIncomeRatio": -2.2391304348, "eps": -33.9, "epsdiluted": -33.9, "weightedAverageShsOut": 303835, "weightedAverageShsOutDil": 303835, "link": "", "finalLink": "", "calculatedOtherExpenses": 13000000, "calculatedOperatingExpenses": 13500000, "calculatedNetInterest": 900000, "calculatedOtherIncome": 8000000, "calculatedIncomeNonControlling": 8900000, "calculatedEbitda": -7800000}, {"date": "1991-12-31", "symbol": "BXMT", "reportedCurrency": "USD", "cik": "0001061630", "fillingDate": "1991-12-31", "acceptedDate": "1991-12-30 19:00:00", "calendarYear": "1991", "period": "FY", "revenue": 5700000, "costOfRevenue": 0, "grossProfit": 5700000, "grossProfitRatio": 1, "researchAndDevelopmentExpenses": 0, "generalAndAdministrativeExpenses": 500000, "sellingAndMarketingExpenses": 0, "sellingGeneralAndAdministrativeExpenses": 500000, "otherExpenses": -8300000, "operatingExpenses": -7800000, "costAndExpenses": -7800000, "interestIncome": 2700000, "interestExpense": 1500000, "depreciationAndAmortization": 1100000, "ebitda": -1000000, "ebitdaratio": -0.1754385965, "operatingIncome": -2100000, "operatingIncomeRatio": -0.3684210526, "totalOtherIncomeExpensesNet": 0, "incomeBeforeTax": 0, "incomeBeforeTaxRatio": 0, "incomeTaxExpense": 1500000, "netIncome": -3600000, "netIncomeRatio": -0.6315789474, "eps": -11.7, "epsdiluted": -11.7, "weightedAverageShsOut": 307692, "weightedAverageShsOutDil": 307692, "link": "", "finalLink": "", "calculatedOtherExpenses": 7300000, "calculatedOperatingExpenses": 7800000, "calculatedNetInterest": 1200000, "calculatedOtherIncome": 900000, "calculatedIncomeNonControlling": 2100000, "calculatedEbitda": -1000000}, {"date": "1990-12-31", "symbol": "BXMT", "reportedCurrency": "USD", "cik": "0001061630", "fillingDate": "1990-12-31", "acceptedDate": "1990-12-30 19:00:00", "calendarYear": "1990", "period": "FY", "revenue": 0, "costOfRevenue": 0, "grossProfit": 0, "grossProfitRatio": 0, "researchAndDevelopmentExpenses": 0, "generalAndAdministrativeExpenses": 0, "sellingAndMarketingExpenses": 0, "sellingGeneralAndAdministrativeExpenses": 0, "otherExpenses": 3000000, "operatingExpenses": 3000000, "costAndExpenses": 3000000, "interestIncome": 0, "interestExpense": 0, "depreciationAndAmortization": 0, "ebitda": 3000000, "ebitdaratio": 0, "operatingIncome": 3000000, "operatingIncomeRatio": 0, "totalOtherIncomeExpensesNet": 0, "incomeBeforeTax": 0, "incomeBeforeTaxRatio": 0, "incomeTaxExpense": -3000000, "netIncome": 3000000, "netIncomeRatio": 0, "eps": 9.9, "epsdiluted": 9.9, "weightedAverageShsOut": 303030, "weightedAverageShsOutDil": 303030, "link": "", "finalLink": "", "calculatedOtherExpenses": -3000000, "calculatedOperatingExpenses": -3000000, "calculatedNetInterest": 0, "calculatedOtherIncome": -3000000, "calculatedIncomeNonControlling": 0, "calculatedEbitda": 3000000}, {"date": "1989-12-31", "symbol": "BXMT", "reportedCurrency": "USD", "cik": "0001061630", "fillingDate": "1989-12-31", "acceptedDate": "1989-12-30 19:00:00", "calendarYear": "1989", "period": "FY", "revenue": 0, "costOfRevenue": 0, "grossProfit": 0, "grossProfitRatio": 0, "researchAndDevelopmentExpenses": 0, "generalAndAdministrativeExpenses": 0, "sellingAndMarketingExpenses": 0, "sellingGeneralAndAdministrativeExpenses": 0, "otherExpenses": -2800000, "operatingExpenses": -2800000, "costAndExpenses": -2800000, "interestIncome": 0, "interestExpense": 0, "depreciationAndAmortization": 0, "ebitda": -2800000, "ebitdaratio": 0, "operatingIncome": -2800000, "operatingIncomeRatio": 0, "totalOtherIncomeExpensesNet": 0, "incomeBeforeTax": 0, "incomeBeforeTaxRatio": 0, "incomeTaxExpense": 2800000, "netIncome": -2800000, "netIncomeRatio": 0, "eps": -12, "epsdiluted": -12, "weightedAverageShsOut": 233333, "weightedAverageShsOutDil": 233333, "link": "", "finalLink": "", "calculatedOtherExpenses": 2800000, "calculatedOperatingExpenses": 2800000, "calculatedNetInterest": 0, "calculatedOtherIncome": 2800000, "calculatedIncomeNonControlling": 0, "calculatedEbitda": -2800000}, {"date": "1988-12-31", "symbol": "BXMT", "reportedCurrency": "USD", "cik": "0001061630", "fillingDate": "1988-12-31", "acceptedDate": "1988-12-30 19:00:00", "calendarYear": "1988", "period": "FY", "revenue": 0, "costOfRevenue": 0, "grossProfit": 0, "grossProfitRatio": 0, "researchAndDevelopmentExpenses": 0, "generalAndAdministrativeExpenses": 0, "sellingAndMarketingExpenses": 0, "sellingGeneralAndAdministrativeExpenses": 0, "otherExpenses": -600000, "operatingExpenses": -600000, "costAndExpenses": -600000, "interestIncome": 0, "interestExpense": 0, "depreciationAndAmortization": 0, "ebitda": -600000, "ebitdaratio": 0, "operatingIncome": -600000, "operatingIncomeRatio": 0, "totalOtherIncomeExpensesNet": 0, "incomeBeforeTax": 0, "incomeBeforeTaxRatio": 0, "incomeTaxExpense": 600000, "netIncome": -600000, "netIncomeRatio": 0, "eps": -3.6, "epsdiluted": -3.6, "weightedAverageShsOut": 166667, "weightedAverageShsOutDil": 166667, "link": "", "finalLink": "", "calculatedOtherExpenses": 600000, "calculatedOperatingExpenses": 600000, "calculatedNetInterest": 0, "calculatedOtherIncome": 600000, "calculatedIncomeNonControlling": 0, "calculatedEbitda": -600000}, {"date": "1987-12-31", "symbol": "BXMT", "reportedCurrency": "USD", "cik": "0001061630", "fillingDate": "1987-12-31", "acceptedDate": "1987-12-30 19:00:00", "calendarYear": "1987", "period": "FY", "revenue": 0, "costOfRevenue": 0, "grossProfit": 0, "grossProfitRatio": 0, "researchAndDevelopmentExpenses": 0, "generalAndAdministrativeExpenses": 0, "sellingAndMarketingExpenses": 0, "sellingGeneralAndAdministrativeExpenses": 0, "otherExpenses": -1000000, "operatingExpenses": -1000000, "costAndExpenses": -1000000, "interestIncome": 0, "interestExpense": 0, "depreciationAndAmortization": 0, "ebitda": -1000000, "ebitdaratio": 0, "operatingIncome": -1000000, "operatingIncomeRatio": 0, "totalOtherIncomeExpensesNet": 0, "incomeBeforeTax": 0, "incomeBeforeTaxRatio": 0, "incomeTaxExpense": 1000000, "netIncome": -1000000, "netIncomeRatio": 0, "eps": -5.7, "epsdiluted": -5.7, "weightedAverageShsOut": 175439, "weightedAverageShsOutDil": 175439, "link": "", "finalLink": "", "calculatedOtherExpenses": 1000000, "calculatedOperatingExpenses": 1000000, "calculatedNetInterest": 0, "calculatedOtherIncome": 1000000, "calculatedIncomeNonControlling": 0, "calculatedEbitda": -1000000}, {"date": "1986-12-31", "symbol": "BXMT", "reportedCurrency": "USD", "cik": "0001061630", "fillingDate": "1986-12-31", "acceptedDate": "1986-12-30 19:00:00", "calendarYear": "1986", "period": "FY", "revenue": 0, "costOfRevenue": 0, "grossProfit": 0, "grossProfitRatio": 0, "researchAndDevelopmentExpenses": 0, "generalAndAdministrativeExpenses": 0, "sellingAndMarketingExpenses": 0, "sellingGeneralAndAdministrativeExpenses": 0, "otherExpenses": -800000, "operatingExpenses": -800000, "costAndExpenses": -800000, "interestIncome": 0, "interestExpense": 0, "depreciationAndAmortization": 0, "ebitda": -800000, "ebitdaratio": 0, "operatingIncome": -800000, "operatingIncomeRatio": 0, "totalOtherIncomeExpensesNet": 0, "incomeBeforeTax": 0, "incomeBeforeTaxRatio": 0, "incomeTaxExpense": 800000, "netIncome": -800000, "netIncomeRatio": 0, "eps": -4.8, "epsdiluted": -4.8, "weightedAverageShsOut": 166667, "weightedAverageShsOutDil": 166667, "link": "", "finalLink": "", "calculatedOtherExpenses": 800000, "calculatedOperatingExpenses": 800000, "calculatedNetInterest": 0, "calculatedOtherIncome": 800000, "calculatedIncomeNonControlling": 0, "calculatedEbitda": -800000}, {"date": "1985-12-31", "symbol": "BXMT", "reportedCurrency": "USD", "cik": "0001061630", "fillingDate": "1985-12-31", "acceptedDate": "1985-12-30 19:00:00", "calendarYear": "1985", "period": "FY", "revenue": 0, "costOfRevenue": 0, "grossProfit": 0, "grossProfitRatio": 0, "researchAndDevelopmentExpenses": 0, "generalAndAdministrativeExpenses": 0, "sellingAndMarketingExpenses": 0, "sellingGeneralAndAdministrativeExpenses": 0, "otherExpenses": 4600000, "operatingExpenses": 4600000, "costAndExpenses": 4600000, "interestIncome": 0, "interestExpense": 0, "depreciationAndAmortization": 0, "ebitda": 4600000, "ebitdaratio": 0, "operatingIncome": 4600000, "operatingIncomeRatio": 0, "totalOtherIncomeExpensesNet": 0, "incomeBeforeTax": 0, "incomeBeforeTaxRatio": 0, "incomeTaxExpense": -4600000, "netIncome": 4600000, "netIncomeRatio": 0, "eps": 31.5, "epsdiluted": 31.5, "weightedAverageShsOut": 146032, "weightedAverageShsOutDil": 146032, "link": "", "finalLink": "", "calculatedOtherExpenses": -4600000, "calculatedOperatingExpenses": -4600000, "calculatedNetInterest": 0, "calculatedOtherIncome": -4600000, "calculatedIncomeNonControlling": 0, "calculatedEbitda": 4600000}]}