{"originalCurrency": "USD", "convertedCurrency": "USD", "report": [{"date": "2023-12-31", "symbol": "BXP", "reportedCurrency": "USD", "cik": "0001037540", "fillingDate": "2024-02-27", "acceptedDate": "2024-02-27 15:56:05", "calendarYear": "2023", "period": "FY", "revenue": 3273569000, "costOfRevenue": 2064755999, "grossProfit": 1208813001, "grossProfitRatio": 0.3692645553, "researchAndDevelopmentExpenses": 0, "generalAndAdministrativeExpenses": 187929000, "sellingAndMarketingExpenses": 0, "sellingGeneralAndAdministrativeExpenses": 187929000, "otherExpenses": -174311000, "operatingExpenses": 174311000, "costAndExpenses": 2239067000, "interestIncome": 69964000, "interestExpense": 572869000, "depreciationAndAmortization": 830813000, "ebitda": 1865315000, "ebitdaratio": 0.5698108089, "operatingIncome": 1034502000, "operatingIncomeRatio": 0.3160165556, "totalOtherIncomeExpensesNet": -743078000, "incomeBeforeTax": 291424000, "incomeBeforeTaxRatio": 0.0890233259, "incomeTaxExpense": 101209001, "netIncome": 190215000, "netIncomeRatio": 0.0581063054, "eps": 1.21, "epsdiluted": 1.21, "weightedAverageShsOut": 156863000, "weightedAverageShsOutDil": 157201000, "link": "https://www.sec.gov/Archives/edgar/data/1037540/000165642324000007/0001656423-24-000007-index.htm", "finalLink": "https://www.sec.gov/Archives/edgar/data/1037540/000165642324000007/bxp-20231231.htm", "calculatedOtherExpenses": -13617999, "calculatedOperatingExpenses": 174311001, "calculatedNetInterest": -502905000, "calculatedOtherIncome": -240173000, "calculatedIncomeNonControlling": -1, "calculatedEbitda": 1865315000}, {"date": "2022-12-31", "symbol": "BXP", "reportedCurrency": "USD", "cik": "0001037540", "fillingDate": "2023-02-27", "acceptedDate": "2023-02-27 16:48:19", "calendarYear": "2022", "period": "FY", "revenue": 3108581000, "costOfRevenue": 1149133000, "grossProfit": 1959448000, "grossProfitRatio": 0.6303351915, "researchAndDevelopmentExpenses": 0, "generalAndAdministrativeExpenses": 148243000, "sellingAndMarketingExpenses": 0, "sellingGeneralAndAdministrativeExpenses": 148243000, "otherExpenses": 749775000, "operatingExpenses": 898018000, "costAndExpenses": 2047151000, "interestIncome": 11940000, "interestExpense": 437139000, "depreciationAndAmortization": 749775000, "ebitda": 1769929000, "ebitdaratio": 0.5693687892, "operatingIncome": 1020154000, "operatingIncomeRatio": 0.32817353, "totalOtherIncomeExpensesNet": 430000, "incomeBeforeTax": 1020584000, "incomeBeforeTaxRatio": 0.3283118568, "incomeTaxExpense": 437139000, "netIncome": 583445000, "netIncomeRatio": 0.1876885306, "eps": 3.72, "epsdiluted": 3.71, "weightedAverageShsOut": 156726000, "weightedAverageShsOutDil": 157137000, "link": "https://www.sec.gov/Archives/edgar/data/1037540/000165642323000013/0001656423-23-000013-index.htm", "finalLink": "https://www.sec.gov/Archives/edgar/data/1037540/000165642323000013/bxp-20221231.htm", "calculatedOtherExpenses": 791051000, "calculatedOperatingExpenses": 939294000, "calculatedNetInterest": -425199000, "calculatedOtherIncome": 425629000, "calculatedIncomeNonControlling": 0, "calculatedEbitda": 1769929000}, {"date": "2021-12-31", "symbol": "BXP", "reportedCurrency": "USD", "cik": "0001037540", "fillingDate": "2022-02-25", "acceptedDate": "2022-02-25 14:38:50", "calendarYear": "2021", "period": "FY", "revenue": 2888621000, "costOfRevenue": 1046356000, "grossProfit": 1842265000, "grossProfitRatio": 0.6377662559, "researchAndDevelopmentExpenses": 0, "generalAndAdministrativeExpenses": 151853000, "sellingAndMarketingExpenses": 0, "sellingGeneralAndAdministrativeExpenses": 151853000, "otherExpenses": 717336000, "operatingExpenses": 869189000, "costAndExpenses": 1915545000, "interestIncome": 5704000, "interestExpense": 423346000, "depreciationAndAmortization": 717336000, "ebitda": 1693546000, "ebitdaratio": 0.5862818279, "operatingIncome": 976210000, "operatingIncomeRatio": 0.3379501845, "totalOtherIncomeExpensesNet": -344278000, "incomeBeforeTax": 631932000, "incomeBeforeTaxRatio": 0.2187659786, "incomeTaxExpense": 547519000, "netIncome": 84413000, "netIncomeRatio": 0.0292225944, "eps": 0.54, "epsdiluted": 0.54, "weightedAverageShsOut": 156116000, "weightedAverageShsOutDil": 156376000, "link": "https://www.sec.gov/Archives/edgar/data/1037540/000165642322000013/0001656423-22-000013-index.htm", "finalLink": "https://www.sec.gov/Archives/edgar/data/1037540/000165642322000013/bxp-20211231.htm", "calculatedOtherExpenses": 714202000, "calculatedOperatingExpenses": 866055000, "calculatedNetInterest": -417642000, "calculatedOtherIncome": 73364000, "calculatedIncomeNonControlling": 0, "calculatedEbitda": 1693546000}, {"date": "2020-12-31", "symbol": "BXP", "reportedCurrency": "USD", "cik": "0001037540", "fillingDate": "2021-02-26", "acceptedDate": "2021-02-26 13:01:59", "calendarYear": "2020", "period": "FY", "revenue": 2765686000, "costOfRevenue": 1041970000, "grossProfit": 1723716000, "grossProfitRatio": 0.6232507956, "researchAndDevelopmentExpenses": 0, "generalAndAdministrativeExpenses": 133112000, "sellingAndMarketingExpenses": 0, "sellingGeneralAndAdministrativeExpenses": 133112000, "otherExpenses": 683751000, "operatingExpenses": 816863000, "costAndExpenses": 1858833000, "interestIncome": 5953000, "interestExpense": 431717000, "depreciationAndAmortization": 683751000, "ebitda": 1511447000, "ebitdaratio": 0.5464998557, "operatingIncome": 827696000, "operatingIncomeRatio": 0.2992733087, "totalOtherIncomeExpensesNet": 190995000, "incomeBeforeTax": 1018691000, "incomeBeforeTaxRatio": 0.3683321245, "incomeTaxExpense": 492947000, "netIncome": 525744000, "netIncomeRatio": 0.1900953326, "eps": 3.38, "epsdiluted": 3.38, "weightedAverageShsOut": 155432000, "weightedAverageShsOutDil": 155517000, "link": "https://www.sec.gov/Archives/edgar/data/1037540/000165642321000006/0001656423-21-000006-index.htm", "finalLink": "https://www.sec.gov/Archives/edgar/data/1037540/000165642321000006/bxp-20201231.htm", "calculatedOtherExpenses": 762908000, "calculatedOperatingExpenses": 896020000, "calculatedNetInterest": -425764000, "calculatedOtherIncome": 616759000, "calculatedIncomeNonControlling": 0, "calculatedEbitda": 1511447000}, {"date": "2019-12-31", "symbol": "BXP", "reportedCurrency": "USD", "cik": "0001037540", "fillingDate": "2020-03-02", "acceptedDate": "2020-03-02 10:14:37", "calendarYear": "2019", "period": "FY", "revenue": 2960562000, "costOfRevenue": 1094400000, "grossProfit": 1866162000, "grossProfitRatio": 0.6303404556, "researchAndDevelopmentExpenses": 0, "generalAndAdministrativeExpenses": 140777000, "sellingAndMarketingExpenses": 0, "sellingGeneralAndAdministrativeExpenses": 140777000, "otherExpenses": 677764000, "operatingExpenses": 818541000, "costAndExpenses": 1912941000, "interestIncome": 18939000, "interestExpense": 412717000, "depreciationAndAmortization": 677764000, "ebitda": 1790916000, "ebitdaratio": 0.6049243353, "operatingIncome": 1113152000, "operatingIncomeRatio": 0.3759934769, "totalOtherIncomeExpensesNet": -461153000, "incomeBeforeTax": 651999000, "incomeBeforeTaxRatio": 0.2202281189, "incomeTaxExpense": 589774000, "netIncome": 62225000, "netIncomeRatio": 0.0210179689, "eps": 0.4, "epsdiluted": 0.4, "weightedAverageShsOut": 154582000, "weightedAverageShsOutDil": 154883000, "link": "https://www.sec.gov/Archives/edgar/data/1037540/000165642320000007/0001656423-20-000007-index.htm", "finalLink": "https://www.sec.gov/Archives/edgar/data/1037540/000165642320000007/bxpandbplp201910-k.htm", "calculatedOtherExpenses": 612233000, "calculatedOperatingExpenses": 753010000, "calculatedNetInterest": -393778000, "calculatedOtherIncome": -67375000, "calculatedIncomeNonControlling": 0, "calculatedEbitda": 1790916000}, {"date": "2018-12-31", "symbol": "BXP", "reportedCurrency": "USD", "cik": "0001037540", "fillingDate": "2019-02-28", "acceptedDate": "2019-02-28 17:00:35", "calendarYear": "2018", "period": "FY", "revenue": 2717076000, "costOfRevenue": 1022604000, "grossProfit": 1694472000, "grossProfitRatio": 0.623638058, "researchAndDevelopmentExpenses": 0, "generalAndAdministrativeExpenses": 121722000, "sellingAndMarketingExpenses": 0, "sellingGeneralAndAdministrativeExpenses": 121722000, "otherExpenses": 645649000, "operatingExpenses": 767371000, "costAndExpenses": 1789975000, "interestIncome": 10823000, "interestExpense": 378168000, "depreciationAndAmortization": 645649000, "ebitda": 1585795000, "ebitdaratio": 0.5836402809, "operatingIncome": 913685000, "operatingIncomeRatio": 0.3362750987, "totalOtherIncomeExpensesNet": 38118000, "incomeBeforeTax": 597874000, "incomeBeforeTaxRatio": 0.220043164, "incomeTaxExpense": 177046000, "netIncome": 582849000, "netIncomeRatio": 0.2145133224, "eps": 3.77, "epsdiluted": 3.77, "weightedAverageShsOut": 154427000, "weightedAverageShsOutDil": 154682000, "link": "https://www.sec.gov/Archives/edgar/data/1037540/000165642319000006/0001656423-19-000006-index.htm", "finalLink": "https://www.sec.gov/Archives/edgar/data/1037540/000165642319000006/bxpandbplp201810-k.htm", "calculatedOtherExpenses": 659065000, "calculatedOperatingExpenses": 780787000, "calculatedNetInterest": -367345000, "calculatedOtherIncome": 51534000, "calculatedIncomeNonControlling": -162021000, "calculatedEbitda": 1559334000}, {"date": "2017-12-31", "symbol": "BXP", "reportedCurrency": "USD", "cik": "0001037540", "fillingDate": "2018-02-28", "acceptedDate": "2018-02-28 16:06:22", "calendarYear": "2017", "period": "FY", "revenue": 2602076000, "costOfRevenue": 962036000, "grossProfit": 1640040000, "grossProfitRatio": 0.63028136, "researchAndDevelopmentExpenses": 0, "generalAndAdministrativeExpenses": 113715000, "sellingAndMarketingExpenses": 0, "sellingGeneralAndAdministrativeExpenses": 113715000, "otherExpenses": 617547000, "operatingExpenses": 731262000, "costAndExpenses": 1693298000, "interestIncome": 5783000, "interestExpense": 374481000, "depreciationAndAmortization": 617547000, "ebitda": 1543340000, "ebitdaratio": 0.5931187252, "operatingIncome": 908110000, "operatingIncomeRatio": 0.3489944183, "totalOtherIncomeExpensesNet": 14738000, "incomeBeforeTax": 554818000, "incomeBeforeTaxRatio": 0.2132212895, "incomeTaxExpense": 478092000, "netIncome": 462439000, "netIncomeRatio": 0.1777192519, "eps": 2.93, "epsdiluted": 2.93, "weightedAverageShsOut": 154190000, "weightedAverageShsOutDil": 154390000, "link": "https://www.sec.gov/Archives/edgar/data/1037540/000165642318000004/0001656423-18-000004-index.htm", "finalLink": "https://www.sec.gov/Archives/edgar/data/1037540/000165642318000004/bxpandbplp201710-k.htm", "calculatedOtherExpenses": 618215000, "calculatedOperatingExpenses": 731930000, "calculatedNetInterest": -368698000, "calculatedOtherIncome": 15406000, "calculatedIncomeNonControlling": -385713000, "calculatedEbitda": 1525657000}, {"date": "2016-12-31", "symbol": "BXP", "reportedCurrency": "USD", "cik": "0001037540", "fillingDate": "2017-02-28", "acceptedDate": "2017-02-28 15:06:12", "calendarYear": "2016", "period": "FY", "revenue": 2550820000, "costOfRevenue": 921234000, "grossProfit": 1629586000, "grossProfitRatio": 0.6388478999, "researchAndDevelopmentExpenses": 0, "generalAndAdministrativeExpenses": 105229000, "sellingAndMarketingExpenses": 0, "sellingGeneralAndAdministrativeExpenses": 105229000, "otherExpenses": 694403000, "operatingExpenses": 801508000, "costAndExpenses": 1722742000, "interestIncome": 7230000, "interestExpense": 412849000, "depreciationAndAmortization": 696279000, "ebitda": 1539661000, "ebitdaratio": 0.6035945304, "operatingIncome": 823908000, "operatingIncomeRatio": 0.3229973107, "totalOtherIncomeExpensesNet": 65036000, "incomeBeforeTax": 487495000, "incomeBeforeTaxRatio": 0.1911130538, "incomeTaxExpense": 397316000, "netIncome": 511102000, "netIncomeRatio": 0.2003677249, "eps": 3.27, "epsdiluted": 3.26, "weightedAverageShsOut": 153715000, "weightedAverageShsOutDil": 153977000, "link": "https://www.sec.gov/Archives/edgar/data/1037540/000165642317000003/0001656423-17-000003-index.htm", "finalLink": "https://www.sec.gov/Archives/edgar/data/1037540/000165642317000003/bxpandbplp201610-k.htm", "calculatedOtherExpenses": 700449000, "calculatedOperatingExpenses": 805678000, "calculatedNetInterest": -405619000, "calculatedOtherIncome": 69206000, "calculatedIncomeNonControlling": -420923000, "calculatedEbitda": 1520187000}, {"date": "2015-12-31", "symbol": "BXP", "reportedCurrency": "USD", "cik": "0001037540", "fillingDate": "2016-02-29", "acceptedDate": "2016-02-29 15:00:44", "calendarYear": "2015", "period": "FY", "revenue": 2490821000, "costOfRevenue": 904336000, "grossProfit": 1586485000, "grossProfitRatio": 0.6369325616, "researchAndDevelopmentExpenses": 0, "generalAndAdministrativeExpenses": 96319000, "sellingAndMarketingExpenses": 0, "sellingGeneralAndAdministrativeExpenses": 96319000, "otherExpenses": 639542000, "operatingExpenses": 735861000, "costAndExpenses": 1640197000, "interestIncome": 6777000, "interestExpense": 432196000, "depreciationAndAmortization": 639542000, "ebitda": 1519713000, "ebitdaratio": 0.6101253362, "operatingIncome": 849365000, "operatingIncomeRatio": 0.3409980083, "totalOtherIncomeExpensesNet": -1182000, "incomeBeforeTax": 424023000, "incomeBeforeTaxRatio": 0.170234232, "incomeTaxExpense": 295883000, "netIncome": 583106000, "netIncomeRatio": 0.2341019286, "eps": 3.73, "epsdiluted": 3.72, "weightedAverageShsOut": 153471000, "weightedAverageShsOutDil": 153844000, "link": "https://www.sec.gov/Archives/edgar/data/1037540/000165642316000013/0001656423-16-000013-index.htm", "finalLink": "https://www.sec.gov/Archives/edgar/data/1037540/000165642316000013/bxpandbplp201510-k.htm", "calculatedOtherExpenses": 640801000, "calculatedOperatingExpenses": 737120000, "calculatedNetInterest": -425419000, "calculatedOtherIncome": 77000, "calculatedIncomeNonControlling": -454966000, "calculatedEbitda": 1488907000}, {"date": "2014-12-31", "symbol": "BXP", "reportedCurrency": "USD", "cik": "0001037540", "fillingDate": "2015-03-02", "acceptedDate": "2015-03-02 15:38:04", "calendarYear": "2014", "period": "FY", "revenue": 2396998000, "costOfRevenue": 864526000, "grossProfit": 1532472000, "grossProfitRatio": 0.6393296949, "researchAndDevelopmentExpenses": 0, "generalAndAdministrativeExpenses": 98937000, "sellingAndMarketingExpenses": 0, "sellingGeneralAndAdministrativeExpenses": 98937000, "otherExpenses": 628573000, "operatingExpenses": 727510000, "costAndExpenses": 1592036000, "interestIncome": 8765000, "interestExpense": 455743000, "depreciationAndAmortization": 628573000, "ebitda": 1455069000, "ebitdaratio": 0.6070380534, "operatingIncome": 801822000, "operatingIncomeRatio": 0.3345109174, "totalOtherIncomeExpensesNet": 34000, "incomeBeforeTax": 358018000, "incomeBeforeTaxRatio": 0.1493609924, "incomeTaxExpense": 382919000, "netIncome": 443611000, "netIncomeRatio": 0.1850694077, "eps": 2.83, "epsdiluted": 2.83, "weightedAverageShsOut": 153089000, "weightedAverageShsOutDil": 153308000, "link": "https://www.sec.gov/Archives/edgar/data/1037540/000119312515073115/0001193125-15-073115-index.htm", "finalLink": "https://www.sec.gov/Archives/edgar/data/1037540/000119312515073115/d846762d10k.htm", "calculatedOtherExpenses": 631713000, "calculatedOperatingExpenses": 730650000, "calculatedNetInterest": -446978000, "calculatedOtherIncome": 3174000, "calculatedIncomeNonControlling": -468512000, "calculatedEbitda": 1430395000}, {"date": "2013-12-31", "symbol": "BXP", "reportedCurrency": "USD", "cik": "0001037540", "fillingDate": "2014-02-28", "acceptedDate": "2014-02-28 17:22:48", "calendarYear": "2013", "period": "FY", "revenue": 2135539000, "costOfRevenue": 771403000, "grossProfit": 1364136000, "grossProfitRatio": 0.6387783131, "researchAndDevelopmentExpenses": 0, "generalAndAdministrativeExpenses": 115329000, "sellingAndMarketingExpenses": 0, "sellingGeneralAndAdministrativeExpenses": 115329000, "otherExpenses": 560637000, "operatingExpenses": 675966000, "costAndExpenses": 1447369000, "interestIncome": 8310000, "interestExpense": 446880000, "depreciationAndAmortization": 560637000, "ebitda": 1332191000, "ebitdaratio": 0.6238195603, "operatingIncome": 678120000, "operatingIncomeRatio": 0.317540443, "totalOtherIncomeExpensesNet": 454048000, "incomeBeforeTax": 703648000, "incomeBeforeTaxRatio": 0.3294943337, "incomeTaxExpense": 475791000, "netIncome": 749811000, "netIncomeRatio": 0.3511108905, "eps": 4.87, "epsdiluted": 4.86, "weightedAverageShsOut": 152201000, "weightedAverageShsOutDil": 152521000, "link": "https://www.sec.gov/Archives/edgar/data/1037540/000119312514077846/0001193125-14-077846-index.htm", "finalLink": "https://www.sec.gov/Archives/edgar/data/1037540/000119312514077846/d636175d10k.htm", "calculatedOtherExpenses": 570687000, "calculatedOperatingExpenses": 686016000, "calculatedNetInterest": -438570000, "calculatedOtherIncome": 464098000, "calculatedIncomeNonControlling": -521954000, "calculatedEbitda": 1238757000}, {"date": "2012-12-31", "symbol": "BXP", "reportedCurrency": "USD", "cik": "0001037540", "fillingDate": "2013-02-28", "acceptedDate": "2013-02-28 17:13:01", "calendarYear": "2012", "period": "FY", "revenue": 1876267000, "costOfRevenue": 685483000, "grossProfit": 1190784000, "grossProfitRatio": 0.6346559418, "researchAndDevelopmentExpenses": 0, "generalAndAdministrativeExpenses": 82382000, "sellingAndMarketingExpenses": 0, "sellingGeneralAndAdministrativeExpenses": 82382000, "otherExpenses": 453068000, "operatingExpenses": 535450000, "costAndExpenses": 1220933000, "interestIncome": 10091000, "interestExpense": 413564000, "depreciationAndAmortization": 453068000, "ebitda": 1167571000, "ebitdaratio": 0.6222840353, "operatingIncome": 651681000, "operatingIncomeRatio": 0.3473284986, "totalOtherIncomeExpensesNet": 42361000, "incomeBeforeTax": 294222000, "incomeBeforeTaxRatio": 0.1568124366, "incomeTaxExpense": 467214000, "netIncome": 289650000, "netIncomeRatio": 0.1543756832, "eps": 1.93, "epsdiluted": 1.92, "weightedAverageShsOut": 150120000, "weightedAverageShsOutDil": 150711000, "link": "https://www.sec.gov/Archives/edgar/data/1037540/000119312513084781/0001193125-13-084781-index.htm", "finalLink": "https://www.sec.gov/Archives/edgar/data/1037540/000119312513084781/d440480d10k.htm", "calculatedOtherExpenses": 456721000, "calculatedOperatingExpenses": 539103000, "calculatedNetInterest": -403473000, "calculatedOtherIncome": 46014000, "calculatedIncomeNonControlling": -462642000, "calculatedEbitda": 1104749000}, {"date": "2011-12-31", "symbol": "BXP", "reportedCurrency": "USD", "cik": "0001037540", "fillingDate": "2012-02-28", "acceptedDate": "2012-02-28 17:15:09", "calendarYear": "2011", "period": "FY", "revenue": 1759526000, "costOfRevenue": 620105000, "grossProfit": 1139421000, "grossProfitRatio": 0.6475726986, "researchAndDevelopmentExpenses": 0, "generalAndAdministrativeExpenses": 81442000, "sellingAndMarketingExpenses": 0, "sellingGeneralAndAdministrativeExpenses": 81442000, "otherExpenses": 439184000, "operatingExpenses": 520626000, "costAndExpenses": 1140731000, "interestIncome": 5358000, "interestExpense": 394131000, "depreciationAndAmortization": 439184000, "ebitda": 1060071000, "ebitdaratio": 0.6024753257, "operatingIncome": 618640000, "operatingIncomeRatio": 0.3515946908, "totalOtherIncomeExpensesNet": 83804000, "incomeBeforeTax": 313826000, "incomeBeforeTaxRatio": 0.1783582624, "incomeTaxExpense": 432012000, "netIncome": 272679000, "netIncomeRatio": 0.154972987, "eps": 1.87, "epsdiluted": 1.86, "weightedAverageShsOut": 145693000, "weightedAverageShsOutDil": 146218000, "link": "https://www.sec.gov/Archives/edgar/data/1037540/000119312512085764/0001193125-12-085764-index.htm", "finalLink": "https://www.sec.gov/Archives/edgar/data/1037540/000119312512085764/d277704d10k.htm", "calculatedOtherExpenses": 439339000, "calculatedOperatingExpenses": 520781000, "calculatedNetInterest": -388773000, "calculatedOtherIncome": 83959000, "calculatedIncomeNonControlling": -390865000, "calculatedEbitda": 1057824000}, {"date": "2010-12-31", "symbol": "BXP", "reportedCurrency": "USD", "cik": "0001037540", "fillingDate": "2011-02-25", "acceptedDate": "2011-02-25 16:39:20", "calendarYear": "2010", "period": "FY", "revenue": 1550804000, "costOfRevenue": 526847000, "grossProfit": 1023957000, "grossProfitRatio": 0.6602749284, "researchAndDevelopmentExpenses": 0, "generalAndAdministrativeExpenses": 79658000, "sellingAndMarketingExpenses": 0, "sellingGeneralAndAdministrativeExpenses": 79658000, "otherExpenses": 331171000, "operatingExpenses": 410829000, "costAndExpenses": 937676000, "interestIncome": 7332000, "interestExpense": 378079000, "depreciationAndAmortization": 338371000, "ebitda": 1043061000, "ebitdaratio": 0.6725936998, "operatingIncome": 610514000, "operatingIncomeRatio": 0.3936757966, "totalOtherIncomeExpensesNet": -54788000, "incomeBeforeTax": 159072000, "incomeBeforeTaxRatio": 0.1025738907, "incomeTaxExpense": 490830000, "netIncome": 159072000, "netIncomeRatio": 0.1025738907, "eps": 1.14, "epsdiluted": 1.14, "weightedAverageShsOut": 139440000, "weightedAverageShsOutDil": 140057000, "link": "https://www.sec.gov/Archives/edgar/data/1037540/000119312511047496/0001193125-11-047496-index.htm", "finalLink": "https://www.sec.gov/Archives/edgar/data/1037540/000119312511047496/d10k.htm", "calculatedOtherExpenses": 333785000, "calculatedOperatingExpenses": 413443000, "calculatedNetInterest": -370747000, "calculatedOtherIncome": -80695000, "calculatedIncomeNonControlling": -490830000, "calculatedEbitda": 948885000}, {"date": "2009-12-31", "symbol": "BXP", "reportedCurrency": "USD", "cik": "0001037540", "fillingDate": "2010-02-25", "acceptedDate": "2010-02-25 16:57:24", "calendarYear": "2009", "period": "FY", "revenue": 1522249000, "costOfRevenue": 525765000, "grossProfit": 996484000, "grossProfitRatio": 0.6546130101, "researchAndDevelopmentExpenses": 0, "generalAndAdministrativeExpenses": 75447000, "sellingAndMarketingExpenses": 0, "sellingGeneralAndAdministrativeExpenses": 75447000, "otherExpenses": 321681000, "operatingExpenses": 397128000, "costAndExpenses": 922893000, "interestIncome": 0, "interestExpense": 322833000, "depreciationAndAmortization": 321681000, "ebitda": 883435000, "ebitdaratio": 0.5803485501, "operatingIncome": 276523000, "operatingIncomeRatio": 0.1816542497, "totalOtherIncomeExpensesNet": 49660000, "incomeBeforeTax": 231014000, "incomeBeforeTaxRatio": 0.1517583523, "incomeTaxExpense": 380400000, "netIncome": 231014000, "netIncomeRatio": 0.1517583523, "eps": 1.76, "epsdiluted": 1.76, "weightedAverageShsOut": 131050000, "weightedAverageShsOutDil": 131512000, "link": "https://www.sec.gov/Archives/edgar/data/1037540/000119312510040826/0001193125-10-040826-index.htm", "finalLink": "https://www.sec.gov/Archives/edgar/data/1037540/000119312510040826/d10k.htm", "calculatedOtherExpenses": 644514000, "calculatedOperatingExpenses": 719961000, "calculatedNetInterest": -322833000, "calculatedOtherIncome": 277324000, "calculatedIncomeNonControlling": -380400000, "calculatedEbitda": 598204000}, {"date": "2008-12-31", "symbol": "BXP", "reportedCurrency": "USD", "cik": "0001037540", "fillingDate": "2009-03-02", "acceptedDate": "2009-03-02 17:02:47", "calendarYear": "2008", "period": "FY", "revenue": 1488400000, "costOfRevenue": 515540000, "grossProfit": 972860000, "grossProfitRatio": 0.653628057, "researchAndDevelopmentExpenses": 0, "generalAndAdministrativeExpenses": 69882000, "sellingAndMarketingExpenses": 2483000, "sellingGeneralAndAdministrativeExpenses": 72365000, "otherExpenses": 304147000, "operatingExpenses": 376512000, "costAndExpenses": 892052000, "interestIncome": 0, "interestExpense": 271972000, "depreciationAndAmortization": 304147000, "ebitda": 874371000, "ebitdaratio": 0.5874570008, "operatingIncome": 324376000, "operatingIncomeRatio": 0.2179360387, "totalOtherIncomeExpensesNet": -155894000, "incomeBeforeTax": 168482000, "incomeBeforeTaxRatio": 0.1131967213, "incomeTaxExpense": 289098000, "netIncome": 125232000, "netIncomeRatio": 0.0841386724, "eps": 0.88, "epsdiluted": 0.87, "weightedAverageShsOut": 119980000, "weightedAverageShsOutDil": 121299000, "link": "https://www.sec.gov/Archives/edgar/data/1037540/000119312509042701/0001193125-09-042701-index.htm", "finalLink": "https://www.sec.gov/Archives/edgar/data/1037540/000119312509042701/d10k.htm", "calculatedOtherExpenses": 576119000, "calculatedOperatingExpenses": 648484000, "calculatedNetInterest": -271972000, "calculatedOtherIncome": 116078000, "calculatedIncomeNonControlling": -245848000, "calculatedEbitda": 628523000}, {"date": "2007-12-31", "symbol": "BXP", "reportedCurrency": "USD", "cik": "0001037540", "fillingDate": "2008-02-29", "acceptedDate": "2008-02-29 17:01:40", "calendarYear": "2007", "period": "FY", "revenue": 1482289000, "costOfRevenue": 483605000, "grossProfit": 998684000, "grossProfitRatio": 0.6737444587, "researchAndDevelopmentExpenses": 0, "generalAndAdministrativeExpenses": 69882000, "sellingAndMarketingExpenses": 0, "sellingGeneralAndAdministrativeExpenses": 69882000, "otherExpenses": 289447000, "operatingExpenses": 359329000, "costAndExpenses": 842934000, "interestIncome": 0, "interestExpense": 0, "depreciationAndAmortization": 288978000, "ebitda": 928333000, "ebitdaratio": 0.6262834036, "operatingIncome": 353468000, "operatingIncomeRatio": 0.2384609209, "totalOtherIncomeExpensesNet": 0, "incomeBeforeTax": 0, "incomeBeforeTaxRatio": 0, "incomeTaxExpense": -685335000, "netIncome": 1324690000, "netIncomeRatio": 0.8936786281, "eps": 11.11, "epsdiluted": 10.94, "weightedAverageShsOut": 118839000, "weightedAverageShsOutDil": 120780000, "link": "https://www.sec.gov/Archives/edgar/data/1037540/000119312508043857/0001193125-08-043857-index.htm", "finalLink": "https://www.sec.gov/Archives/edgar/data/1037540/000119312508043857/d10k.htm", "calculatedOtherExpenses": 575334000, "calculatedOperatingExpenses": 645216000, "calculatedNetInterest": 0, "calculatedOtherIncome": -353468000, "calculatedIncomeNonControlling": -639355000, "calculatedEbitda": 642446000}, {"date": "2006-12-31", "symbol": "BXP", "reportedCurrency": "USD", "cik": "0001037540", "fillingDate": "2007-03-01", "acceptedDate": "2007-03-01 17:23:27", "calendarYear": "2006", "period": "FY", "revenue": 1477586000, "costOfRevenue": 497352000, "grossProfit": 980234000, "grossProfitRatio": 0.6634023333, "researchAndDevelopmentExpenses": 0, "generalAndAdministrativeExpenses": 59375000, "sellingAndMarketingExpenses": 0, "sellingGeneralAndAdministrativeExpenses": 59375000, "otherExpenses": 308902000, "operatingExpenses": 368277000, "costAndExpenses": 865629000, "interestIncome": 0, "interestExpense": 0, "depreciationAndAmortization": 276759000, "ebitda": 888716000, "ebitdaratio": 0.6014648217, "operatingIncome": 313697000, "operatingIncomeRatio": 0.212303717, "totalOtherIncomeExpensesNet": 0, "incomeBeforeTax": 0, "incomeBeforeTaxRatio": 0, "incomeTaxExpense": -261678000, "netIncome": 873635000, "netIncomeRatio": 0.5912583092, "eps": 7.62, "epsdiluted": 7.46, "weightedAverageShsOut": 114721000, "weightedAverageShsOutDil": 117077000, "link": "https://www.sec.gov/Archives/edgar/data/1037540/000119312507044560/0001193125-07-044560-index.htm", "finalLink": "https://www.sec.gov/Archives/edgar/data/1037540/000119312507044560/d10k.htm", "calculatedOtherExpenses": 607162000, "calculatedOperatingExpenses": 666537000, "calculatedNetInterest": 0, "calculatedOtherIncome": -313697000, "calculatedIncomeNonControlling": -611957000, "calculatedEbitda": 590456000}, {"date": "2005-12-31", "symbol": "BXP", "reportedCurrency": "USD", "cik": "0001037540", "fillingDate": "2006-03-16", "acceptedDate": "2006-03-16 17:15:23", "calendarYear": "2005", "period": "FY", "revenue": 1437635000, "costOfRevenue": 490024000, "grossProfit": 947611000, "grossProfitRatio": 0.6591457498, "researchAndDevelopmentExpenses": 0, "generalAndAdministrativeExpenses": 55471000, "sellingAndMarketingExpenses": 0, "sellingGeneralAndAdministrativeExpenses": 55471000, "otherExpenses": 279725000, "operatingExpenses": 335196000, "costAndExpenses": 825220000, "interestIncome": 0, "interestExpense": 0, "depreciationAndAmortization": 267641000, "ebitda": 880056000, "ebitdaratio": 0.6121553802, "operatingIncome": 304324000, "operatingIncomeRatio": 0.2116837723, "totalOtherIncomeExpensesNet": 0, "incomeBeforeTax": 0, "incomeBeforeTaxRatio": 0, "incomeTaxExpense": 174123000, "netIncome": 438292000, "netIncomeRatio": 0.3048701513, "eps": 3.94, "epsdiluted": 3.86, "weightedAverageShsOut": 111274000, "weightedAverageShsOutDil": 113559000, "link": "https://www.sec.gov/Archives/edgar/data/1037540/000119312506056870/0001193125-06-056870-index.htm", "finalLink": "https://www.sec.gov/Archives/edgar/data/1037540/000119312506056870/d10k.htm", "calculatedOtherExpenses": 587816000, "calculatedOperatingExpenses": 643287000, "calculatedNetInterest": 0, "calculatedOtherIncome": -304324000, "calculatedIncomeNonControlling": -612415000, "calculatedEbitda": 571965000}, {"date": "2004-12-31", "symbol": "BXP", "reportedCurrency": "USD", "cik": "0001037540", "fillingDate": "2005-03-15", "acceptedDate": "2005-03-15 12:28:45", "calendarYear": "2004", "period": "FY", "revenue": 1400465000, "costOfRevenue": 474746000, "grossProfit": 925719000, "grossProfitRatio": 0.661008308, "researchAndDevelopmentExpenses": 0, "generalAndAdministrativeExpenses": 53636000, "sellingAndMarketingExpenses": 0, "sellingGeneralAndAdministrativeExpenses": 53636000, "otherExpenses": 258514000, "operatingExpenses": 312150000, "costAndExpenses": 786896000, "interestIncome": 0, "interestExpense": 0, "depreciationAndAmortization": 252941000, "ebitda": 858361000, "ebitdaratio": 0.6129114258, "operatingIncome": 307399000, "operatingIncomeRatio": 0.2194978097, "totalOtherIncomeExpensesNet": 8149000, "incomeBeforeTax": 315548000, "incomeBeforeTaxRatio": 0.2253165913, "incomeTaxExpense": 329552000, "netIncome": 284017000, "netIncomeRatio": 0.2028019265, "eps": 2.67, "epsdiluted": 2.61, "weightedAverageShsOut": 106458000, "weightedAverageShsOutDil": 108762000, "link": "https://www.sec.gov/Archives/edgar/data/1037540/000119312505050590/0001193125-05-050590-index.htm", "finalLink": "https://www.sec.gov/Archives/edgar/data/1037540/000119312505050590/d10k.htm", "calculatedOtherExpenses": 564684000, "calculatedOperatingExpenses": 618320000, "calculatedNetInterest": 0, "calculatedOtherIncome": 8149000, "calculatedIncomeNonControlling": -298021000, "calculatedEbitda": 560340000}, {"date": "2003-12-31", "symbol": "BXP", "reportedCurrency": "USD", "cik": "0001037540", "fillingDate": "2004-02-26", "acceptedDate": "2004-02-25 22:01:01", "calendarYear": "2003", "period": "FY", "revenue": 1309628000, "costOfRevenue": 452889000, "grossProfit": 856739000, "grossProfitRatio": 0.6541850052, "researchAndDevelopmentExpenses": 0, "generalAndAdministrativeExpenses": 45359000, "sellingAndMarketingExpenses": 0, "sellingGeneralAndAdministrativeExpenses": 45359000, "otherExpenses": 211110000, "operatingExpenses": 256469000, "costAndExpenses": 709358000, "interestIncome": 0, "interestExpense": 0, "depreciationAndAmortization": 210477000, "ebitda": 754647000, "ebitdaratio": 0.576230044, "operatingIncome": 299360000, "operatingIncomeRatio": 0.2285839948, "totalOtherIncomeExpensesNet": 56100000, "incomeBeforeTax": 365322000, "incomeBeforeTaxRatio": 0.2789509693, "incomeTaxExpense": 234948000, "netIncome": 365322000, "netIncomeRatio": 0.2789509693, "eps": 3.71, "epsdiluted": 3.65, "weightedAverageShsOut": 96900000, "weightedAverageShsOutDil": 98486000, "link": "https://www.sec.gov/Archives/edgar/data/1037540/000119312504029645/0001193125-04-029645-index.htm", "finalLink": "https://www.sec.gov/Archives/edgar/data/1037540/000119312504029645/d10k.htm", "calculatedOtherExpenses": 512020000, "calculatedOperatingExpenses": 557379000, "calculatedNetInterest": 0, "calculatedOtherIncome": 65962000, "calculatedIncomeNonControlling": -234948000, "calculatedEbitda": 509837000}, {"date": "2002-12-31", "symbol": "BXP", "reportedCurrency": "USD", "cik": "0001037540", "fillingDate": "2003-02-27", "acceptedDate": "2003-02-27 10:34:25", "calendarYear": "2002", "period": "FY", "revenue": 1234823000, "costOfRevenue": 416577000, "grossProfit": 818246000, "grossProfitRatio": 0.6626423382, "researchAndDevelopmentExpenses": 0, "generalAndAdministrativeExpenses": 47292000, "sellingAndMarketingExpenses": 0, "sellingGeneralAndAdministrativeExpenses": 47292000, "otherExpenses": 202348000, "operatingExpenses": 249640000, "costAndExpenses": 666217000, "interestIncome": 0, "interestExpense": 0, "depreciationAndAmortization": 186429000, "ebitda": 755035000, "ebitdaratio": 0.6114520057, "operatingIncome": 296921000, "operatingIncomeRatio": 0.2404563245, "totalOtherIncomeExpensesNet": 443248000, "incomeBeforeTax": 444383000, "incomeBeforeTaxRatio": 0.3598758688, "incomeTaxExpense": 567471000, "netIncome": 444383000, "netIncomeRatio": 0.3598758688, "eps": 4.57, "epsdiluted": 4.5, "weightedAverageShsOut": 93145000, "weightedAverageShsOutDil": 94612000, "link": "https://www.sec.gov/Archives/edgar/data/1037540/000104746903006975/0001047469-03-006975-index.htm", "finalLink": "https://www.sec.gov/Archives/edgar/data/1037540/000104746903006975/a2104055z10-k.htm", "calculatedOtherExpenses": 474033000, "calculatedOperatingExpenses": 521325000, "calculatedNetInterest": 0, "calculatedOtherIncome": 147462000, "calculatedIncomeNonControlling": -567471000, "calculatedEbitda": 483350000}, {"date": "2001-12-31", "symbol": "BXP", "reportedCurrency": "USD", "cik": "0001037540", "fillingDate": "2002-03-01", "acceptedDate": "2002-03-01 00:00:00", "calendarYear": "2001", "period": "FY", "revenue": 1032978000, "costOfRevenue": 312294000, "grossProfit": 720684000, "grossProfitRatio": 0.6976760396, "researchAndDevelopmentExpenses": 0, "generalAndAdministrativeExpenses": 38312000, "sellingAndMarketingExpenses": 0, "sellingGeneralAndAdministrativeExpenses": 38312000, "otherExpenses": 130175000, "operatingExpenses": 168487000, "costAndExpenses": 480781000, "interestIncome": 0, "interestExpense": 0, "depreciationAndAmortization": 150163000, "ebitda": 719759000, "ebitdaratio": 0.6967805704, "operatingIncome": 302320000, "operatingIncomeRatio": 0.2926683821, "totalOtherIncomeExpensesNet": -17399000, "incomeBeforeTax": 208032000, "incomeBeforeTaxRatio": 0.2013905427, "incomeTaxExpense": 344165000, "netIncome": 208032000, "netIncomeRatio": 0.2013905427, "eps": 2.24, "epsdiluted": 2.19, "weightedAverageShsOut": 89928571, "weightedAverageShsOutDil": 91981735, "link": "https://www.sec.gov/Archives/edgar/data/1037540/000091205702008389/0000912057-02-008389-index.htm", "finalLink": "https://www.sec.gov/Archives/edgar/data/1037540/000091205702008389/a2072119z10-k.htm", "calculatedOtherExpenses": 380052000, "calculatedOperatingExpenses": 418364000, "calculatedNetInterest": 0, "calculatedOtherIncome": -94288000, "calculatedIncomeNonControlling": -344165000, "calculatedEbitda": 452483000}, {"date": "2000-12-31", "symbol": "BXP", "reportedCurrency": "USD", "cik": "0001037540", "fillingDate": "2001-03-30", "acceptedDate": "2001-03-30 00:00:00", "calendarYear": "2000", "period": "FY", "revenue": 879353000, "costOfRevenue": 264701000, "grossProfit": 614652000, "grossProfitRatio": 0.6989820925, "researchAndDevelopmentExpenses": 0, "generalAndAdministrativeExpenses": 35659000, "sellingAndMarketingExpenses": 0, "sellingGeneralAndAdministrativeExpenses": 35659000, "otherExpenses": 132816000, "operatingExpenses": 168475000, "costAndExpenses": 433176000, "interestIncome": 0, "interestExpense": 0, "depreciationAndAmortization": 133150000, "ebitda": 579895000, "ebitdaratio": 0.6594564413, "operatingIncome": 228779000, "operatingIncomeRatio": 0.2601674185, "totalOtherIncomeExpensesNet": -568000, "incomeBeforeTax": 228211000, "incomeBeforeTaxRatio": 0.2595214891, "incomeTaxExpense": 293179000, "netIncome": 152998000, "netIncomeRatio": 0.1739892853, "eps": 2.05, "epsdiluted": 2.05, "weightedAverageShsOut": 71427317, "weightedAverageShsOutDil": 71427317, "link": "https://www.sec.gov/Archives/edgar/data/1037540/000092701601500108/0000927016-01-500108-index.htm", "finalLink": "https://www.sec.gov/Archives/edgar/data/1037540/000092701601500108/d10k405.txt", "calculatedOtherExpenses": 350214000, "calculatedOperatingExpenses": 385873000, "calculatedNetInterest": 0, "calculatedOtherIncome": -568000, "calculatedIncomeNonControlling": -217966000, "calculatedEbitda": 361929000}, {"date": "1999-12-31", "symbol": "BXP", "reportedCurrency": "USD", "cik": "0001037540", "fillingDate": "2000-03-24", "acceptedDate": "2000-03-24 00:00:00", "calendarYear": "1999", "period": "FY", "revenue": 786564000, "costOfRevenue": 249268000, "grossProfit": 537296000, "grossProfitRatio": 0.6830925392, "researchAndDevelopmentExpenses": 0, "generalAndAdministrativeExpenses": 29455000, "sellingAndMarketingExpenses": 0, "sellingGeneralAndAdministrativeExpenses": 29455000, "otherExpenses": 120059000, "operatingExpenses": 149514000, "costAndExpenses": 398782000, "interestIncome": 0, "interestExpense": 0, "depreciationAndAmortization": 120059000, "ebitda": 507841000, "ebitdaratio": 0.6456448553, "operatingIncome": 182372000, "operatingIncomeRatio": 0.2318590731, "totalOtherIncomeExpensesNet": 0, "incomeBeforeTax": 0, "incomeBeforeTaxRatio": 0, "incomeTaxExpense": 268006000, "netIncome": 119776000, "netIncomeRatio": 0.1522775006, "eps": 1.72, "epsdiluted": 1.71, "weightedAverageShsOut": 66235000, "weightedAverageShsOutDil": 66776000, "link": "https://www.sec.gov/Archives/edgar/data/1037540/000092701600000992/0000927016-00-000992-index.html", "finalLink": "https://www.sec.gov/Archives/edgar/data/1037540/000092701600000992/", "calculatedOtherExpenses": 325469000, "calculatedOperatingExpenses": 354924000, "calculatedNetInterest": 0, "calculatedOtherIncome": -182372000, "calculatedIncomeNonControlling": -387782000, "calculatedEbitda": 302431000}, {"date": "1998-12-31", "symbol": "BXP", "reportedCurrency": "USD", "cik": "0001037540", "fillingDate": "1999-03-31", "acceptedDate": "1999-03-31 00:00:00", "calendarYear": "1998", "period": "FY", "revenue": 513847000, "costOfRevenue": 150490000, "grossProfit": 363357000, "grossProfitRatio": 0.7071307218, "researchAndDevelopmentExpenses": 0, "generalAndAdministrativeExpenses": 22504000, "sellingAndMarketingExpenses": 0, "sellingGeneralAndAdministrativeExpenses": 22504000, "otherExpenses": 75418000, "operatingExpenses": 97922000, "costAndExpenses": 248412000, "interestIncome": 0, "interestExpense": 0, "depreciationAndAmortization": 75418000, "ebitda": 340853000, "ebitdaratio": 0.6633355843, "operatingIncome": 140575000, "operatingIncomeRatio": 0.2735736513, "totalOtherIncomeExpensesNet": 0, "incomeBeforeTax": 0, "incomeBeforeTaxRatio": 0, "incomeTaxExpense": 172323000, "netIncome": 93112000, "netIncomeRatio": 0.1812056896, "eps": 1.53, "epsdiluted": 1.52, "weightedAverageShsOut": 60776000, "weightedAverageShsOutDil": 61308000, "link": "https://www.sec.gov/Archives/edgar/data/1037540/000092701699001232/0000927016-99-001232-index.html", "finalLink": "https://www.sec.gov/Archives/edgar/data/1037540/", "calculatedOtherExpenses": 200278000, "calculatedOperatingExpenses": 222782000, "calculatedNetInterest": 0, "calculatedOtherIncome": -140575000, "calculatedIncomeNonControlling": -265435000, "calculatedEbitda": 215993000}, {"date": "1997-12-31", "symbol": "BXP", "reportedCurrency": "USD", "cik": "0001037540", "fillingDate": "1998-03-31", "acceptedDate": "1998-03-31 00:00:00", "calendarYear": "1997", "period": "FY", "revenue": 275461000, "costOfRevenue": 89577000, "grossProfit": 185884000, "grossProfitRatio": 0.6748105902, "researchAndDevelopmentExpenses": 0, "generalAndAdministrativeExpenses": 0, "sellingAndMarketingExpenses": 0, "sellingGeneralAndAdministrativeExpenses": 11805000, "otherExpenses": 38773000, "operatingExpenses": 50578000, "costAndExpenses": 140155000, "interestIncome": 0, "interestExpense": 0, "depreciationAndAmortization": 38773000, "ebitda": 174079000, "ebitdaratio": 0.6319551588, "operatingIncome": 43718000, "operatingIncomeRatio": 0.1587084923, "totalOtherIncomeExpensesNet": 0, "incomeBeforeTax": 0, "incomeBeforeTaxRatio": 0, "incomeTaxExpense": 95550000, "netIncome": 39756000, "netIncomeRatio": 0.144325331, "eps": 0.91, "epsdiluted": 0.9, "weightedAverageShsOut": 38694000, "weightedAverageShsOutDil": 39108000, "link": "https://www.sec.gov/Archives/edgar/data/1037540/000092701698001298/0000927016-98-001298-index.html", "finalLink": "https://www.sec.gov/Archives/edgar/data/1037540/", "calculatedOtherExpenses": 130361000, "calculatedOperatingExpenses": 142166000, "calculatedNetInterest": 0, "calculatedOtherIncome": -43718000, "calculatedIncomeNonControlling": -135306000, "calculatedEbitda": 82491000}]}