{"originalCurrency": "USD", "convertedCurrency": "USD", "report": [{"date": "2023-12-31", "symbol": "BYD", "reportedCurrency": "USD", "cik": "0000906553", "fillingDate": "2024-02-26", "acceptedDate": "2024-02-26 16:02:20", "calendarYear": "2023", "period": "FY", "revenue": 3738492000, "costOfRevenue": 1976700000, "grossProfit": 1761792000, "grossProfitRatio": 0.4712573947, "researchAndDevelopmentExpenses": 3882000, "generalAndAdministrativeExpenses": 498289000, "sellingAndMarketingExpenses": 188361000, "sellingGeneralAndAdministrativeExpenses": 686650000, "otherExpenses": -64774000, "operatingExpenses": 751424000, "costAndExpenses": 2728124000, "interestIncome": 23714000, "interestExpense": 171247000, "depreciationAndAmortization": 256779999, "ebitda": 1267148000, "ebitdaratio": 0.3389462917, "operatingIncome": 1010368000, "operatingIncomeRatio": 0.2702608431, "totalOtherIncomeExpensesNet": -257461000, "incomeBeforeTax": 752907000, "incomeBeforeTaxRatio": 0.2013932356, "incomeTaxExpense": 132883999, "netIncome": 620023000, "netIncomeRatio": 0.1658484223, "eps": 6.12, "epsdiluted": 6.12, "weightedAverageShsOut": 101325000, "weightedAverageShsOutDil": 101373000, "link": "https://www.sec.gov/Archives/edgar/data/906553/000143774924005525/0001437749-24-005525-index.htm", "finalLink": "https://www.sec.gov/Archives/edgar/data/906553/000143774924005525/bgc20231231_10k.htm", "calculatedOtherExpenses": 60892000, "calculatedOperatingExpenses": 751424000, "calculatedNetInterest": -147533000, "calculatedOtherIncome": -109928000, "calculatedIncomeNonControlling": 1, "calculatedEbitda": 1267147999}, {"date": "2022-12-31", "symbol": "BYD", "reportedCurrency": "USD", "cik": "0000906553", "fillingDate": "2023-02-24", "acceptedDate": "2023-02-24 16:16:03", "calendarYear": "2022", "period": "FY", "revenue": 3555377000, "costOfRevenue": 1565204000, "grossProfit": 1990173000, "grossProfitRatio": 0.5597642669, "researchAndDevelopmentExpenses": 600000, "generalAndAdministrativeExpenses": 480580000, "sellingAndMarketingExpenses": 18700000, "sellingGeneralAndAdministrativeExpenses": 480580000, "otherExpenses": 487594000, "operatingExpenses": 968174000, "costAndExpenses": 2533378000, "interestIncome": 21530000, "interestExpense": 151249000, "depreciationAndAmortization": 317600000, "ebitda": 1298824000, "ebitdaratio": 0.3653125955, "operatingIncome": 981224000, "operatingIncomeRatio": 0.2759831095, "totalOtherIncomeExpensesNet": -152418000, "incomeBeforeTax": 828806000, "incomeBeforeTaxRatio": 0.2331133942, "incomeTaxExpense": 189429000, "netIncome": 639377000, "netIncomeRatio": 0.1798338123, "eps": 5.87, "epsdiluted": 5.87, "weightedAverageShsOut": 108885000, "weightedAverageShsOutDil": 109004000, "link": "https://www.sec.gov/Archives/edgar/data/906553/000143774923004538/0001437749-23-004538-index.htm", "finalLink": "https://www.sec.gov/Archives/edgar/data/906553/000143774923004538/bgc20221231_10k.htm", "calculatedOtherExpenses": 527769000, "calculatedOperatingExpenses": 1008949000, "calculatedNetInterest": -129719000, "calculatedOtherIncome": -22699000, "calculatedIncomeNonControlling": 0, "calculatedEbitda": 1298824000}, {"date": "2021-12-31", "symbol": "BYD", "reportedCurrency": "USD", "cik": "0000906553", "fillingDate": "2022-02-28", "acceptedDate": "2022-02-28 17:01:03", "calendarYear": "2021", "period": "FY", "revenue": 3369810000, "costOfRevenue": 1432480000, "grossProfit": 1937330000, "grossProfitRatio": 0.5749077841, "researchAndDevelopmentExpenses": 0, "generalAndAdministrativeExpenses": 470858000, "sellingAndMarketingExpenses": 16100000, "sellingGeneralAndAdministrativeExpenses": 470858000, "otherExpenses": 558168000, "operatingExpenses": 1029026000, "costAndExpenses": 2461506000, "interestIncome": 1819000, "interestExpense": 199442000, "depreciationAndAmortization": 274419000, "ebitda": 1174523000, "ebitdaratio": 0.3485427962, "operatingIncome": 900104000, "operatingIncomeRatio": 0.2671082346, "totalOtherIncomeExpensesNet": -296165000, "incomeBeforeTax": 603939000, "incomeBeforeTaxRatio": 0.1792204902, "incomeTaxExpense": 140093000, "netIncome": 463846000, "netIncomeRatio": 0.1376475232, "eps": 4.07, "epsdiluted": 4.07, "weightedAverageShsOut": 113866000, "weightedAverageShsOutDil": 114103000, "link": "https://www.sec.gov/Archives/edgar/data/906553/000143774922004655/0001437749-22-004655-index.htm", "finalLink": "https://www.sec.gov/Archives/edgar/data/906553/000143774922004655/bgc20211231_10k.htm", "calculatedOtherExpenses": 566368000, "calculatedOperatingExpenses": 1037226000, "calculatedNetInterest": -197623000, "calculatedOtherIncome": -98542000, "calculatedIncomeNonControlling": 0, "calculatedEbitda": 1174523000}, {"date": "2020-12-31", "symbol": "BYD", "reportedCurrency": "USD", "cik": "0000906553", "fillingDate": "2021-03-01", "acceptedDate": "2021-03-01 08:43:24", "calendarYear": "2020", "period": "FY", "revenue": 2178490000, "costOfRevenue": 1037088000, "grossProfit": 1141402000, "grossProfitRatio": 0.5239418129, "researchAndDevelopmentExpenses": 0, "generalAndAdministrativeExpenses": 452265000, "sellingAndMarketingExpenses": 20200000, "sellingGeneralAndAdministrativeExpenses": 452265000, "otherExpenses": 500174000, "operatingExpenses": 952439000, "costAndExpenses": 1989527000, "interestIncome": 1900000, "interestExpense": 230484000, "depreciationAndAmortization": 281031000, "ebitda": 516992000, "ebitdaratio": 0.2373166735, "operatingIncome": 235961000, "operatingIncomeRatio": 0.1083140157, "totalOtherIncomeExpensesNet": -406975000, "incomeBeforeTax": -171014000, "incomeBeforeTaxRatio": -0.0785011637, "incomeTaxExpense": -36314000, "netIncome": -134700000, "netIncomeRatio": -0.0618318193, "eps": -1.19, "epsdiluted": -1.19, "weightedAverageShsOut": 113515000, "weightedAverageShsOutDil": 113515000, "link": "https://www.sec.gov/Archives/edgar/data/906553/000143774921004478/0001437749-21-004478-index.htm", "finalLink": "https://www.sec.gov/Archives/edgar/data/906553/000143774921004478/bgc20201231b_10k.htm", "calculatedOtherExpenses": 453176000, "calculatedOperatingExpenses": 905441000, "calculatedNetInterest": -228584000, "calculatedOtherIncome": -178391000, "calculatedIncomeNonControlling": 0, "calculatedEbitda": 516992000}, {"date": "2019-12-31", "symbol": "BYD", "reportedCurrency": "USD", "cik": "0000906553", "fillingDate": "2020-02-27", "acceptedDate": "2020-02-27 16:35:29", "calendarYear": "2019", "period": "FY", "revenue": 3326119000, "costOfRevenue": 1736217000, "grossProfit": 1589902000, "grossProfitRatio": 0.4780051465, "researchAndDevelopmentExpenses": 0, "generalAndAdministrativeExpenses": 557306000, "sellingAndMarketingExpenses": 44700000, "sellingGeneralAndAdministrativeExpenses": 557306000, "otherExpenses": 560028000, "operatingExpenses": 1117334000, "costAndExpenses": 2853551000, "interestIncome": 1858000, "interestExpense": 237465000, "depreciationAndAmortization": 278541000, "ebitda": 751109000, "ebitdaratio": 0.2258214454, "operatingIncome": 472568000, "operatingIncomeRatio": 0.1420778992, "totalOtherIncomeExpensesNet": -270442000, "incomeBeforeTax": 202126000, "incomeBeforeTaxRatio": 0.060769323, "incomeTaxExpense": 44490000, "netIncome": 157636000, "netIncomeRatio": 0.0473933735, "eps": 1.39, "epsdiluted": 1.38, "weightedAverageShsOut": 113474000, "weightedAverageShsOutDil": 113947000, "link": "https://www.sec.gov/Archives/edgar/data/906553/000143774920003765/0001437749-20-003765-index.htm", "finalLink": "https://www.sec.gov/Archives/edgar/data/906553/000143774920003765/bgc20190819_10k.htm", "calculatedOtherExpenses": 560028000, "calculatedOperatingExpenses": 1117334000, "calculatedNetInterest": -235607000, "calculatedOtherIncome": -34835000, "calculatedIncomeNonControlling": 0, "calculatedEbitda": 751109000}, {"date": "2018-12-31", "symbol": "BYD", "reportedCurrency": "USD", "cik": "0000906553", "fillingDate": "2019-03-01", "acceptedDate": "2019-03-01 16:22:10", "calendarYear": "2018", "period": "FY", "revenue": 2626730000, "costOfRevenue": 1371379000, "grossProfit": 1255351000, "grossProfitRatio": 0.4779139843, "researchAndDevelopmentExpenses": 0, "generalAndAdministrativeExpenses": 389995000, "sellingAndMarketingExpenses": 33700000, "sellingGeneralAndAdministrativeExpenses": 389995000, "otherExpenses": 276000, "operatingExpenses": 899074000, "costAndExpenses": 2270453000, "interestIncome": 3721000, "interestExpense": 204188000, "depreciationAndAmortization": 229979000, "ebitda": 590253000, "ebitdaratio": 0.224710191, "operatingIncome": 355284000, "operatingIncomeRatio": 0.1352571448, "totalOtherIncomeExpensesNet": -778000, "incomeBeforeTax": 155032000, "incomeBeforeTaxRatio": 0.0590209119, "incomeTaxExpense": 40331000, "netIncome": 115048000, "netIncomeRatio": 0.0437989439, "eps": 1.01, "epsdiluted": 1, "weightedAverageShsOut": 114401000, "weightedAverageShsOutDil": 115071000, "link": "https://www.sec.gov/Archives/edgar/data/906553/000090655319000009/0000906553-19-000009-index.htm", "finalLink": "https://www.sec.gov/Archives/edgar/data/906553/000090655319000009/byd10k2018.htm", "calculatedOtherExpenses": 510072000, "calculatedOperatingExpenses": 900067000, "calculatedNetInterest": -200467000, "calculatedOtherIncome": 215000, "calculatedIncomeNonControlling": -347000, "calculatedEbitda": 585263000}, {"date": "2017-12-31", "symbol": "BYD", "reportedCurrency": "USD", "cik": "0000906553", "fillingDate": "2018-02-26", "acceptedDate": "2018-02-26 17:19:14", "calendarYear": "2017", "period": "FY", "revenue": 2400819000, "costOfRevenue": 1263921000, "grossProfit": 1136898000, "grossProfitRatio": 0.4735459025, "researchAndDevelopmentExpenses": 0, "generalAndAdministrativeExpenses": 88148000, "sellingAndMarketingExpenses": 29900000, "sellingGeneralAndAdministrativeExpenses": 362037000, "otherExpenses": 184000, "operatingExpenses": 793523000, "costAndExpenses": 2057444000, "interestIncome": 1818000, "interestExpense": 173108000, "depreciationAndAmortization": 217522000, "ebitda": 562899000, "ebitdaratio": 0.2344612401, "operatingIncome": 343801000, "operatingIncomeRatio": 0.1432015491, "totalOtherIncomeExpensesNet": -972000, "incomeBeforeTax": 171113000, "incomeBeforeTaxRatio": 0.0712727615, "incomeTaxExpense": 3115000, "netIncome": 189390000, "netIncomeRatio": 0.0788855803, "eps": 1.65, "epsdiluted": 1.64, "weightedAverageShsOut": 114957000, "weightedAverageShsOutDil": 115628000, "link": "https://www.sec.gov/Archives/edgar/data/906553/000090655318000011/0000906553-18-000011-index.htm", "finalLink": "https://www.sec.gov/Archives/edgar/data/906553/000090655318000011/byd10k2017.htm", "calculatedOtherExpenses": 431060000, "calculatedOperatingExpenses": 793097000, "calculatedNetInterest": -171290000, "calculatedOtherIncome": -1398000, "calculatedIncomeNonControlling": -21392000, "calculatedEbitda": 561323000}, {"date": "2016-12-31", "symbol": "BYD", "reportedCurrency": "USD", "cik": "0000906553", "fillingDate": "2017-02-23", "acceptedDate": "2017-02-23 17:15:01", "calendarYear": "2016", "period": "FY", "revenue": 2183976000, "costOfRevenue": 1171733000, "grossProfit": 1012243000, "grossProfitRatio": 0.4634863204, "researchAndDevelopmentExpenses": 0, "generalAndAdministrativeExpenses": 72668000, "sellingAndMarketingExpenses": 32299999, "sellingGeneralAndAdministrativeExpenses": 322009000, "otherExpenses": -545000, "operatingExpenses": 713314000, "costAndExpenses": 1885047000, "interestIncome": 2961000, "interestExpense": 212692000, "depreciationAndAmortization": 196226000, "ebitda": 497571000, "ebitdaratio": 0.2278280531, "operatingIncome": 260627000, "operatingIncomeRatio": 0.1193360183, "totalOtherIncomeExpensesNet": -81211000, "incomeBeforeTax": 7987000, "incomeBeforeTaxRatio": 0.0036570915, "incomeTaxExpense": -197486000, "netIncome": 418003000, "netIncomeRatio": 0.1913954183, "eps": 3.65, "epsdiluted": 3.63, "weightedAverageShsOut": 114507000, "weightedAverageShsOutDil": 115189000, "link": "https://www.sec.gov/Archives/edgar/data/906553/000090655317000013/0000906553-17-000013-index.htm", "finalLink": "https://www.sec.gov/Archives/edgar/data/906553/000090655317000013/byd10k2016.htm", "calculatedOtherExpenses": 429607000, "calculatedOperatingExpenses": 751616000, "calculatedNetInterest": -209731000, "calculatedOtherIncome": -42909000, "calculatedIncomeNonControlling": -212530000, "calculatedEbitda": 456853000}, {"date": "2015-12-31", "symbol": "BYD", "reportedCurrency": "USD", "cik": "0000906553", "fillingDate": "2016-02-25", "acceptedDate": "2016-02-25 17:23:15", "calendarYear": "2015", "period": "FY", "revenue": 2199432000, "costOfRevenue": 1190824000, "grossProfit": 1008608000, "grossProfitRatio": 0.458576578, "researchAndDevelopmentExpenses": 0, "generalAndAdministrativeExpenses": 76941000, "sellingAndMarketingExpenses": 33400000, "sellingGeneralAndAdministrativeExpenses": 322420000, "otherExpenses": -3676000, "operatingExpenses": 645420000, "costAndExpenses": 1836244000, "interestIncome": 1858000, "interestExpense": 224590000, "depreciationAndAmortization": 207118000, "ebitda": 531066000, "ebitdaratio": 0.2414559759, "operatingIncome": 344623000, "operatingIncomeRatio": 0.156687272, "totalOtherIncomeExpensesNet": -100396000, "incomeBeforeTax": 40060000, "incomeBeforeTaxRatio": 0.0182137934, "incomeTaxExpense": -7174000, "netIncome": 47234000, "netIncomeRatio": 0.0214755446, "eps": 0.42, "epsdiluted": 0.42, "weightedAverageShsOut": 112789000, "weightedAverageShsOutDil": 113676000, "link": "https://www.sec.gov/Archives/edgar/data/906553/000090655316000053/0000906553-16-000053-index.htm", "finalLink": "https://www.sec.gov/Archives/edgar/data/906553/000090655316000053/byd10k2015.htm", "calculatedOtherExpenses": 341565000, "calculatedOperatingExpenses": 663985000, "calculatedNetInterest": -222732000, "calculatedOtherIncome": -81831000, "calculatedIncomeNonControlling": 0, "calculatedEbitda": 551741000}, {"date": "2014-12-31", "symbol": "BYD", "reportedCurrency": "USD", "cik": "0000906553", "fillingDate": "2015-02-27", "acceptedDate": "2015-02-27 16:23:00", "calendarYear": "2014", "period": "FY", "revenue": 2701319000, "costOfRevenue": 1474448000, "grossProfit": 1226871000, "grossProfitRatio": 0.4541747939, "researchAndDevelopmentExpenses": 0, "generalAndAdministrativeExpenses": 75626000, "sellingAndMarketingExpenses": 32200000, "sellingGeneralAndAdministrativeExpenses": 429529000, "otherExpenses": -48000, "operatingExpenses": 914575000, "costAndExpenses": 2389023000, "interestIncome": 1879000, "interestExpense": 283387000, "depreciationAndAmortization": 251044000, "ebitda": 555862000, "ebitdaratio": 0.2057742903, "operatingIncome": 251516000, "operatingIncomeRatio": 0.0931085888, "totalOtherIncomeExpensesNet": -71673000, "incomeBeforeTax": -40885000, "incomeBeforeTaxRatio": -0.0151351988, "incomeTaxExpense": 753000, "netIncome": -53041000, "netIncomeRatio": -0.0196352226, "eps": -0.48, "epsdiluted": -0.48, "weightedAverageShsOut": 109979000, "weightedAverageShsOutDil": 109979000, "link": "https://www.sec.gov/Archives/edgar/data/906553/000090655315000011/0000906553-15-000011-index.htm", "finalLink": "https://www.sec.gov/Archives/edgar/data/906553/000090655315000011/byd10k2014.htm", "calculatedOtherExpenses": 545826000, "calculatedOperatingExpenses": 975355000, "calculatedNetInterest": -281508000, "calculatedOtherIncome": -10893000, "calculatedIncomeNonControlling": 11403000, "calculatedEbitda": 502560000}, {"date": "2013-12-31", "symbol": "BYD", "reportedCurrency": "USD", "cik": "0000906553", "fillingDate": "2014-03-14", "acceptedDate": "2014-03-14 16:40:38", "calendarYear": "2013", "period": "FY", "revenue": 2894438000, "costOfRevenue": 1586862000, "grossProfit": 1307576000, "grossProfitRatio": 0.4517547102, "researchAndDevelopmentExpenses": 0, "generalAndAdministrativeExpenses": 63249000, "sellingAndMarketingExpenses": 426977000, "sellingGeneralAndAdministrativeExpenses": 490226000, "otherExpenses": 2090000, "operatingExpenses": 1018892000, "costAndExpenses": 2605754000, "interestIncome": 2147000, "interestExpense": 344330000, "depreciationAndAmortization": 278413000, "ebitda": 571334000, "ebitdaratio": 0.1973903051, "operatingIncome": 278301000, "operatingIncomeRatio": 0.0961502717, "totalOtherIncomeExpensesNet": -62495000, "incomeBeforeTax": -115994000, "incomeBeforeTaxRatio": -0.0400747917, "incomeTaxExpense": 3350000, "netIncome": -80264000, "netIncomeRatio": -0.0277304264, "eps": -0.83, "epsdiluted": -0.83, "weightedAverageShsOut": 96865957, "weightedAverageShsOutDil": 97243000, "link": "https://www.sec.gov/Archives/edgar/data/906553/000090655314000011/0000906553-14-000011-index.htm", "finalLink": "https://www.sec.gov/Archives/edgar/data/906553/000090655314000011/byd10k2013.htm", "calculatedOtherExpenses": 539049000, "calculatedOperatingExpenses": 1029275000, "calculatedNetInterest": -342183000, "calculatedOtherIncome": -52112000, "calculatedIncomeNonControlling": -39080000, "calculatedEbitda": 556714000}, {"date": "2012-12-31", "symbol": "BYD", "reportedCurrency": "USD", "cik": "0000906553", "fillingDate": "2013-03-18", "acceptedDate": "2013-03-18 08:12:00", "calendarYear": "2012", "period": "FY", "revenue": 2487426000, "costOfRevenue": 1397591000, "grossProfit": 1089835000, "grossProfitRatio": 0.4381376572, "researchAndDevelopmentExpenses": 0, "generalAndAdministrativeExpenses": 50719000, "sellingAndMarketingExpenses": 38300000, "sellingGeneralAndAdministrativeExpenses": 452926000, "otherExpenses": -137000, "operatingExpenses": 891184000, "costAndExpenses": 2288775000, "interestIncome": 1169000, "interestExpense": 290004000, "depreciationAndAmortization": 214332000, "ebitda": 414015000, "ebitdaratio": 0.1664431424, "operatingIncome": -854875000, "operatingIncomeRatio": -0.3436785657, "totalOtherIncomeExpensesNet": -1053663000, "incomeBeforeTax": -1143847000, "incomeBeforeTaxRatio": -0.45985167, "incomeTaxExpense": -220772000, "netIncome": -908865000, "netIncomeRatio": -0.365383734, "eps": -10.37, "epsdiluted": -10.37, "weightedAverageShsOut": 87619767, "weightedAverageShsOutDil": 87652000, "link": "https://www.sec.gov/Archives/edgar/data/906553/000090655313000019/0000906553-13-000019-index.htm", "finalLink": "https://www.sec.gov/Archives/edgar/data/906553/000090655313000019/byd10k2012r.htm", "calculatedOtherExpenses": 1491784000, "calculatedOperatingExpenses": 1944710000, "calculatedNetInterest": -288835000, "calculatedOtherIncome": -137000, "calculatedIncomeNonControlling": -14210000, "calculatedEbitda": -640543000}, {"date": "2011-12-31", "symbol": "BYD", "reportedCurrency": "USD", "cik": "0000906553", "fillingDate": "2012-03-07", "acceptedDate": "2012-03-07 17:10:50", "calendarYear": "2011", "period": "FY", "revenue": 2336238000, "costOfRevenue": 1180727000, "grossProfit": 1155511000, "grossProfitRatio": 0.4946032896, "researchAndDevelopmentExpenses": 0, "generalAndAdministrativeExpenses": 0, "sellingAndMarketingExpenses": 0, "sellingGeneralAndAdministrativeExpenses": 604099000, "otherExpenses": 209401000, "operatingExpenses": 922407000, "costAndExpenses": 2103134000, "interestIncome": 46000, "interestExpense": 250731000, "depreciationAndAmortization": 195343000, "ebitda": 428493000, "ebitdaratio": 0.183411536, "operatingIncome": 233150000, "operatingIncomeRatio": 0.0997971953, "totalOtherIncomeExpensesNet": 11303000, "incomeBeforeTax": -6278000, "incomeBeforeTaxRatio": -0.0026872262, "incomeTaxExpense": 1721000, "netIncome": -3854000, "netIncomeRatio": -0.0016496607, "eps": -0.0441, "epsdiluted": -0.0441, "weightedAverageShsOut": 87339000, "weightedAverageShsOutDil": 87339000, "link": "https://www.sec.gov/Archives/edgar/data/906553/000090655312000005/0000906553-12-000005-index.htm", "finalLink": "https://www.sec.gov/Archives/edgar/data/906553/000090655312000005/byd10k2011.htm", "calculatedOtherExpenses": 318262000, "calculatedOperatingExpenses": 922361000, "calculatedNetInterest": -250685000, "calculatedOtherIncome": 11257000, "calculatedIncomeNonControlling": -4145000, "calculatedEbitda": 428493000}, {"date": "2010-12-31", "symbol": "BYD", "reportedCurrency": "USD", "cik": "0000906553", "fillingDate": "2011-03-15", "acceptedDate": "2011-03-15 15:41:25", "calendarYear": "2010", "period": "FY", "revenue": 2140899000, "costOfRevenue": 1189439000, "grossProfit": 951460000, "grossProfitRatio": 0.4444207784, "researchAndDevelopmentExpenses": 0, "generalAndAdministrativeExpenses": 0, "sellingAndMarketingExpenses": 0, "sellingGeneralAndAdministrativeExpenses": 571680000, "otherExpenses": 199275000, "operatingExpenses": 770955000, "costAndExpenses": 1960394000, "interestIncome": 5000, "interestExpense": 168699000, "depreciationAndAmortization": 199275000, "ebitda": 387931000, "ebitdaratio": 0.1812000473, "operatingIncome": 188656000, "operatingIncomeRatio": 0.0881199907, "totalOtherIncomeExpensesNet": 6967000, "incomeBeforeTax": 26924000, "incomeBeforeTaxRatio": 0.0125760253, "incomeTaxExpense": 8236000, "netIncome": 10310000, "netIncomeRatio": 0.004815734, "eps": 0.12, "epsdiluted": 0.12, "weightedAverageShsOut": 86601000, "weightedAverageShsOutDil": 86831000, "link": "https://www.sec.gov/Archives/edgar/data/906553/000144530511000424/0001445305-11-000424-index.htm", "finalLink": "https://www.sec.gov/Archives/edgar/data/906553/000144530511000424/byd10k2010.htm", "calculatedOtherExpenses": 191124000, "calculatedOperatingExpenses": 762804000, "calculatedNetInterest": -168694000, "calculatedOtherIncome": 6962000, "calculatedIncomeNonControlling": 8378000, "calculatedEbitda": 387931000}, {"date": "2009-12-31", "symbol": "BYD", "reportedCurrency": "USD", "cik": "0000906553", "fillingDate": "2010-03-05", "acceptedDate": "2010-03-05 15:45:21", "calendarYear": "2009", "period": "FY", "revenue": 1640986000, "costOfRevenue": 908064000, "grossProfit": 732922000, "grossProfitRatio": 0.4466351328, "researchAndDevelopmentExpenses": 0, "generalAndAdministrativeExpenses": 0, "sellingAndMarketingExpenses": 0, "sellingGeneralAndAdministrativeExpenses": 442648000, "otherExpenses": 164427000, "operatingExpenses": 607075000, "costAndExpenses": 1515139000, "interestIncome": 6000, "interestExpense": 146830000, "depreciationAndAmortization": 164427000, "ebitda": 362406000, "ebitdaratio": 0.2208464911, "operatingIncome": 197979000, "operatingIncomeRatio": 0.1206463675, "totalOtherIncomeExpensesNet": -45832000, "incomeBeforeTax": 5317000, "incomeBeforeTaxRatio": 0.0032401251, "incomeTaxExpense": 1076000, "netIncome": 4241000, "netIncomeRatio": 0.0025844218, "eps": 0.05, "epsdiluted": 0.05, "weightedAverageShsOut": 86429000, "weightedAverageShsOutDil": 86517000, "link": "https://www.sec.gov/Archives/edgar/data/906553/000119312510048887/0001193125-10-048887-index.htm", "finalLink": "https://www.sec.gov/Archives/edgar/data/906553/000119312510048887/d10k.htm", "calculatedOtherExpenses": 92295000, "calculatedOperatingExpenses": 534943000, "calculatedNetInterest": -146824000, "calculatedOtherIncome": -45838000, "calculatedIncomeNonControlling": 0, "calculatedEbitda": 362406000}, {"date": "2008-12-31", "symbol": "BYD", "reportedCurrency": "USD", "cik": "0000906553", "fillingDate": "2009-03-02", "acceptedDate": "2009-03-02 16:53:43", "calendarYear": "2008", "period": "FY", "revenue": 1780967000, "costOfRevenue": 968012000, "grossProfit": 812955000, "grossProfitRatio": 0.4564683119, "researchAndDevelopmentExpenses": 0, "generalAndAdministrativeExpenses": 0, "sellingAndMarketingExpenses": 0, "sellingGeneralAndAdministrativeExpenses": 468222000, "otherExpenses": 498162000, "operatingExpenses": 966384000, "costAndExpenses": 1934396000, "interestIncome": -1070000, "interestExpense": 412303000, "depreciationAndAmortization": 173734000, "ebitda": 336501000, "ebitdaratio": 0.1889428608, "operatingIncome": 162767000, "operatingIncomeRatio": 0.0913924851, "totalOtherIncomeExpensesNet": -316196000, "incomeBeforeTax": -249536000, "incomeBeforeTaxRatio": -0.1401126467, "incomeTaxExpense": -26531000, "netIncome": -223005000, "netIncomeRatio": -0.1252156834, "eps": -2.54, "epsdiluted": -2.54, "weightedAverageShsOut": 87854000, "weightedAverageShsOutDil": 87854000, "link": "https://www.sec.gov/Archives/edgar/data/906553/000119312509042674/0001193125-09-042674-index.htm", "finalLink": "https://www.sec.gov/Archives/edgar/data/906553/000119312509042674/d10k.htm", "calculatedOtherExpenses": 181966000, "calculatedOperatingExpenses": 650188000, "calculatedNetInterest": -413373000, "calculatedOtherIncome": 1070000, "calculatedIncomeNonControlling": 0, "calculatedEbitda": 336501000}, {"date": "2007-12-31", "symbol": "BYD", "reportedCurrency": "USD", "cik": "0000906553", "fillingDate": "2008-02-29", "acceptedDate": "2008-02-29 15:52:36", "calendarYear": "2007", "period": "FY", "revenue": 1997119000, "costOfRevenue": 1057797000, "grossProfit": 939322000, "grossProfitRatio": 0.4703385226, "researchAndDevelopmentExpenses": 0, "generalAndAdministrativeExpenses": 0, "sellingAndMarketingExpenses": 0, "sellingGeneralAndAdministrativeExpenses": 490166000, "otherExpenses": 94924000, "operatingExpenses": 585090000, "costAndExpenses": 1642887000, "interestIncome": 119000, "interestExpense": -52022000, "depreciationAndAmortization": 171139000, "ebitda": 486179000, "ebitdaratio": 0.2434401756, "operatingIncome": 315040000, "operatingIncomeRatio": 0.1577472349, "totalOtherIncomeExpensesNet": 39192000, "incomeBeforeTax": 184935000, "incomeBeforeTaxRatio": 0.0926008916, "incomeTaxExpense": 64027000, "netIncome": 303035000, "netIncomeRatio": 0.1517360758, "eps": 3.46, "epsdiluted": 3.42, "weightedAverageShsOut": 87567000, "weightedAverageShsOutDil": 88608000, "link": "https://www.sec.gov/Archives/edgar/data/906553/000119312508043612/0001193125-08-043612-index.htm", "finalLink": "https://www.sec.gov/Archives/edgar/data/906553/000119312508043612/d10k.htm", "calculatedOtherExpenses": 134116000, "calculatedOperatingExpenses": 624282000, "calculatedNetInterest": 52141000, "calculatedOtherIncome": -182246000, "calculatedIncomeNonControlling": -182127000, "calculatedEbitda": 486179000}, {"date": "2006-12-31", "symbol": "BYD", "reportedCurrency": "USD", "cik": "0000906553", "fillingDate": "2007-03-01", "acceptedDate": "2007-03-01 13:54:16", "calendarYear": "2006", "period": "FY", "revenue": 2192634000, "costOfRevenue": 1189741000, "grossProfit": 1002893000, "grossProfitRatio": 0.4573918857, "researchAndDevelopmentExpenses": 0, "generalAndAdministrativeExpenses": 0, "sellingAndMarketingExpenses": 0, "sellingGeneralAndAdministrativeExpenses": 487062000, "otherExpenses": 111181000, "operatingExpenses": 598243000, "costAndExpenses": 1787984000, "interestIncome": 0, "interestExpense": 137401000, "depreciationAndAmortization": 212673000, "ebitda": 552343000, "ebitdaratio": 0.2519084352, "operatingIncome": 339670000, "operatingIncomeRatio": 0.1549141352, "totalOtherIncomeExpensesNet": 64980000, "incomeBeforeTax": 246839000, "incomeBeforeTaxRatio": 0.112576472, "incomeTaxExpense": 85491000, "netIncome": 116778000, "netIncomeRatio": 0.0532592307, "eps": 1.32, "epsdiluted": 1.3, "weightedAverageShsOut": 88380000, "weightedAverageShsOutDil": 89593000, "link": "https://www.sec.gov/Archives/edgar/data/906553/000090655307000003/0000906553-07-000003-index.htm", "finalLink": "https://www.sec.gov/Archives/edgar/data/906553/000090655307000003/form10k.htm", "calculatedOtherExpenses": 176161000, "calculatedOperatingExpenses": 663223000, "calculatedNetInterest": -137401000, "calculatedOtherIncome": 44570000, "calculatedIncomeNonControlling": 44570000, "calculatedEbitda": 552343000}, {"date": "2005-12-31", "symbol": "BYD", "reportedCurrency": "USD", "cik": "0000906553", "fillingDate": "2006-03-14", "acceptedDate": "2006-03-14 16:07:39", "calendarYear": "2005", "period": "FY", "revenue": 2223020000, "costOfRevenue": 1194018000, "grossProfit": 1029002000, "grossProfitRatio": 0.4628847244, "researchAndDevelopmentExpenses": 0, "generalAndAdministrativeExpenses": 0, "sellingAndMarketingExpenses": 0, "sellingGeneralAndAdministrativeExpenses": 482317000, "otherExpenses": 144199000, "operatingExpenses": 626516000, "costAndExpenses": 1820534000, "interestIncome": 224000, "interestExpense": 171674000, "depreciationAndAmortization": 179723000, "ebitda": 580057000, "ebitdaratio": 0.2609319754, "operatingIncome": 400334000, "operatingIncomeRatio": 0.1800856493, "totalOtherIncomeExpensesNet": 2152000, "incomeBeforeTax": 245099000, "incomeBeforeTaxRatio": 0.1102549685, "incomeTaxExpense": 84050000, "netIncome": 144610000, "netIncomeRatio": 0.0650511466, "eps": 1.63, "epsdiluted": 1.6, "weightedAverageShsOut": 88528000, "weightedAverageShsOutDil": 90507000, "link": "https://www.sec.gov/Archives/edgar/data/906553/000119312506053694/0001193125-06-053694-index.htm", "finalLink": "https://www.sec.gov/Archives/edgar/data/906553/000119312506053694/d10k.htm", "calculatedOtherExpenses": 146351000, "calculatedOperatingExpenses": 628668000, "calculatedNetInterest": -171450000, "calculatedOtherIncome": 16215000, "calculatedIncomeNonControlling": 16439000, "calculatedEbitda": 580057000}, {"date": "2004-12-31", "symbol": "BYD", "reportedCurrency": "USD", "cik": "0000906553", "fillingDate": "2005-03-15", "acceptedDate": "2005-03-15 06:27:42", "calendarYear": "2004", "period": "FY", "revenue": 1734058000, "costOfRevenue": 978335000, "grossProfit": 755723000, "grossProfitRatio": 0.4358118356, "researchAndDevelopmentExpenses": 0, "generalAndAdministrativeExpenses": 0, "sellingAndMarketingExpenses": 0, "sellingGeneralAndAdministrativeExpenses": 395070000, "otherExpenses": 58161000, "operatingExpenses": 453231000, "costAndExpenses": 1431566000, "interestIncome": 186000, "interestExpense": 50980000, "depreciationAndAmortization": 136126000, "ebitda": 374205000, "ebitdaratio": 0.2157972801, "operatingIncome": 238079000, "operatingIncomeRatio": 0.137295869, "totalOtherIncomeExpensesNet": 64413000, "incomeBeforeTax": 187099000, "incomeBeforeTaxRatio": 0.1078966217, "incomeTaxExpense": 75645000, "netIncome": 111454000, "netIncomeRatio": 0.0642735133, "eps": 1.27, "epsdiluted": 1.27, "weightedAverageShsOut": 72988000, "weightedAverageShsOutDil": 78235000, "link": "https://www.sec.gov/Archives/edgar/data/906553/000119312505050057/0001193125-05-050057-index.htm", "finalLink": "https://www.sec.gov/Archives/edgar/data/906553/000119312505050057/d10k.htm", "calculatedOtherExpenses": 122574000, "calculatedOperatingExpenses": 517644000, "calculatedNetInterest": -50794000, "calculatedOtherIncome": -186000, "calculatedIncomeNonControlling": 0, "calculatedEbitda": 374205000}, {"date": "2003-12-31", "symbol": "BYD", "reportedCurrency": "USD", "cik": "0000906553", "fillingDate": "2004-03-04", "acceptedDate": "2004-03-04 15:58:41", "calendarYear": "2003", "period": "FY", "revenue": 1253070000, "costOfRevenue": 757843000, "grossProfit": 495227000, "grossProfitRatio": 0.3952109619, "researchAndDevelopmentExpenses": 0, "generalAndAdministrativeExpenses": 0, "sellingAndMarketingExpenses": 0, "sellingGeneralAndAdministrativeExpenses": 250761000, "otherExpenses": 95666000, "operatingExpenses": 346427000, "costAndExpenses": 1104270000, "interestIncome": 318000, "interestExpense": 93181000, "depreciationAndAmortization": 94224000, "ebitda": 253220000, "ebitdaratio": 0.2020796923, "operatingIncome": 158996000, "operatingIncomeRatio": 0.12688517, "totalOtherIncomeExpensesNet": -10196000, "incomeBeforeTax": 65815000, "incomeBeforeTaxRatio": 0.0525230035, "incomeTaxExpense": 24882000, "netIncome": 40933000, "netIncomeRatio": 0.0326661719, "eps": 0.64, "epsdiluted": 0.62, "weightedAverageShsOut": 63957812, "weightedAverageShsOutDil": 66020968, "link": "https://www.sec.gov/Archives/edgar/data/906553/000119312504034617/0001193125-04-034617-index.htm", "finalLink": "https://www.sec.gov/Archives/edgar/data/906553/000119312504034617/d10k.htm", "calculatedOtherExpenses": 85470000, "calculatedOperatingExpenses": 336231000, "calculatedNetInterest": -92863000, "calculatedOtherIncome": -318000, "calculatedIncomeNonControlling": 0, "calculatedEbitda": 253220000}, {"date": "2002-12-31", "symbol": "BYD", "reportedCurrency": "USD", "cik": "0000906553", "fillingDate": "2003-03-27", "acceptedDate": "2003-03-27 14:53:45", "calendarYear": "2002", "period": "FY", "revenue": 1228901000, "costOfRevenue": 687129000, "grossProfit": 541772000, "grossProfitRatio": 0.4408589463, "researchAndDevelopmentExpenses": 0, "generalAndAdministrativeExpenses": 0, "sellingAndMarketingExpenses": 0, "sellingGeneralAndAdministrativeExpenses": 283402000, "otherExpenses": 93895000, "operatingExpenses": 377297000, "costAndExpenses": 1064426000, "interestIncome": 448000, "interestExpense": 114596000, "depreciationAndAmortization": 90077000, "ebitda": 273425000, "ebitdaratio": 0.2224955468, "operatingIncome": 183348000, "operatingIncomeRatio": 0.1491967213, "totalOtherIncomeExpensesNet": -18873000, "incomeBeforeTax": 76964000, "incomeBeforeTaxRatio": 0.0626283159, "incomeTaxExpense": 28740000, "netIncome": 40012000, "netIncomeRatio": 0.0325591728, "eps": 0.62, "epsdiluted": 0.61, "weightedAverageShsOut": 63818000, "weightedAverageShsOutDil": 65593443, "link": "https://www.sec.gov/Archives/edgar/data/906553/000101706203000539/0001017062-03-000539-index.htm", "finalLink": "https://www.sec.gov/Archives/edgar/data/906553/000101706203000539/d10k.htm", "calculatedOtherExpenses": 75022000, "calculatedOperatingExpenses": 358424000, "calculatedNetInterest": -114148000, "calculatedOtherIncome": 7764000, "calculatedIncomeNonControlling": 8212000, "calculatedEbitda": 273425000}, {"date": "2001-12-31", "symbol": "BYD", "reportedCurrency": "USD", "cik": "0000906553", "fillingDate": "2002-03-22", "acceptedDate": "2002-03-22 00:00:00", "calendarYear": "2001", "period": "FY", "revenue": 1102335000, "costOfRevenue": 635381000, "grossProfit": 466954000, "grossProfitRatio": 0.4236044397, "researchAndDevelopmentExpenses": 0, "generalAndAdministrativeExpenses": 251260000, "sellingAndMarketingExpenses": 0, "sellingGeneralAndAdministrativeExpenses": 251260000, "otherExpenses": 99811000, "operatingExpenses": 351071000, "costAndExpenses": 986452000, "interestIncome": 1423000, "interestExpense": 73951000, "depreciationAndAmortization": 99811000, "ebitda": 215694000, "ebitdaratio": 0.1956701003, "operatingIncome": 115883000, "operatingIncomeRatio": 0.10512503, "totalOtherIncomeExpensesNet": -73951000, "incomeBeforeTax": 41932000, "incomeBeforeTaxRatio": 0.038039253, "incomeTaxExpense": 16982000, "netIncome": 24950000, "netIncomeRatio": 0.0226337729, "eps": 0.4, "epsdiluted": 0.4, "weightedAverageShsOut": 62375000, "weightedAverageShsOutDil": 62375000, "link": "https://www.sec.gov/Archives/edgar/data/906553/000095014802000672/0000950148-02-000672-index.htm", "finalLink": "https://www.sec.gov/Archives/edgar/data/906553/000095014802000672/a79716e10-k405.htm", "calculatedOtherExpenses": 99811000, "calculatedOperatingExpenses": 351071000, "calculatedNetInterest": -72528000, "calculatedOtherIncome": -1423000, "calculatedIncomeNonControlling": 0, "calculatedEbitda": 215694000}, {"date": "2000-12-31", "symbol": "BYD", "reportedCurrency": "USD", "cik": "0000906553", "fillingDate": "2001-03-13", "acceptedDate": "2001-03-13 00:00:00", "calendarYear": "2000", "period": "FY", "revenue": 1082908000, "costOfRevenue": 640979000, "grossProfit": 441929000, "grossProfitRatio": 0.4080946858, "researchAndDevelopmentExpenses": 0, "generalAndAdministrativeExpenses": 242884000, "sellingAndMarketingExpenses": 0, "sellingGeneralAndAdministrativeExpenses": 242884000, "otherExpenses": 90480000, "operatingExpenses": 333364000, "costAndExpenses": 974343000, "interestIncome": 0, "interestExpense": -64480000, "depreciationAndAmortization": 90480000, "ebitda": 128057000, "ebitdaratio": 0.1182528894, "operatingIncome": 37577000, "operatingIncomeRatio": 0.0347000853, "totalOtherIncomeExpensesNet": 70988000, "incomeBeforeTax": 102057000, "incomeBeforeTaxRatio": 0.094243463, "incomeTaxExpense": 39292000, "netIncome": 62765000, "netIncomeRatio": 0.0579596789, "eps": 1.01, "epsdiluted": 1.01, "weightedAverageShsOut": 62143564, "weightedAverageShsOutDil": 62293000, "link": "https://www.sec.gov/Archives/edgar/data/906553/000109581101001598/0001095811-01-001598-index.htm", "finalLink": "https://www.sec.gov/Archives/edgar/data/906553/000109581101001598/a70279e10-k.txt", "calculatedOtherExpenses": 161468000, "calculatedOperatingExpenses": 404352000, "calculatedNetInterest": 64480000, "calculatedOtherIncome": 0, "calculatedIncomeNonControlling": 0, "calculatedEbitda": 128057000}, {"date": "1999-12-31", "symbol": "BYD", "reportedCurrency": "USD", "cik": "0000906553", "fillingDate": "2000-03-30", "acceptedDate": "2000-03-30 00:00:00", "calendarYear": "1999", "period": "FY", "revenue": 987000000, "costOfRevenue": 561100000, "grossProfit": 425900000, "grossProfitRatio": 0.4315096251, "researchAndDevelopmentExpenses": 0, "generalAndAdministrativeExpenses": 215100000, "sellingAndMarketingExpenses": 0, "sellingGeneralAndAdministrativeExpenses": 215100000, "otherExpenses": 74100000, "operatingExpenses": 289200000, "costAndExpenses": 850300000, "interestIncome": 0, "interestExpense": 70800000, "depreciationAndAmortization": 74100000, "ebitda": 210800000, "ebitdaratio": 0.2135764944, "operatingIncome": 136700000, "operatingIncomeRatio": 0.1385005066, "totalOtherIncomeExpensesNet": -69100000, "incomeBeforeTax": 67600000, "incomeBeforeTaxRatio": 0.0684903749, "incomeTaxExpense": 27600000, "netIncome": 38300000, "netIncomeRatio": 0.038804458, "eps": 0.62, "epsdiluted": 0.62, "weightedAverageShsOut": 61774194, "weightedAverageShsOutDil": 61774194, "link": "https://www.sec.gov/Archives/edgar/data/906553/000089256900000322/0000892569-00-000322-index.html", "finalLink": "https://www.sec.gov/Archives/edgar/data/906553/000089256900000322/", "calculatedOtherExpenses": 74100000, "calculatedOperatingExpenses": 289200000, "calculatedNetInterest": -70800000, "calculatedOtherIncome": 1700000, "calculatedIncomeNonControlling": 1700000, "calculatedEbitda": 210800000}, {"date": "1998-12-31", "symbol": "BYD", "reportedCurrency": "USD", "cik": "0000906553", "fillingDate": "1999-03-31", "acceptedDate": "1999-03-31 00:00:00", "calendarYear": "1998", "period": "FY", "revenue": 975100000, "costOfRevenue": 563200000, "grossProfit": 411900000, "grossProfitRatio": 0.4224182135, "researchAndDevelopmentExpenses": 0, "generalAndAdministrativeExpenses": 208700000, "sellingAndMarketingExpenses": 0, "sellingGeneralAndAdministrativeExpenses": 208700000, "otherExpenses": 73400000, "operatingExpenses": 282100000, "costAndExpenses": 845300000, "interestIncome": 0, "interestExpense": 85400000, "depreciationAndAmortization": 73400000, "ebitda": 208700000, "ebitdaratio": 0.2140293303, "operatingIncome": 135300000, "operatingIncomeRatio": 0.1387549995, "totalOtherIncomeExpensesNet": -5500000, "incomeBeforeTax": 49900000, "incomeBeforeTaxRatio": 0.0511742385, "incomeTaxExpense": 21300000, "netIncome": 28600000, "netIncomeRatio": 0.0293303251, "eps": 0.46, "epsdiluted": 0.46, "weightedAverageShsOut": 62173913, "weightedAverageShsOutDil": 62258065, "link": "https://www.sec.gov/Archives/edgar/data/906553/000089256999000864/0000892569-99-000864-index.html", "finalLink": "https://www.sec.gov/Archives/edgar/data/906553/", "calculatedOtherExpenses": 67900000, "calculatedOperatingExpenses": 276600000, "calculatedNetInterest": -85400000, "calculatedOtherIncome": 0, "calculatedIncomeNonControlling": 0, "calculatedEbitda": 208700000}, {"date": "1997-12-31", "symbol": "BYD", "reportedCurrency": "USD", "cik": "0000906553", "fillingDate": "1997-12-31", "acceptedDate": "1997-12-31 00:00:00", "calendarYear": "1997", "period": "FY", "revenue": 0, "costOfRevenue": 0, "grossProfit": 0, "grossProfitRatio": 0, "researchAndDevelopmentExpenses": 0, "generalAndAdministrativeExpenses": 0, "sellingAndMarketingExpenses": 0, "sellingGeneralAndAdministrativeExpenses": 0, "otherExpenses": 0, "operatingExpenses": 0, "costAndExpenses": 0, "interestIncome": 0, "interestExpense": 0, "depreciationAndAmortization": 0, "ebitda": 0, "ebitdaratio": 0, "operatingIncome": 0, "operatingIncomeRatio": 0, "totalOtherIncomeExpensesNet": 0, "incomeBeforeTax": 0, "incomeBeforeTaxRatio": 0, "incomeTaxExpense": 0, "netIncome": 0, "netIncomeRatio": 0, "eps": 0, "epsdiluted": 0, "weightedAverageShsOut": 50620155, "weightedAverageShsOutDil": 50620155, "link": null, "finalLink": null, "calculatedOtherExpenses": 0, "calculatedOperatingExpenses": 0, "calculatedNetInterest": 0, "calculatedOtherIncome": 0, "calculatedIncomeNonControlling": 0, "calculatedEbitda": 0}, {"date": "1997-06-30", "symbol": "BYD", "reportedCurrency": "USD", "cik": "0000906553", "fillingDate": "1997-09-15", "acceptedDate": "1997-09-15 00:00:00", "calendarYear": "1996", "period": "FY", "revenue": 775900000, "costOfRevenue": 435400000, "grossProfit": 340500000, "grossProfitRatio": 0.438845212, "researchAndDevelopmentExpenses": 0, "generalAndAdministrativeExpenses": 179000000, "sellingAndMarketingExpenses": 0, "sellingGeneralAndAdministrativeExpenses": 179000000, "otherExpenses": 60600000, "operatingExpenses": 239600000, "costAndExpenses": 675000000, "interestIncome": 0, "interestExpense": 51500000, "depreciationAndAmortization": 60600000, "ebitda": 160300000, "ebitdaratio": 0.2065987885, "operatingIncome": 99700000, "operatingIncomeRatio": 0.1284959402, "totalOtherIncomeExpensesNet": 1200000, "incomeBeforeTax": 49600000, "incomeBeforeTaxRatio": 0.0639257636, "incomeTaxExpense": 20000000, "netIncome": 28200000, "netIncomeRatio": 0.0363448898, "eps": 0.49, "epsdiluted": 0.49, "weightedAverageShsOut": 57551020, "weightedAverageShsOutDil": 57551020, "link": "https://www.sec.gov/Archives/edgar/data/906553/000089256997002564/0000892569-97-002564-index.html", "finalLink": "https://www.sec.gov/Archives/edgar/data/906553/", "calculatedOtherExpenses": 61800000, "calculatedOperatingExpenses": 240800000, "calculatedNetInterest": -51500000, "calculatedOtherIncome": 1400000, "calculatedIncomeNonControlling": 1400000, "calculatedEbitda": 160300000}, {"date": "1995-06-30", "symbol": "BYD", "reportedCurrency": "USD", "cik": "0000906553", "fillingDate": "1995-06-30", "acceptedDate": "1995-06-30 00:00:00", "calendarYear": "1995", "period": "FY", "revenue": 660300000, "costOfRevenue": 362700000, "grossProfit": 297600000, "grossProfitRatio": 0.4507042254, "researchAndDevelopmentExpenses": 0, "generalAndAdministrativeExpenses": 132600000, "sellingAndMarketingExpenses": 0, "sellingGeneralAndAdministrativeExpenses": 132600000, "otherExpenses": 54500000, "operatingExpenses": 187100000, "costAndExpenses": 549800000, "interestIncome": 0, "interestExpense": 44200000, "depreciationAndAmortization": 54500000, "ebitda": 162900000, "ebitdaratio": 0.2467060427, "operatingIncome": 108400000, "operatingIncomeRatio": 0.1641678025, "totalOtherIncomeExpensesNet": 2100000, "incomeBeforeTax": 64200000, "incomeBeforeTaxRatio": 0.0972285325, "incomeTaxExpense": 28000000, "netIncome": 36200000, "netIncomeRatio": 0.054823565, "eps": 0.64, "epsdiluted": 0.64, "weightedAverageShsOut": 56562500, "weightedAverageShsOutDil": 56562500, "link": null, "finalLink": null, "calculatedOtherExpenses": 56600000, "calculatedOperatingExpenses": 189200000, "calculatedNetInterest": -44200000, "calculatedOtherIncome": 0, "calculatedIncomeNonControlling": 0, "calculatedEbitda": 162900000}, {"date": "1994-06-30", "symbol": "BYD", "reportedCurrency": "USD", "cik": "0000906553", "fillingDate": "1994-06-30", "acceptedDate": "1994-06-30 00:00:00", "calendarYear": "1994", "period": "FY", "revenue": 468200000, "costOfRevenue": 279200000, "grossProfit": 189000000, "grossProfitRatio": 0.4036736437, "researchAndDevelopmentExpenses": 0, "generalAndAdministrativeExpenses": 92600000, "sellingAndMarketingExpenses": 0, "sellingGeneralAndAdministrativeExpenses": 92600000, "otherExpenses": 42100000, "operatingExpenses": 134700000, "costAndExpenses": 413900000, "interestIncome": 0, "interestExpense": 30700000, "depreciationAndAmortization": 42100000, "ebitda": 93000000, "ebitdaratio": 0.1986330628, "operatingIncome": 50900000, "operatingIncomeRatio": 0.1087142247, "totalOtherIncomeExpensesNet": 3400000, "incomeBeforeTax": 18200000, "incomeBeforeTaxRatio": 0.0388722768, "incomeTaxExpense": 7500000, "netIncome": 12700000, "netIncomeRatio": 0.0271251602, "eps": 0.24, "epsdiluted": 0.24, "weightedAverageShsOut": 53043478, "weightedAverageShsOutDil": 53043478, "link": null, "finalLink": null, "calculatedOtherExpenses": 45500000, "calculatedOperatingExpenses": 138100000, "calculatedNetInterest": -30700000, "calculatedOtherIncome": -2000000, "calculatedIncomeNonControlling": -2000000, "calculatedEbitda": 93000000}]}