{"originalCurrency": "USD", "convertedCurrency": "USD", "report": [{"date": "2023-12-31", "symbol": "C", "reportedCurrency": "USD", "cik": "0000831001", "fillingDate": "2024-02-23", "acceptedDate": "2024-02-23 17:10:34", "calendarYear": "2023", "period": "FY", "revenue": 78486000000, "costOfRevenue": 45086000000, "grossProfit": 33400000000, "grossProfitRatio": 0.4255536019, "researchAndDevelopmentExpenses": 0, "generalAndAdministrativeExpenses": 29319000000, "sellingAndMarketingExpenses": 1393000000, "sellingGeneralAndAdministrativeExpenses": 30712000000, "otherExpenses": -19460000000, "operatingExpenses": 19460000000, "costAndExpenses": 145849000000, "interestIncome": 133258000000, "interestExpense": 17192000000, "depreciationAndAmortization": 4560000000, "ebitda": 9382000000, "ebitdaratio": 0.1195372423, "operatingIncome": 9382000000, "operatingIncomeRatio": 0.1195372423, "totalOtherIncomeExpensesNet": 12910000000, "incomeBeforeTax": 12910000000, "incomeBeforeTaxRatio": 0.1644879342, "incomeTaxExpense": 3528000000, "netIncome": 9228000000, "netIncomeRatio": 0.1175751089, "eps": 4.07, "epsdiluted": 4.04, "weightedAverageShsOut": 1930100000, "weightedAverageShsOutDil": 1955800000, "link": "https://www.sec.gov/Archives/edgar/data/831001/000083100124000033/0000831001-24-000033-index.htm", "finalLink": "https://www.sec.gov/Archives/edgar/data/831001/000083100124000033/c-20231231.htm", "calculatedOtherExpenses": -6694000000, "calculatedOperatingExpenses": 24018000000, "calculatedNetInterest": 116066000000, "calculatedOtherIncome": -112538000000, "calculatedIncomeNonControlling": 154000000, "calculatedEbitda": 13942000000}, {"date": "2022-12-31", "symbol": "C", "reportedCurrency": "USD", "cik": "0000831001", "fillingDate": "2023-02-27", "acceptedDate": "2023-02-24 21:45:33", "calendarYear": "2022", "period": "FY", "revenue": 75305000000, "costOfRevenue": 41149000000, "grossProfit": 34156000000, "grossProfitRatio": 0.4535688201, "researchAndDevelopmentExpenses": 0, "generalAndAdministrativeExpenses": 26749000000, "sellingAndMarketingExpenses": 1556000000, "sellingGeneralAndAdministrativeExpenses": 28305000000, "otherExpenses": 49736000000, "operatingExpenses": 51292000000, "costAndExpenses": 92441000000, "interestIncome": 74408000000, "interestExpense": 25740000000, "depreciationAndAmortization": 4262000000, "ebitda": 48489000000, "ebitdaratio": 0.6439014674, "operatingIncome": 44227000000, "operatingIncomeRatio": 0.5873049598, "totalOtherIncomeExpensesNet": -25420000000, "incomeBeforeTax": 18807000000, "incomeBeforeTaxRatio": 0.2497443729, "incomeTaxExpense": 3642000000, "netIncome": 14845000000, "netIncomeRatio": 0.1971316646, "eps": 7.04, "epsdiluted": 7, "weightedAverageShsOut": 1946700000, "weightedAverageShsOutDil": 1964300000, "link": "https://www.sec.gov/Archives/edgar/data/831001/000083100123000037/0000831001-23-000037-index.htm", "finalLink": "https://www.sec.gov/Archives/edgar/data/831001/000083100123000037/c-20221231.htm", "calculatedOtherExpenses": -38376000000, "calculatedOperatingExpenses": -10071000000, "calculatedNetInterest": 48668000000, "calculatedOtherIncome": -74088000000, "calculatedIncomeNonControlling": 320000000, "calculatedEbitda": 48489000000}, {"date": "2021-12-31", "symbol": "C", "reportedCurrency": "USD", "cik": "0000831001", "fillingDate": "2022-02-28", "acceptedDate": "2022-02-25 18:35:29", "calendarYear": "2021", "period": "FY", "revenue": 71887000000, "costOfRevenue": 38875000000, "grossProfit": 33012000000, "grossProfitRatio": 0.4592207214, "researchAndDevelopmentExpenses": 0, "generalAndAdministrativeExpenses": 25250000000, "sellingAndMarketingExpenses": 1490000000, "sellingGeneralAndAdministrativeExpenses": 26740000000, "otherExpenses": -71224000000, "operatingExpenses": -44484000000, "costAndExpenses": -44484000000, "interestIncome": 50475000000, "interestExpense": 7981000000, "depreciationAndAmortization": 3964000000, "ebitda": 31367000000, "ebitdaratio": 0.4363375854, "operatingIncome": 27403000000, "operatingIncomeRatio": 0.3811954874, "totalOtherIncomeExpensesNet": 66000000, "incomeBeforeTax": 27469000000, "incomeBeforeTaxRatio": 0.3821135949, "incomeTaxExpense": 5451000000, "netIncome": 21952000000, "netIncomeRatio": 0.3053681472, "eps": 10.21, "epsdiluted": 10.14, "weightedAverageShsOut": 2033000000, "weightedAverageShsOutDil": 2049400000, "link": "https://www.sec.gov/Archives/edgar/data/831001/000083100122000036/0000831001-22-000036-index.htm", "finalLink": "https://www.sec.gov/Archives/edgar/data/831001/000083100122000036/c-20211231.htm", "calculatedOtherExpenses": -21131000000, "calculatedOperatingExpenses": 5609000000, "calculatedNetInterest": 42494000000, "calculatedOtherIncome": -42428000000, "calculatedIncomeNonControlling": 66000000, "calculatedEbitda": 31367000000}, {"date": "2020-12-31", "symbol": "C", "reportedCurrency": "USD", "cik": "0000831001", "fillingDate": "2021-02-26", "acceptedDate": "2021-02-26 16:44:10", "calendarYear": "2020", "period": "FY", "revenue": 74291000000, "costOfRevenue": 34571000000, "grossProfit": 39720000000, "grossProfitRatio": 0.534654265, "researchAndDevelopmentExpenses": 0, "generalAndAdministrativeExpenses": 22327000000, "sellingAndMarketingExpenses": 1217000000, "sellingGeneralAndAdministrativeExpenses": 23544000000, "otherExpenses": -83873000000, "operatingExpenses": -60329000000, "costAndExpenses": -60329000000, "interestIncome": 58089000000, "interestExpense": 14541000000, "depreciationAndAmortization": 3937000000, "ebitda": 17899000000, "ebitdaratio": 0.2409309338, "operatingIncome": 13962000000, "operatingIncomeRatio": 0.1879366276, "totalOtherIncomeExpensesNet": 60000000, "incomeBeforeTax": 14022000000, "incomeBeforeTaxRatio": 0.1887442624, "incomeTaxExpense": 2592000000, "netIncome": 11047000000, "netIncomeRatio": 0.1486990349, "eps": 4.74, "epsdiluted": 4.71, "weightedAverageShsOut": 2085800000, "weightedAverageShsOutDil": 2099000000, "link": "https://www.sec.gov/Archives/edgar/data/831001/000083100121000042/0000831001-21-000042-index.htm", "finalLink": "https://www.sec.gov/Archives/edgar/data/831001/000083100121000042/c-20201231.htm", "calculatedOtherExpenses": 2214000000, "calculatedOperatingExpenses": 25758000000, "calculatedNetInterest": 43548000000, "calculatedOtherIncome": -43488000000, "calculatedIncomeNonControlling": 383000000, "calculatedEbitda": 17899000000}, {"date": "2019-12-31", "symbol": "C", "reportedCurrency": "USD", "cik": "0000831001", "fillingDate": "2020-02-21", "acceptedDate": "2020-02-21 17:05:55", "calendarYear": "2019", "period": "FY", "revenue": 74286000000, "costOfRevenue": 33409000000, "grossProfit": 40877000000, "grossProfitRatio": 0.5502651913, "researchAndDevelopmentExpenses": 0, "generalAndAdministrativeExpenses": 21506000000, "sellingAndMarketingExpenses": 1516000000, "sellingGeneralAndAdministrativeExpenses": 23022000000, "otherExpenses": -73477000000, "operatingExpenses": -50455000000, "costAndExpenses": -50455000000, "interestIncome": 76510000000, "interestExpense": 29163000000, "depreciationAndAmortization": 3905000000, "ebitda": 27736000000, "ebitdaratio": 0.3733677947, "operatingIncome": 23831000000, "operatingIncomeRatio": 0.3208006892, "totalOtherIncomeExpensesNet": 70000000, "incomeBeforeTax": 23901000000, "incomeBeforeTaxRatio": 0.3217429933, "incomeTaxExpense": 4430000000, "netIncome": 19401000000, "netIncomeRatio": 0.2611663032, "eps": 8.08, "epsdiluted": 8.02, "weightedAverageShsOut": 2249200000, "weightedAverageShsOutDil": 2265300000, "link": "https://www.sec.gov/Archives/edgar/data/831001/000083100120000031/0000831001-20-000031-index.htm", "finalLink": "https://www.sec.gov/Archives/edgar/data/831001/000083100120000031/c-12312019x10k.htm", "calculatedOtherExpenses": -5976000000, "calculatedOperatingExpenses": 17046000000, "calculatedNetInterest": 47347000000, "calculatedOtherIncome": -47277000000, "calculatedIncomeNonControlling": 70000000, "calculatedEbitda": 27736000000}, {"date": "2018-12-31", "symbol": "C", "reportedCurrency": "USD", "cik": "0000831001", "fillingDate": "2019-02-22", "acceptedDate": "2019-02-22 16:50:54", "calendarYear": "2018", "period": "FY", "revenue": 72854000000, "costOfRevenue": 33103000000, "grossProfit": 39751000000, "grossProfitRatio": 0.5456254976, "researchAndDevelopmentExpenses": 0, "generalAndAdministrativeExpenses": 21255000000, "sellingAndMarketingExpenses": 1545000000, "sellingGeneralAndAdministrativeExpenses": 22800000000, "otherExpenses": 7193000000, "operatingExpenses": 23982000000, "costAndExpenses": 23982000000, "interestIncome": 70828000000, "interestExpense": 24266000000, "depreciationAndAmortization": 3754000000, "ebitda": 50240000000, "ebitdaratio": 0.6895983748, "operatingIncome": 46486000000, "operatingIncomeRatio": 0.6380706619, "totalOtherIncomeExpensesNet": 23445000000, "incomeBeforeTax": 23445000000, "incomeBeforeTaxRatio": 0.3218079996, "incomeTaxExpense": 5357000000, "netIncome": 18045000000, "netIncomeRatio": 0.2476871551, "eps": 7.24, "epsdiluted": 7.23, "weightedAverageShsOut": 2493300000, "weightedAverageShsOutDil": 2494800000, "link": "https://www.sec.gov/Archives/edgar/data/831001/000083100119000027/0000831001-19-000027-index.htm", "finalLink": "https://www.sec.gov/Archives/edgar/data/831001/000083100119000027/c-12312018x10k.htm", "calculatedOtherExpenses": -29535000000, "calculatedOperatingExpenses": -6735000000, "calculatedNetInterest": 46562000000, "calculatedOtherIncome": -69603000000, "calculatedIncomeNonControlling": 43000000, "calculatedEbitda": 50240000000}, {"date": "2017-12-31", "symbol": "C", "reportedCurrency": "USD", "cik": "0000831001", "fillingDate": "2018-02-23", "acceptedDate": "2018-02-23 08:44:36", "calendarYear": "2017", "period": "FY", "revenue": 71449000000, "costOfRevenue": 32738000000, "grossProfit": 38711000000, "grossProfitRatio": 0.5417990455, "researchAndDevelopmentExpenses": 0, "generalAndAdministrativeExpenses": 21290000000, "sellingAndMarketingExpenses": 1608000000, "sellingGeneralAndAdministrativeExpenses": 22898000000, "otherExpenses": 6891000000, "operatingExpenses": 24147000000, "costAndExpenses": 41237000000, "interestIncome": 61204000000, "interestExpense": 16517000000, "depreciationAndAmortization": 3659000000, "ebitda": 41517000000, "ebitdaratio": 0.5810718135, "operatingIncome": -6627000000, "operatingIncomeRatio": -0.0927514731, "totalOtherIncomeExpensesNet": 22761000000, "incomeBeforeTax": 22761000000, "incomeBeforeTaxRatio": 0.318562891, "incomeTaxExpense": 28794000000, "netIncome": -6204000000, "netIncomeRatio": -0.0868311663, "eps": -2.3, "epsdiluted": -2.3, "weightedAverageShsOut": 2698500000, "weightedAverageShsOutDil": 2698500000, "link": "https://www.sec.gov/Archives/edgar/data/831001/000083100118000040/0000831001-18-000040-index.htm", "finalLink": "https://www.sec.gov/Archives/edgar/data/831001/000083100118000040/c-12312017x10k.htm", "calculatedOtherExpenses": 22440000000, "calculatedOperatingExpenses": 45338000000, "calculatedNetInterest": 44687000000, "calculatedOtherIncome": -15299000000, "calculatedIncomeNonControlling": 171000000, "calculatedEbitda": -2968000000}, {"date": "2016-12-31", "symbol": "C", "reportedCurrency": "USD", "cik": "0000831001", "fillingDate": "2017-02-24", "acceptedDate": "2017-02-24 16:46:05", "calendarYear": "2016", "period": "FY", "revenue": 69875000000, "costOfRevenue": 33099000000, "grossProfit": 36776000000, "grossProfitRatio": 0.5263112701, "researchAndDevelopmentExpenses": 0, "generalAndAdministrativeExpenses": 21174000000, "sellingAndMarketingExpenses": 1632000000, "sellingGeneralAndAdministrativeExpenses": 22806000000, "otherExpenses": 6685000000, "operatingExpenses": 23951000000, "costAndExpenses": 41416000000, "interestIncome": 57615000000, "interestExpense": 12511000000, "depreciationAndAmortization": 3720000000, "ebitda": 36442000000, "ebitdaratio": 0.5215313059, "operatingIncome": 15033000000, "operatingIncomeRatio": 0.2151413238, "totalOtherIncomeExpensesNet": 21477000000, "incomeBeforeTax": 21477000000, "incomeBeforeTaxRatio": 0.3073631485, "incomeTaxExpense": 6444000000, "netIncome": 14912000000, "netIncomeRatio": 0.2134096601, "eps": 4.72, "epsdiluted": 4.72, "weightedAverageShsOut": 2888100000, "weightedAverageShsOutDil": 2888300000, "link": "https://www.sec.gov/Archives/edgar/data/831001/000083100117000038/0000831001-17-000038-index.htm", "finalLink": "https://www.sec.gov/Archives/edgar/data/831001/000083100117000038/c-12312016x10k.htm", "calculatedOtherExpenses": -1063000000, "calculatedOperatingExpenses": 21743000000, "calculatedNetInterest": 45104000000, "calculatedOtherIncome": -38660000000, "calculatedIncomeNonControlling": 121000000, "calculatedEbitda": 18753000000}, {"date": "2015-12-31", "symbol": "C", "reportedCurrency": "USD", "cik": "0000831001", "fillingDate": "2016-02-26", "acceptedDate": "2016-02-26 16:45:11", "calendarYear": "2015", "period": "FY", "revenue": 76354000000, "costOfRevenue": 35487000000, "grossProfit": 40867000000, "grossProfitRatio": 0.5352306362, "researchAndDevelopmentExpenses": 0, "generalAndAdministrativeExpenses": 22500000000, "sellingAndMarketingExpenses": 1547000000, "sellingGeneralAndAdministrativeExpenses": 24047000000, "otherExpenses": 6581000000, "operatingExpenses": 25165000000, "costAndExpenses": 43615000000, "interestIncome": 58551000000, "interestExpense": 11921000000, "depreciationAndAmortization": 3506000000, "ebitda": 38991000000, "ebitdaratio": 0.5106608691, "operatingIncome": 17386000000, "operatingIncomeRatio": 0.2277025434, "totalOtherIncomeExpensesNet": 24826000000, "incomeBeforeTax": 24826000000, "incomeBeforeTaxRatio": 0.325143411, "incomeTaxExpense": 7440000000, "netIncome": 17242000000, "netIncomeRatio": 0.2258165911, "eps": 5.41, "epsdiluted": 5.4, "weightedAverageShsOut": 3004000000, "weightedAverageShsOutDil": 3007700000, "link": "https://www.sec.gov/Archives/edgar/data/831001/000083100116000235/0000831001-16-000235-index.htm", "finalLink": "https://www.sec.gov/Archives/edgar/data/831001/000083100116000235/c-12312015x10k.htm", "calculatedOtherExpenses": -566000000, "calculatedOperatingExpenses": 23481000000, "calculatedNetInterest": 46630000000, "calculatedOtherIncome": -39190000000, "calculatedIncomeNonControlling": 144000000, "calculatedEbitda": 20892000000}, {"date": "2014-12-31", "symbol": "C", "reportedCurrency": "USD", "cik": "0000831001", "fillingDate": "2015-02-25", "acceptedDate": "2015-02-25 17:06:00", "calendarYear": "2014", "period": "FY", "revenue": 76882000000, "costOfRevenue": 46771000000, "grossProfit": 30111000000, "grossProfitRatio": 0.3916521422, "researchAndDevelopmentExpenses": 0, "generalAndAdministrativeExpenses": 24760000000, "sellingAndMarketingExpenses": 1844000000, "sellingGeneralAndAdministrativeExpenses": 26604000000, "otherExpenses": 6436000000, "operatingExpenses": 27642000000, "costAndExpenses": 55051000000, "interestIncome": 61683000000, "interestExpense": 13690000000, "depreciationAndAmortization": 3589000000, "ebitda": 30418000000, "ebitdaratio": 0.3956452746, "operatingIncome": 7500000000, "operatingIncomeRatio": 0.0975520928, "totalOtherIncomeExpensesNet": 14364000000, "incomeBeforeTax": 14364000000, "incomeBeforeTaxRatio": 0.1868317682, "incomeTaxExpense": 6864000000, "netIncome": 7313000000, "netIncomeRatio": 0.095119794, "eps": 2.21, "epsdiluted": 2.2, "weightedAverageShsOut": 3031600000, "weightedAverageShsOutDil": 3037000000, "link": "https://www.sec.gov/Archives/edgar/data/831001/000083100115000043/0000831001-15-000043-index.htm", "finalLink": "https://www.sec.gov/Archives/edgar/data/831001/000083100115000043/c-12312014x10k.htm", "calculatedOtherExpenses": -3993000000, "calculatedOperatingExpenses": 22611000000, "calculatedNetInterest": 47993000000, "calculatedOtherIncome": -41129000000, "calculatedIncomeNonControlling": 187000000, "calculatedEbitda": 11089000000}, {"date": "2013-12-31", "symbol": "C", "reportedCurrency": "USD", "cik": "0000831001", "fillingDate": "2014-03-03", "acceptedDate": "2014-03-03 07:57:17", "calendarYear": "2013", "period": "FY", "revenue": 76366000000, "costOfRevenue": 40331000000, "grossProfit": 36035000000, "grossProfitRatio": 0.4718722992, "researchAndDevelopmentExpenses": 0, "generalAndAdministrativeExpenses": 24837000000, "sellingAndMarketingExpenses": 1888000000, "sellingGeneralAndAdministrativeExpenses": 26725000000, "otherExpenses": 6136000000, "operatingExpenses": 27817000000, "costAndExpenses": 48355000000, "interestIncome": 62970000000, "interestExpense": 16177000000, "depreciationAndAmortization": 3303000000, "ebitda": 37888000000, "ebitdaratio": 0.4961370243, "operatingIncome": 13630000000, "operatingIncomeRatio": 0.1784825708, "totalOtherIncomeExpensesNet": 19497000000, "incomeBeforeTax": 19857000000, "incomeBeforeTaxRatio": 0.2600240945, "incomeTaxExpense": 5992000000, "netIncome": 13908000000, "netIncomeRatio": 0.1821229343, "eps": 4.35, "epsdiluted": 4.34, "weightedAverageShsOut": 3035800000, "weightedAverageShsOutDil": 3041600000, "link": "https://www.sec.gov/Archives/edgar/data/831001/000110465914015152/0001104659-14-015152-index.htm", "finalLink": "https://www.sec.gov/Archives/edgar/data/831001/000110465914015152/a14-3681_610k.htm", "calculatedOtherExpenses": -4320000000, "calculatedOperatingExpenses": 22405000000, "calculatedNetInterest": 46793000000, "calculatedOtherIncome": -40566000000, "calculatedIncomeNonControlling": -43000000, "calculatedEbitda": 16933000000}, {"date": "2012-12-31", "symbol": "C", "reportedCurrency": "USD", "cik": "0000831001", "fillingDate": "2013-03-01", "acceptedDate": "2013-03-01 07:49:35", "calendarYear": "2012", "period": "FY", "revenue": 70173000000, "costOfRevenue": 42380000000, "grossProfit": 27793000000, "grossProfitRatio": 0.3960640132, "researchAndDevelopmentExpenses": 0, "generalAndAdministrativeExpenses": 26091000000, "sellingAndMarketingExpenses": 2224000000, "sellingGeneralAndAdministrativeExpenses": 28315000000, "otherExpenses": 5914000000, "operatingExpenses": 29577000000, "costAndExpenses": 50518000000, "interestIncome": 68138000000, "interestExpense": 20535000000, "depreciationAndAmortization": 2507000000, "ebitda": 29348000000, "ebitdaratio": 0.4182235333, "operatingIncome": 7909000000, "operatingIncomeRatio": 0.1127071666, "totalOtherIncomeExpensesNet": 7936000000, "incomeBeforeTax": 7936000000, "incomeBeforeTaxRatio": 0.1130919299, "incomeTaxExpense": 27000000, "netIncome": 7541000000, "netIncomeRatio": 0.1074629843, "eps": 2.51, "epsdiluted": 2.44, "weightedAverageShsOut": 2930600000, "weightedAverageShsOutDil": 3015500000, "link": "https://www.sec.gov/Archives/edgar/data/831001/000120677413000852/0001206774-13-000852-index.htm", "finalLink": "https://www.sec.gov/Archives/edgar/data/831001/000120677413000852/citigroup_10k.htm", "calculatedOtherExpenses": -8431000000, "calculatedOperatingExpenses": 19884000000, "calculatedNetInterest": 47603000000, "calculatedOtherIncome": -47576000000, "calculatedIncomeNonControlling": 368000000, "calculatedEbitda": 10416000000}, {"date": "2011-12-31", "symbol": "C", "reportedCurrency": "USD", "cik": "0000831001", "fillingDate": "2012-02-24", "acceptedDate": "2012-02-24 09:31:44", "calendarYear": "2011", "period": "FY", "revenue": 78353000000, "costOfRevenue": 43454000000, "grossProfit": 34899000000, "grossProfitRatio": 0.4454073233, "researchAndDevelopmentExpenses": 0, "generalAndAdministrativeExpenses": 26660000000, "sellingAndMarketingExpenses": 2346000000, "sellingGeneralAndAdministrativeExpenses": 29006000000, "otherExpenses": 5133000000, "operatingExpenses": 30306000000, "costAndExpenses": 50933000000, "interestIncome": 72681000000, "interestExpense": 24234000000, "depreciationAndAmortization": 2872000000, "ebitda": 40394000000, "ebitdaratio": 0.515538652, "operatingIncome": 11103000000, "operatingIncomeRatio": 0.1417048486, "totalOtherIncomeExpensesNet": 14624000000, "incomeBeforeTax": 14624000000, "incomeBeforeTaxRatio": 0.1866425025, "incomeTaxExpense": 3521000000, "netIncome": 11067000000, "netIncomeRatio": 0.1412453895, "eps": 3.73, "epsdiluted": 3.63, "weightedAverageShsOut": 2909800000, "weightedAverageShsOutDil": 2998800000, "link": "https://www.sec.gov/Archives/edgar/data/831001/000120677412000799/0001206774-12-000799-index.htm", "finalLink": "https://www.sec.gov/Archives/edgar/data/831001/000120677412000799/citigroup_10k.htm", "calculatedOtherExpenses": -5210000000, "calculatedOperatingExpenses": 23796000000, "calculatedNetInterest": 48447000000, "calculatedOtherIncome": -44926000000, "calculatedIncomeNonControlling": 36000000, "calculatedEbitda": 13975000000}, {"date": "2010-12-31", "symbol": "C", "reportedCurrency": "USD", "cik": "0000831001", "fillingDate": "2011-02-25", "acceptedDate": "2011-02-25 17:07:08", "calendarYear": "2010", "period": "FY", "revenue": 86601000000, "costOfRevenue": 40806000000, "grossProfit": 45795000000, "grossProfitRatio": 0.5288045173, "researchAndDevelopmentExpenses": 0, "generalAndAdministrativeExpenses": 25395000000, "sellingAndMarketingExpenses": 1645000000, "sellingGeneralAndAdministrativeExpenses": 27040000000, "otherExpenses": 4924000000, "operatingExpenses": 28021000000, "costAndExpenses": 47375000000, "interestIncome": 79516000000, "interestExpense": 24864000000, "depreciationAndAmortization": 2664000000, "ebitda": 39382000000, "ebitdaratio": 0.4547522546, "operatingIncome": 10951000000, "operatingIncomeRatio": 0.1264535052, "totalOtherIncomeExpensesNet": 13184000000, "incomeBeforeTax": 13184000000, "incomeBeforeTaxRatio": 0.1522384268, "incomeTaxExpense": 2233000000, "netIncome": 10602000000, "netIncomeRatio": 0.1224235286, "eps": 3.65, "epsdiluted": 3.54, "weightedAverageShsOut": 2877600000, "weightedAverageShsOutDil": 2967800000, "link": "https://www.sec.gov/Archives/edgar/data/831001/000120677411000316/0001206774-11-000316-index.htm", "finalLink": "https://www.sec.gov/Archives/edgar/data/831001/000120677411000316/citigroup_10k.htm", "calculatedOtherExpenses": 7804000000, "calculatedOperatingExpenses": 34844000000, "calculatedNetInterest": 54652000000, "calculatedOtherIncome": -52419000000, "calculatedIncomeNonControlling": 349000000, "calculatedEbitda": 13615000000}, {"date": "2009-12-31", "symbol": "C", "reportedCurrency": "USD", "cik": "0000831001", "fillingDate": "2010-02-26", "acceptedDate": "2010-02-26 17:00:16", "calendarYear": "2009", "period": "FY", "revenue": 80285000000, "costOfRevenue": 41947000000, "grossProfit": 38338000000, "grossProfitRatio": 0.4775238214, "researchAndDevelopmentExpenses": 0, "generalAndAdministrativeExpenses": 26245000000, "sellingAndMarketingExpenses": 1415000000, "sellingGeneralAndAdministrativeExpenses": 27660000000, "otherExpenses": 4460000000, "operatingExpenses": 27660000000, "costAndExpenses": 47822000000, "interestIncome": 76635000000, "interestExpense": 27721000000, "depreciationAndAmortization": 2853000000, "ebitda": 22235000000, "ebitdaratio": 0.2769508626, "operatingIncome": -1066000000, "operatingIncomeRatio": -0.0132776982, "totalOtherIncomeExpensesNet": -7799000000, "incomeBeforeTax": -7799000000, "incomeBeforeTaxRatio": -0.0971414336, "incomeTaxExpense": -6733000000, "netIncome": -1606000000, "netIncomeRatio": -0.0200037367, "eps": -1.39, "epsdiluted": -1.33, "weightedAverageShsOut": 1156800000, "weightedAverageShsOutDil": 1209900000, "link": "https://www.sec.gov/Archives/edgar/data/831001/000120677410000406/0001206774-10-000406-index.htm", "finalLink": "https://www.sec.gov/Archives/edgar/data/831001/000120677410000406/citi_10k.htm", "calculatedOtherExpenses": 11744000000, "calculatedOperatingExpenses": 39404000000, "calculatedNetInterest": 48914000000, "calculatedOtherIncome": -55647000000, "calculatedIncomeNonControlling": 540000000, "calculatedEbitda": 1787000000}, {"date": "2008-12-31", "symbol": "C", "reportedCurrency": "USD", "cik": "0000831001", "fillingDate": "2009-02-27", "acceptedDate": "2009-02-27 17:29:38", "calendarYear": "2008", "period": "FY", "revenue": 52793000000, "costOfRevenue": 62179000000, "grossProfit": -9386000000, "grossProfitRatio": -0.177788722, "researchAndDevelopmentExpenses": 0, "generalAndAdministrativeExpenses": 33843000000, "sellingAndMarketingExpenses": 2292000000, "sellingGeneralAndAdministrativeExpenses": 36135000000, "otherExpenses": 6663000000, "operatingExpenses": 36135000000, "costAndExpenses": 71134000000, "interestIncome": 106180000000, "interestExpense": 52963000000, "depreciationAndAmortization": 2466000000, "ebitda": 7133000000, "ebitdaratio": 0.1351126096, "operatingIncome": -32094000000, "operatingIncomeRatio": -0.6079215047, "totalOtherIncomeExpensesNet": -53055000000, "incomeBeforeTax": -53055000000, "incomeBeforeTaxRatio": -1.0049627792, "incomeTaxExpense": -20612000000, "netIncome": -27684000000, "netIncomeRatio": -0.5243877029, "eps": -52.58, "epsdiluted": -47.99, "weightedAverageShsOut": 526540000, "weightedAverageShsOutDil": 576890000, "link": "https://www.sec.gov/Archives/edgar/data/831001/000119312509041237/0001193125-09-041237-index.htm", "finalLink": "https://www.sec.gov/Archives/edgar/data/831001/000119312509041237/d10k.htm", "calculatedOtherExpenses": -13427000000, "calculatedOperatingExpenses": 22708000000, "calculatedNetInterest": 53217000000, "calculatedOtherIncome": -74178000000, "calculatedIncomeNonControlling": -4759000000, "calculatedEbitda": -29628000000}, {"date": "2007-12-31", "symbol": "C", "reportedCurrency": "USD", "cik": "0000831001", "fillingDate": "2008-02-22", "acceptedDate": "2008-02-22 17:23:45", "calendarYear": "2007", "period": "FY", "revenue": 81698000000, "costOfRevenue": 52492000000, "grossProfit": 29206000000, "grossProfitRatio": 0.3574873314, "researchAndDevelopmentExpenses": 0, "generalAndAdministrativeExpenses": 35370000000, "sellingAndMarketingExpenses": 2935000000, "sellingGeneralAndAdministrativeExpenses": 38305000000, "otherExpenses": 6061000000, "operatingExpenses": 38305000000, "costAndExpenses": 61488000000, "interestIncome": 124110000000, "interestExpense": 77531000000, "depreciationAndAmortization": 2421000000, "ebitda": 81368000000, "ebitdaratio": 0.9959607334, "operatingIncome": 730000, "operatingIncomeRatio": 8.9353e-06, "totalOtherIncomeExpensesNet": 1701000000, "incomeBeforeTax": 1701000000, "incomeBeforeTaxRatio": 0.0208205831, "incomeTaxExpense": -2201000000, "netIncome": 3617000000, "netIncomeRatio": 0.0442728096, "eps": 6.8, "epsdiluted": 6.7, "weightedAverageShsOut": 490580000, "weightedAverageShsOutDil": 492400000, "link": "https://www.sec.gov/Archives/edgar/data/831001/000119312508036445/0001193125-08-036445-index.htm", "finalLink": "https://www.sec.gov/Archives/edgar/data/831001/000119312508036445/d10k.htm", "calculatedOtherExpenses": -9099730000, "calculatedOperatingExpenses": 29205270000, "calculatedNetInterest": 46579000000, "calculatedOtherIncome": -44878730000, "calculatedIncomeNonControlling": 285000000, "calculatedEbitda": 2421730000}, {"date": "2006-12-31", "symbol": "C", "reportedCurrency": "USD", "cik": "0000831001", "fillingDate": "2007-02-23", "acceptedDate": "2007-02-23 17:29:15", "calendarYear": "2006", "period": "FY", "revenue": 89615000000, "costOfRevenue": 45696000000, "grossProfit": 43919000000, "grossProfitRatio": 0.4900853652, "researchAndDevelopmentExpenses": 0, "generalAndAdministrativeExpenses": 31244000000, "sellingAndMarketingExpenses": 2563000000, "sellingGeneralAndAdministrativeExpenses": 33807000000, "otherExpenses": 3762000000, "operatingExpenses": 33807000000, "costAndExpenses": 52021000000, "interestIncome": 95847000000, "interestExpense": 56943000000, "depreciationAndAmortization": 2503000000, "ebitda": 89085000000, "ebitdaratio": 0.9940858115, "operatingIncome": 27000000, "operatingIncomeRatio": 0.0003012888, "totalOtherIncomeExpensesNet": 29639000000, "incomeBeforeTax": 29639000000, "incomeBeforeTaxRatio": 0.3307370418, "incomeTaxExpense": 8101000000, "netIncome": 21538000000, "netIncomeRatio": 0.2403392289, "eps": 43.9, "epsdiluted": 43.1, "weightedAverageShsOut": 488730000, "weightedAverageShsOutDil": 498610000, "link": "https://www.sec.gov/Archives/edgar/data/831001/000119312507038505/0001193125-07-038505-index.htm", "finalLink": "https://www.sec.gov/Archives/edgar/data/831001/000119312507038505/d10k.htm", "calculatedOtherExpenses": 10085000000, "calculatedOperatingExpenses": 43892000000, "calculatedNetInterest": 38904000000, "calculatedOtherIncome": -9292000000, "calculatedIncomeNonControlling": 0, "calculatedEbitda": 2530000000}, {"date": "2005-12-31", "symbol": "C", "reportedCurrency": "USD", "cik": "0000831001", "fillingDate": "2006-02-24", "acceptedDate": "2006-02-23 19:02:44", "calendarYear": "2005", "period": "FY", "revenue": 83642000000, "costOfRevenue": 39106000000, "grossProfit": 44536000000, "grossProfitRatio": 0.532459769, "researchAndDevelopmentExpenses": 0, "generalAndAdministrativeExpenses": 26609000000, "sellingAndMarketingExpenses": 2533000000, "sellingGeneralAndAdministrativeExpenses": 29142000000, "otherExpenses": 0, "operatingExpenses": 29142000000, "costAndExpenses": 47758000000, "interestIncome": 76021000000, "interestExpense": 36676000000, "depreciationAndAmortization": 2592000000, "ebitda": 72935000000, "ebitdaratio": 0.8719901485, "operatingIncome": 908000000, "operatingIncomeRatio": 0.0108557902, "totalOtherIncomeExpensesNet": 28884000000, "incomeBeforeTax": 28884000000, "incomeBeforeTaxRatio": 0.3453289017, "incomeTaxExpense": 9078000000, "netIncome": 24589000000, "netIncomeRatio": 0.2939791014, "eps": 48.4, "epsdiluted": 47.5, "weightedAverageShsOut": 506760000, "weightedAverageShsOutDil": 516040000, "link": "https://www.sec.gov/Archives/edgar/data/831001/000104746906002377/0001047469-06-002377-index.htm", "finalLink": "https://www.sec.gov/Archives/edgar/data/831001/000104746906002377/a2167745z10-k.htm", "calculatedOtherExpenses": 14486000000, "calculatedOperatingExpenses": 43628000000, "calculatedNetInterest": 39345000000, "calculatedOtherIncome": -11369000000, "calculatedIncomeNonControlling": -4783000000, "calculatedEbitda": 3500000000}, {"date": "2004-12-31", "symbol": "C", "reportedCurrency": "USD", "cik": "0000831001", "fillingDate": "2005-02-28", "acceptedDate": "2005-02-28 17:10:27", "calendarYear": "2004", "period": "FY", "revenue": 86190000000, "costOfRevenue": 48393000000, "grossProfit": 37797000000, "grossProfitRatio": 0.4385311521, "researchAndDevelopmentExpenses": 0, "generalAndAdministrativeExpenses": 27508000000, "sellingAndMarketingExpenses": 0, "sellingGeneralAndAdministrativeExpenses": 27508000000, "otherExpenses": 0, "operatingExpenses": 27508000000, "costAndExpenses": 55238000000, "interestIncome": 66709000000, "interestExpense": 22086000000, "depreciationAndAmortization": 687000000, "ebitda": 46728000000, "ebitdaratio": 0.5421510616, "operatingIncome": 3320000, "operatingIncomeRatio": 3.85195e-05, "totalOtherIncomeExpensesNet": 23955000000, "incomeBeforeTax": 23955000000, "incomeBeforeTaxRatio": 0.2779324748, "incomeTaxExpense": 6909000000, "netIncome": 17046000000, "netIncomeRatio": 0.1977723634, "eps": 33.2, "epsdiluted": 32.6, "weightedAverageShsOut": 510720000, "weightedAverageShsOutDil": 520740000, "link": "https://www.sec.gov/Archives/edgar/data/831001/000104746905004988/0001047469-05-004988-index.htm", "finalLink": "https://www.sec.gov/Archives/edgar/data/831001/000104746905004988/a2152655z10-k.htm", "calculatedOtherExpenses": 10285680000, "calculatedOperatingExpenses": 37793680000, "calculatedNetInterest": 44623000000, "calculatedOtherIncome": -20671320000, "calculatedIncomeNonControlling": 0, "calculatedEbitda": 690320000}, {"date": "2003-12-31", "symbol": "C", "reportedCurrency": "USD", "cik": "0000831001", "fillingDate": "2004-03-01", "acceptedDate": "2004-03-01 15:06:25", "calendarYear": "2003", "period": "FY", "revenue": 77442000000, "costOfRevenue": 34174000000, "grossProfit": 43268000000, "grossProfitRatio": 0.5587149092, "researchAndDevelopmentExpenses": 0, "generalAndAdministrativeExpenses": 25183000000, "sellingAndMarketingExpenses": 0, "sellingGeneralAndAdministrativeExpenses": 25183000000, "otherExpenses": 0, "operatingExpenses": 25183000000, "costAndExpenses": 39320000000, "interestIncome": 57047000000, "interestExpense": 17271000000, "depreciationAndAmortization": 2120000000, "ebitda": 45439000000, "ebitdaratio": 0.5867487926, "operatingIncome": 965000000, "operatingIncomeRatio": 0.0124609385, "totalOtherIncomeExpensesNet": 26048000000, "incomeBeforeTax": 26048000000, "incomeBeforeTaxRatio": 0.3363549495, "incomeTaxExpense": 8195000000, "netIncome": 17853000000, "netIncomeRatio": 0.2305338189, "eps": 34.9, "epsdiluted": 34.2, "weightedAverageShsOut": 509330000, "weightedAverageShsOutDil": 519360000, "link": "https://www.sec.gov/Archives/edgar/data/831001/000104746904006087/0001047469-04-006087-index.htm", "finalLink": "https://www.sec.gov/Archives/edgar/data/831001/000104746904006087/a2129612z10-k.htm", "calculatedOtherExpenses": 17120000000, "calculatedOperatingExpenses": 42303000000, "calculatedNetInterest": 39776000000, "calculatedOtherIncome": -14693000000, "calculatedIncomeNonControlling": 0, "calculatedEbitda": 3085000000}, {"date": "2002-12-31", "symbol": "C", "reportedCurrency": "USD", "cik": "0000831001", "fillingDate": "2003-03-03", "acceptedDate": "2003-03-03 12:57:31", "calendarYear": "2002", "period": "FY", "revenue": 71308000000, "costOfRevenue": 0, "grossProfit": 71308000000, "grossProfitRatio": 1, "researchAndDevelopmentExpenses": 0, "generalAndAdministrativeExpenses": 22128000000, "sellingAndMarketingExpenses": 0, "sellingGeneralAndAdministrativeExpenses": 22128000000, "otherExpenses": 0, "operatingExpenses": 22128000000, "costAndExpenses": 22128000000, "interestIncome": 58939000000, "interestExpense": 21248000000, "depreciationAndAmortization": 1926000000, "ebitda": 45448000000, "ebitdaratio": 0.6373478432, "operatingIncome": 43522000000, "operatingIncomeRatio": 0.610338251, "totalOtherIncomeExpensesNet": 20446000000, "incomeBeforeTax": 20446000000, "incomeBeforeTaxRatio": 0.2867279969, "incomeTaxExpense": 6998000000, "netIncome": 15276000000, "netIncomeRatio": 0.2142256128, "eps": 29.9, "epsdiluted": 29.4, "weightedAverageShsOut": 507800000, "weightedAverageShsOutDil": 516620000, "link": "https://www.sec.gov/Archives/edgar/data/831001/000104746903007460/0001047469-03-007460-index.htm", "finalLink": "https://www.sec.gov/Archives/edgar/data/831001/000104746903007460/a2104619z10-k.txt", "calculatedOtherExpenses": 5658000000, "calculatedOperatingExpenses": 27786000000, "calculatedNetInterest": 37691000000, "calculatedOtherIncome": -60767000000, "calculatedIncomeNonControlling": -1828000000, "calculatedEbitda": 45448000000}, {"date": "2001-12-31", "symbol": "C", "reportedCurrency": "USD", "cik": "0000831001", "fillingDate": "2002-03-12", "acceptedDate": "2002-03-12 00:00:00", "calendarYear": "2001", "period": "FY", "revenue": 80057000000, "costOfRevenue": 0, "grossProfit": 80057000000, "grossProfitRatio": 1, "researchAndDevelopmentExpenses": 0, "generalAndAdministrativeExpenses": 31208000000, "sellingAndMarketingExpenses": 0, "sellingGeneralAndAdministrativeExpenses": 31208000000, "otherExpenses": 0, "operatingExpenses": 31208000000, "costAndExpenses": 31208000000, "interestIncome": 66565000000, "interestExpense": 31965000000, "depreciationAndAmortization": 4479000000, "ebitda": 58096000000, "ebitdaratio": 0.7256829509, "operatingIncome": 53617000000, "operatingIncomeRatio": 0.6697353136, "totalOtherIncomeExpensesNet": 21810000000, "incomeBeforeTax": 21810000000, "incomeBeforeTaxRatio": 0.272430893, "incomeTaxExpense": 7526000000, "netIncome": 14126000000, "netIncomeRatio": 0.1764492799, "eps": 27.9, "epsdiluted": 27.2, "weightedAverageShsOut": 503170000, "weightedAverageShsOutDil": 514700000, "link": "https://www.sec.gov/Archives/edgar/data/831001/000091205702009629/0000912057-02-009629-index.htm", "finalLink": "https://www.sec.gov/Archives/edgar/data/831001/000091205702009629/a2072503z10-k405.txt", "calculatedOtherExpenses": -4768000000, "calculatedOperatingExpenses": 26440000000, "calculatedNetInterest": 34600000000, "calculatedOtherIncome": -66407000000, "calculatedIncomeNonControlling": 158000000, "calculatedEbitda": 58096000000}, {"date": "2000-12-31", "symbol": "C", "reportedCurrency": "USD", "cik": "0000831001", "fillingDate": "2001-03-14", "acceptedDate": "2001-03-14 00:00:00", "calendarYear": "2000", "period": "FY", "revenue": 75188000000, "costOfRevenue": 0, "grossProfit": 75188000000, "grossProfitRatio": 1, "researchAndDevelopmentExpenses": 0, "generalAndAdministrativeExpenses": 28780000000, "sellingAndMarketingExpenses": 0, "sellingGeneralAndAdministrativeExpenses": 28780000000, "otherExpenses": 0, "operatingExpenses": 28780000000, "costAndExpenses": 28780000000, "interestIncome": 64939000000, "interestExpense": 36638000000, "depreciationAndAmortization": 4324000000, "ebitda": 62006000000, "ebitdaratio": 0.8246794701, "operatingIncome": 57682000000, "operatingIncomeRatio": 0.7671702931, "totalOtherIncomeExpensesNet": 21044000000, "incomeBeforeTax": 21044000000, "incomeBeforeTaxRatio": 0.279885088, "incomeTaxExpense": 7525000000, "netIncome": 13519000000, "netIncomeRatio": 0.1798026281, "eps": 26.9, "epsdiluted": 26.2, "weightedAverageShsOut": 497700000, "weightedAverageShsOutDil": 512220000, "link": "https://www.sec.gov/Archives/edgar/data/831001/000091205701007605/0000912057-01-007605-index.htm", "finalLink": "https://www.sec.gov/Archives/edgar/data/831001/000091205701007605/a2040499z10-k405.txt", "calculatedOtherExpenses": -11274000000, "calculatedOperatingExpenses": 17506000000, "calculatedNetInterest": 28301000000, "calculatedOtherIncome": -64939000000, "calculatedIncomeNonControlling": 0, "calculatedEbitda": 62006000000}, {"date": "1999-12-31", "symbol": "C", "reportedCurrency": "USD", "cik": "0000831001", "fillingDate": "2000-03-10", "acceptedDate": "2000-03-10 00:00:00", "calendarYear": "1999", "period": "FY", "revenue": 57237000000, "costOfRevenue": 0, "grossProfit": 57237000000, "grossProfitRatio": 1, "researchAndDevelopmentExpenses": 0, "generalAndAdministrativeExpenses": 23207000000, "sellingAndMarketingExpenses": 0, "sellingGeneralAndAdministrativeExpenses": 23207000000, "otherExpenses": 0, "operatingExpenses": 23207000000, "costAndExpenses": 23207000000, "interestIncome": 44900000000, "interestExpense": 24768000000, "depreciationAndAmortization": 3327000000, "ebitda": 43665000000, "ebitdaratio": 0.7628806541, "operatingIncome": 40338000000, "operatingIncomeRatio": 0.7047539179, "totalOtherIncomeExpensesNet": 15697000000, "incomeBeforeTax": 15697000000, "incomeBeforeTaxRatio": 0.2742456802, "incomeTaxExpense": 5703000000, "netIncome": 9867000000, "netIncomeRatio": 0.17238849, "eps": 22.3, "epsdiluted": 21.7, "weightedAverageShsOut": 497920000, "weightedAverageShsOutDil": 512780000, "link": "https://www.sec.gov/Archives/edgar/data/831001/000100547700002089/0001005477-00-002089-index.htm", "finalLink": "https://www.sec.gov/Archives/edgar/data/831001/000100547700002089/0001005477-00-002089.txt", "calculatedOtherExpenses": -6308000000, "calculatedOperatingExpenses": 16899000000, "calculatedNetInterest": 20132000000, "calculatedOtherIncome": -44773000000, "calculatedIncomeNonControlling": 127000000, "calculatedEbitda": 43665000000}, {"date": "1998-12-31", "symbol": "C", "reportedCurrency": "USD", "cik": "0000831001", "fillingDate": "1999-03-08", "acceptedDate": "1999-03-08 00:00:00", "calendarYear": "1998", "period": "FY", "revenue": 48936000000, "costOfRevenue": 0, "grossProfit": 48936000000, "grossProfitRatio": 1, "researchAndDevelopmentExpenses": 0, "generalAndAdministrativeExpenses": 21701000000, "sellingAndMarketingExpenses": 0, "sellingGeneralAndAdministrativeExpenses": 21701000000, "otherExpenses": 0, "operatingExpenses": 21701000000, "costAndExpenses": 21701000000, "interestIncome": 46239000000, "interestExpense": 27495000000, "depreciationAndAmortization": 2979000000, "ebitda": 39515000000, "ebitdaratio": 0.8074832434, "operatingIncome": 36536000000, "operatingIncomeRatio": 0.7466078143, "totalOtherIncomeExpensesNet": 9041000000, "incomeBeforeTax": 9041000000, "incomeBeforeTaxRatio": 0.1847515122, "incomeTaxExpense": 3234000000, "netIncome": 5807000000, "netIncomeRatio": 0.1186651954, "eps": 13.5, "epsdiluted": 13.1, "weightedAverageShsOut": 499510000, "weightedAverageShsOutDil": 514370000, "link": "https://www.sec.gov/Archives/edgar/data/831001/000104746999008860/0001047469-99-008860-index.htm", "finalLink": "https://www.sec.gov/Archives/edgar/data/831001/0001047469-99-008860.txt", "calculatedOtherExpenses": -9301000000, "calculatedOperatingExpenses": 12400000000, "calculatedNetInterest": 18744000000, "calculatedOtherIncome": -46239000000, "calculatedIncomeNonControlling": 0, "calculatedEbitda": 39515000000}, {"date": "1997-12-31", "symbol": "C", "reportedCurrency": "USD", "cik": "0000831001", "fillingDate": "1998-03-24", "acceptedDate": "1998-03-24 00:00:00", "calendarYear": "1997", "period": "FY", "revenue": 26166000000, "costOfRevenue": 0, "grossProfit": 26166000000, "grossProfitRatio": 1, "researchAndDevelopmentExpenses": 0, "generalAndAdministrativeExpenses": 14059000000, "sellingAndMarketingExpenses": 0, "sellingGeneralAndAdministrativeExpenses": 14059000000, "otherExpenses": 0, "operatingExpenses": 14059000000, "costAndExpenses": 14059000000, "interestIncome": 16214000000, "interestExpense": 11443000000, "depreciationAndAmortization": 421000000, "ebitda": 16664000000, "ebitdaratio": 0.63685699, "operatingIncome": 16243000000, "operatingIncomeRatio": 0.6207674081, "totalOtherIncomeExpensesNet": 4800000000, "incomeBeforeTax": 4800000000, "incomeBeforeTaxRatio": 0.1834441642, "incomeTaxExpense": 1696000000, "netIncome": 3104000000, "netIncomeRatio": 0.1186272262, "eps": 14.3, "epsdiluted": 13.7, "weightedAverageShsOut": 449568760, "weightedAverageShsOutDil": 471528211, "link": "https://www.sec.gov/Archives/edgar/data/831001/000100547798000860/0001005477-98-000860-index.htm", "finalLink": "https://www.sec.gov/Archives/edgar/data/831001/0001005477-98-000860.txt", "calculatedOtherExpenses": -4136000000, "calculatedOperatingExpenses": 9923000000, "calculatedNetInterest": 4771000000, "calculatedOtherIncome": -16214000000, "calculatedIncomeNonControlling": 0, "calculatedEbitda": 16664000000}, {"date": "1996-12-31", "symbol": "C", "reportedCurrency": "USD", "cik": "0000831001", "fillingDate": "1997-03-26", "acceptedDate": "1997-03-26 00:00:00", "calendarYear": "1996", "period": "FY", "revenue": 19483000000, "costOfRevenue": 0, "grossProfit": 19483000000, "grossProfitRatio": 1, "researchAndDevelopmentExpenses": 0, "generalAndAdministrativeExpenses": 11134000000, "sellingAndMarketingExpenses": 0, "sellingGeneralAndAdministrativeExpenses": 11134000000, "otherExpenses": 0, "operatingExpenses": 11134000000, "costAndExpenses": 11134000000, "interestIncome": 5549000000, "interestExpense": 2259000000, "depreciationAndAmortization": 342000000, "ebitda": 5983000000, "ebitdaratio": 0.3070882308, "operatingIncome": 5641000000, "operatingIncomeRatio": 0.2895344659, "totalOtherIncomeExpensesNet": 3351000000, "incomeBeforeTax": 3351000000, "incomeBeforeTaxRatio": 0.1719960992, "incomeTaxExpense": 1051000000, "netIncome": 2331000000, "netIncomeRatio": 0.1196427655, "eps": 12.65, "epsdiluted": 12.1, "weightedAverageShsOut": 219514512, "weightedAverageShsOutDil": 234114147, "link": "https://www.sec.gov/Archives/edgar/data/831001/000100547797000866/0001005477-97-000866-index.htm", "finalLink": "https://www.sec.gov/Archives/edgar/data/831001/0001005477-97-000866.txt", "calculatedOtherExpenses": 2708000000, "calculatedOperatingExpenses": 13842000000, "calculatedNetInterest": 3290000000, "calculatedOtherIncome": -5580000000, "calculatedIncomeNonControlling": -31000000, "calculatedEbitda": 5983000000}, {"date": "1995-12-31", "symbol": "C", "reportedCurrency": "USD", "cik": "0000831001", "fillingDate": "1996-03-27", "acceptedDate": "1996-03-27 00:00:00", "calendarYear": "1995", "period": "FY", "revenue": 14607000000, "costOfRevenue": 0, "grossProfit": 14607000000, "grossProfitRatio": 1, "researchAndDevelopmentExpenses": 0, "generalAndAdministrativeExpenses": 8459000000, "sellingAndMarketingExpenses": 0, "sellingGeneralAndAdministrativeExpenses": 8459000000, "otherExpenses": 0, "operatingExpenses": 8459000000, "costAndExpenses": 8459000000, "interestIncome": 4355000000, "interestExpense": 1956000000, "depreciationAndAmortization": 304000000, "ebitda": 4987000000, "ebitdaratio": 0.3414116519, "operatingIncome": 4683000000, "operatingIncomeRatio": 0.3205997125, "totalOtherIncomeExpensesNet": 2521000000, "incomeBeforeTax": 2521000000, "incomeBeforeTaxRatio": 0.172588485, "incomeTaxExpense": 893000000, "netIncome": 1834000000, "netIncomeRatio": 0.1255562402, "eps": 9.2, "epsdiluted": 9.2, "weightedAverageShsOut": 190435239, "weightedAverageShsOutDil": 190655738, "link": "https://www.sec.gov/Archives/edgar/data/831001/000095011296000929/0000950112-96-000929-index.htm", "finalLink": "https://www.sec.gov/Archives/edgar/data/831001/0000950112-96-000929.txt", "calculatedOtherExpenses": 1465000000, "calculatedOperatingExpenses": 9924000000, "calculatedNetInterest": 2399000000, "calculatedOtherIncome": -4561000000, "calculatedIncomeNonControlling": -206000000, "calculatedEbitda": 4987000000}, {"date": "1994-12-31", "symbol": "C", "reportedCurrency": "USD", "cik": "0000831001", "fillingDate": "1995-03-31", "acceptedDate": "1995-03-31 00:00:00", "calendarYear": "1994", "period": "FY", "revenue": 17435000000, "costOfRevenue": 0, "grossProfit": 17435000000, "grossProfitRatio": 1, "researchAndDevelopmentExpenses": 0, "generalAndAdministrativeExpenses": 11038000000, "sellingAndMarketingExpenses": 0, "sellingGeneralAndAdministrativeExpenses": 11038000000, "otherExpenses": 0, "operatingExpenses": 11038000000, "costAndExpenses": 11038000000, "interestIncome": 3637000000, "interestExpense": 1284000000, "depreciationAndAmortization": 349000000, "ebitda": 3782000000, "ebitdaratio": 0.2169199885, "operatingIncome": 3433000000, "operatingIncomeRatio": 0.1969027818, "totalOtherIncomeExpensesNet": 2149000000, "incomeBeforeTax": 2149000000, "incomeBeforeTaxRatio": 0.1232578147, "incomeTaxExpense": 823000000, "netIncome": 1326000000, "netIncomeRatio": 0.0760539145, "eps": 6.44, "epsdiluted": 6.44, "weightedAverageShsOut": 193146871, "weightedAverageShsOutDil": 193333333, "link": "https://www.sec.gov/Archives/edgar/data/831001/000095011295000845/0000950112-95-000845-index.htm", "finalLink": "https://www.sec.gov/Archives/edgar/data/831001/0000950112-95-000845.txt", "calculatedOtherExpenses": 2964000000, "calculatedOperatingExpenses": 14002000000, "calculatedNetInterest": 2353000000, "calculatedOtherIncome": -3637000000, "calculatedIncomeNonControlling": 0, "calculatedEbitda": 3782000000}, {"date": "1993-12-31", "symbol": "C", "reportedCurrency": "USD", "cik": "0000831001", "fillingDate": "1994-03-31", "acceptedDate": "1994-03-31 00:00:00", "calendarYear": "1993", "period": "FY", "revenue": 6103000000, "costOfRevenue": 0, "grossProfit": 6103000000, "grossProfitRatio": 1, "researchAndDevelopmentExpenses": 0, "generalAndAdministrativeExpenses": 2890000000, "sellingAndMarketingExpenses": 0, "sellingGeneralAndAdministrativeExpenses": 2890000000, "otherExpenses": 0, "operatingExpenses": 2890000000, "costAndExpenses": 2890000000, "interestIncome": 718000000, "interestExpense": 707000000, "depreciationAndAmortization": 125000000, "ebitda": 2298000000, "ebitdaratio": 0.3765361298, "operatingIncome": 2173000000, "operatingIncomeRatio": 0.3560543995, "totalOtherIncomeExpensesNet": 1501000000, "incomeBeforeTax": 1501000000, "incomeBeforeTaxRatio": 0.2459446174, "incomeTaxExpense": 550000000, "netIncome": 916000000, "netIncomeRatio": 0.1500901196, "eps": 9.6, "epsdiluted": 9.1, "weightedAverageShsOut": 146857143, "weightedAverageShsOutDil": 146857143, "link": "https://www.sec.gov/Archives/edgar/data/831001/000095011294000839/0000950112-94-000839-index.htm", "finalLink": "https://www.sec.gov/Archives/edgar/data/831001/0000950112-94-000839.txt", "calculatedOtherExpenses": 1040000000, "calculatedOperatingExpenses": 3930000000, "calculatedNetInterest": 11000000, "calculatedOtherIncome": -683000000, "calculatedIncomeNonControlling": 35000000, "calculatedEbitda": 2298000000}, {"date": "1992-12-31", "symbol": "C", "reportedCurrency": "USD", "cik": "0000831001", "fillingDate": "1992-12-31", "acceptedDate": "1992-12-30 19:00:00", "calendarYear": "1992", "period": "FY", "revenue": 4638700000, "costOfRevenue": 0, "grossProfit": 4638700000, "grossProfitRatio": 1, "researchAndDevelopmentExpenses": 0, "generalAndAdministrativeExpenses": 1976000000, "sellingAndMarketingExpenses": 0, "sellingGeneralAndAdministrativeExpenses": 1976000000, "otherExpenses": 0, "operatingExpenses": 1976000000, "costAndExpenses": 1976000000, "interestIncome": 605400000, "interestExpense": 673900000, "depreciationAndAmortization": 97100000, "ebitda": 1930700000, "ebitdaratio": 0.4162157501, "operatingIncome": 1833600000, "operatingIncomeRatio": 0.3952831612, "totalOtherIncomeExpensesNet": 1187800000, "incomeBeforeTax": 1187800000, "incomeBeforeTaxRatio": 0.2560631211, "incomeTaxExpense": 431600000, "netIncome": 728100000, "netIncomeRatio": 0.1569620799, "eps": 5.4, "epsdiluted": 5.4, "weightedAverageShsOut": 133481481, "weightedAverageShsOutDil": 133481481, "link": null, "finalLink": null, "calculatedOtherExpenses": 829100000, "calculatedOperatingExpenses": 2805100000, "calculatedNetInterest": -68500000, "calculatedOtherIncome": -577300000, "calculatedIncomeNonControlling": 28100000, "calculatedEbitda": 1930700000}, {"date": "1991-12-31", "symbol": "C", "reportedCurrency": "USD", "cik": "0000831001", "fillingDate": "1991-12-31", "acceptedDate": "1991-12-30 19:00:00", "calendarYear": "1991", "period": "FY", "revenue": 5794900000, "costOfRevenue": 0, "grossProfit": 5794900000, "grossProfitRatio": 1, "researchAndDevelopmentExpenses": 0, "generalAndAdministrativeExpenses": 2137500000, "sellingAndMarketingExpenses": 621500000, "sellingGeneralAndAdministrativeExpenses": 2759000000, "otherExpenses": 0, "operatingExpenses": 2759000000, "costAndExpenses": 2759000000, "interestIncome": 687900000, "interestExpense": 875900000, "depreciationAndAmortization": 120400000, "ebitda": 1761800000, "ebitdaratio": 0.3040259539, "operatingIncome": 1641400000, "operatingIncomeRatio": 0.2832490638, "totalOtherIncomeExpensesNet": 765500000, "incomeBeforeTax": 765500000, "incomeBeforeTaxRatio": 0.1320989146, "incomeTaxExpense": 286700000, "netIncome": 478800000, "netIncomeRatio": 0.0826243766, "eps": 3.5, "epsdiluted": 3.5, "weightedAverageShsOut": 136800000, "weightedAverageShsOutDil": 136800000, "link": null, "finalLink": null, "calculatedOtherExpenses": 1394500000, "calculatedOperatingExpenses": 4153500000, "calculatedNetInterest": -188000000, "calculatedOtherIncome": -687900000, "calculatedIncomeNonControlling": 0, "calculatedEbitda": 1761800000}, {"date": "1990-12-31", "symbol": "C", "reportedCurrency": "USD", "cik": "0000831001", "fillingDate": "1990-12-31", "acceptedDate": "1990-12-30 19:00:00", "calendarYear": "1990", "period": "FY", "revenue": 5181900000, "costOfRevenue": 0, "grossProfit": 5181900000, "grossProfitRatio": 1, "researchAndDevelopmentExpenses": 0, "generalAndAdministrativeExpenses": 2005900000, "sellingAndMarketingExpenses": 567100000, "sellingGeneralAndAdministrativeExpenses": 2573000000, "otherExpenses": 0, "operatingExpenses": 2573000000, "costAndExpenses": 2573000000, "interestIncome": 839000000, "interestExpense": 1027200000, "depreciationAndAmortization": 124100000, "ebitda": 1739900000, "ebitdaratio": 0.3357648739, "operatingIncome": 1615800000, "operatingIncomeRatio": 0.3118161292, "totalOtherIncomeExpensesNet": 588600000, "incomeBeforeTax": 588600000, "incomeBeforeTaxRatio": 0.1135876802, "incomeTaxExpense": 215700000, "netIncome": 372900000, "netIncomeRatio": 0.0719620217, "eps": 2.8, "epsdiluted": 2.8, "weightedAverageShsOut": 133178571, "weightedAverageShsOutDil": 133178571, "link": null, "finalLink": null, "calculatedOtherExpenses": 993100000, "calculatedOperatingExpenses": 3566100000, "calculatedNetInterest": -188200000, "calculatedOtherIncome": -839000000, "calculatedIncomeNonControlling": 0, "calculatedEbitda": 1739900000}, {"date": "1989-12-31", "symbol": "C", "reportedCurrency": "USD", "cik": "0000831001", "fillingDate": "1989-12-31", "acceptedDate": "1989-12-30 19:00:00", "calendarYear": "1989", "period": "FY", "revenue": 4694700000, "costOfRevenue": 0, "grossProfit": 4694700000, "grossProfitRatio": 1, "researchAndDevelopmentExpenses": 0, "generalAndAdministrativeExpenses": 1884600000, "sellingAndMarketingExpenses": 0, "sellingGeneralAndAdministrativeExpenses": 1884600000, "otherExpenses": 0, "operatingExpenses": 1884600000, "costAndExpenses": 1884600000, "interestIncome": 872700000, "interestExpense": 1000600000, "depreciationAndAmortization": 102500000, "ebitda": 1573700000, "ebitdaratio": 0.3352077875, "operatingIncome": 1471200000, "operatingIncomeRatio": 0.3133746565, "totalOtherIncomeExpensesNet": 470600000, "incomeBeforeTax": 470600000, "incomeBeforeTaxRatio": 0.100240697, "incomeTaxExpense": 181600000, "netIncome": 289000000, "netIncomeRatio": 0.061558779, "eps": 2.3, "epsdiluted": 2.3, "weightedAverageShsOut": 125652174, "weightedAverageShsOutDil": 125652174, "link": null, "finalLink": null, "calculatedOtherExpenses": 1338900000, "calculatedOperatingExpenses": 3223500000, "calculatedNetInterest": -127900000, "calculatedOtherIncome": -872700000, "calculatedIncomeNonControlling": 0, "calculatedEbitda": 1573700000}, {"date": "1988-12-31", "symbol": "C", "reportedCurrency": "USD", "cik": "0000831001", "fillingDate": "1988-12-31", "acceptedDate": "1988-12-30 19:00:00", "calendarYear": "1988", "period": "FY", "revenue": 0, "costOfRevenue": 0, "grossProfit": 0, "grossProfitRatio": 0, "researchAndDevelopmentExpenses": 0, "generalAndAdministrativeExpenses": 0, "sellingAndMarketingExpenses": 0, "sellingGeneralAndAdministrativeExpenses": 0, "otherExpenses": 161800000, "operatingExpenses": 161800000, "costAndExpenses": 161800000, "interestIncome": 0, "interestExpense": 0, "depreciationAndAmortization": 0, "ebitda": 161800000, "ebitdaratio": 0, "operatingIncome": 161800000, "operatingIncomeRatio": 0, "totalOtherIncomeExpensesNet": 0, "incomeBeforeTax": 161800000, "incomeBeforeTaxRatio": 0, "incomeTaxExpense": -161800000, "netIncome": 161800000, "netIncomeRatio": 0, "eps": 1.41, "epsdiluted": 1.41, "weightedAverageShsOut": 114969466, "weightedAverageShsOutDil": 114969466, "link": null, "finalLink": null, "calculatedOtherExpenses": -161800000, "calculatedOperatingExpenses": -161800000, "calculatedNetInterest": 0, "calculatedOtherIncome": 0, "calculatedIncomeNonControlling": 161800000, "calculatedEbitda": 161800000}, {"date": "1987-12-31", "symbol": "C", "reportedCurrency": "USD", "cik": "0000831001", "fillingDate": "1987-12-31", "acceptedDate": "1987-12-30 19:00:00", "calendarYear": "1987", "period": "FY", "revenue": 0, "costOfRevenue": 0, "grossProfit": 0, "grossProfitRatio": 0, "researchAndDevelopmentExpenses": 0, "generalAndAdministrativeExpenses": 0, "sellingAndMarketingExpenses": 0, "sellingGeneralAndAdministrativeExpenses": 0, "otherExpenses": 23700000, "operatingExpenses": 23700000, "costAndExpenses": 23700000, "interestIncome": 0, "interestExpense": 0, "depreciationAndAmortization": 0, "ebitda": 23700000, "ebitdaratio": 0, "operatingIncome": 23700000, "operatingIncomeRatio": 0, "totalOtherIncomeExpensesNet": 0, "incomeBeforeTax": 23700000, "incomeBeforeTaxRatio": 0, "incomeTaxExpense": -23700000, "netIncome": 23700000, "netIncomeRatio": 0, "eps": 0.4, "epsdiluted": 0.4, "weightedAverageShsOut": 59250000, "weightedAverageShsOutDil": 59250000, "link": null, "finalLink": null, "calculatedOtherExpenses": -23700000, "calculatedOperatingExpenses": -23700000, "calculatedNetInterest": 0, "calculatedOtherIncome": 0, "calculatedIncomeNonControlling": 23700000, "calculatedEbitda": 23700000}, {"date": "1986-12-31", "symbol": "C", "reportedCurrency": "USD", "cik": "0000831001", "fillingDate": "1986-12-31", "acceptedDate": "1986-12-30 19:00:00", "calendarYear": "1986", "period": "FY", "revenue": 0, "costOfRevenue": 0, "grossProfit": 0, "grossProfitRatio": 0, "researchAndDevelopmentExpenses": 0, "generalAndAdministrativeExpenses": 0, "sellingAndMarketingExpenses": 0, "sellingGeneralAndAdministrativeExpenses": 0, "otherExpenses": 45900000, "operatingExpenses": 45900000, "costAndExpenses": 45900000, "interestIncome": 0, "interestExpense": 0, "depreciationAndAmortization": 0, "ebitda": 45900000, "ebitdaratio": 0, "operatingIncome": 45900000, "operatingIncomeRatio": 0, "totalOtherIncomeExpensesNet": 0, "incomeBeforeTax": 45900000, "incomeBeforeTaxRatio": 0, "incomeTaxExpense": -45900000, "netIncome": 45900000, "netIncomeRatio": 0, "eps": 1, "epsdiluted": 1, "weightedAverageShsOut": 45900000, "weightedAverageShsOutDil": 45900000, "link": null, "finalLink": null, "calculatedOtherExpenses": -45900000, "calculatedOperatingExpenses": -45900000, "calculatedNetInterest": 0, "calculatedOtherIncome": 0, "calculatedIncomeNonControlling": 45900000, "calculatedEbitda": 45900000}]}