{"originalCurrency": "USD", "convertedCurrency": "USD", "report": [{"date": "2023-12-31", "symbol": "CABO", "reportedCurrency": "USD", "cik": "0001632127", "fillingDate": "2024-02-23", "acceptedDate": "2024-02-22 18:01:22", "calendarYear": "2023", "period": "FY", "revenue": 1678081000, "costOfRevenue": 440916000, "grossProfit": 1237165000, "grossProfitRatio": 0.7372498705, "researchAndDevelopmentExpenses": 0, "generalAndAdministrativeExpenses": 0, "sellingAndMarketingExpenses": 0, "sellingGeneralAndAdministrativeExpenses": 354663000, "otherExpenses": -3340000, "operatingExpenses": 697554000, "costAndExpenses": 1138470000, "interestIncome": 18569000, "interestExpense": 170147000, "depreciationAndAmortization": 342891000, "ebitda": 897731000, "ebitdaratio": 0.5349747718, "operatingIncome": 526903000, "operatingIncomeRatio": 0.3139913985, "totalOtherIncomeExpensesNet": 23363000, "incomeBeforeTax": 411396000, "incomeBeforeTaxRatio": 0.2451586068, "incomeTaxExpense": 89704000, "netIncome": 267436000, "netIncomeRatio": 0.1593701377, "eps": 47.34, "epsdiluted": 45.14, "weightedAverageShsOut": 5648934, "weightedAverageShsOutDil": 6062331, "link": "https://www.sec.gov/Archives/edgar/data/1632127/000163212724000027/0001632127-24-000027-index.htm", "finalLink": "https://www.sec.gov/Archives/edgar/data/1632127/000163212724000027/cabo-20231231.htm", "calculatedOtherExpenses": 355599000, "calculatedOperatingExpenses": 710262000, "calculatedNetInterest": -151578000, "calculatedOtherIncome": 36071000, "calculatedIncomeNonControlling": 54256000, "calculatedEbitda": 869794000}, {"date": "2022-12-31", "symbol": "CABO", "reportedCurrency": "USD", "cik": "0001632127", "fillingDate": "2023-02-24", "acceptedDate": "2023-02-23 18:01:02", "calendarYear": "2022", "period": "FY", "revenue": 1706043000, "costOfRevenue": 470916000, "grossProfit": 1235127000, "grossProfitRatio": 0.7239717873, "researchAndDevelopmentExpenses": 0, "generalAndAdministrativeExpenses": 0, "sellingAndMarketingExpenses": 0, "sellingGeneralAndAdministrativeExpenses": 350310000, "otherExpenses": 350462000, "operatingExpenses": 700772000, "costAndExpenses": 1171688000, "interestIncome": 124043000, "interestExpense": 137713000, "depreciationAndAmortization": 319915000, "ebitda": 858904000, "ebitdaratio": 0.5034480374, "operatingIncome": 538989000, "operatingIncomeRatio": 0.3159293171, "totalOtherIncomeExpensesNet": -163626000, "incomeBeforeTax": 375363000, "incomeBeforeTaxRatio": 0.2200196595, "incomeTaxExpense": 126332000, "netIncome": 234118000, "netIncomeRatio": 0.1372286631, "eps": 39.73, "epsdiluted": 37.08, "weightedAverageShsOut": 5892077, "weightedAverageShsOutDil": 6314148, "link": "https://www.sec.gov/Archives/edgar/data/1632127/000143774923004428/0001437749-23-004428-index.htm", "finalLink": "https://www.sec.gov/Archives/edgar/data/1632127/000143774923004428/cabo20221231_10k.htm", "calculatedOtherExpenses": 345828000, "calculatedOperatingExpenses": 696138000, "calculatedNetInterest": -13670000, "calculatedOtherIncome": -149956000, "calculatedIncomeNonControlling": 14913000, "calculatedEbitda": 858904000}, {"date": "2021-12-31", "symbol": "CABO", "reportedCurrency": "USD", "cik": "0001632127", "fillingDate": "2022-02-25", "acceptedDate": "2022-02-24 18:02:24", "calendarYear": "2021", "period": "FY", "revenue": 1605836000, "costOfRevenue": 455352000, "grossProfit": 1150484000, "grossProfitRatio": 0.7164392877, "researchAndDevelopmentExpenses": 0, "generalAndAdministrativeExpenses": 0, "sellingAndMarketingExpenses": 0, "sellingGeneralAndAdministrativeExpenses": 347058000, "otherExpenses": 339025000, "operatingExpenses": 686083000, "costAndExpenses": 1141435000, "interestIncome": 104000000, "interestExpense": 113449000, "depreciationAndAmortization": 340852000, "ebitda": 797424000, "ebitdaratio": 0.4965787291, "operatingIncome": 456572000, "operatingIncomeRatio": 0.2843204412, "totalOtherIncomeExpensesNet": -119451000, "incomeBeforeTax": 337121000, "incomeBeforeTaxRatio": 0.2099348875, "incomeTaxExpense": 45765000, "netIncome": 291824000, "netIncomeRatio": 0.1817271502, "eps": 48.49, "epsdiluted": 45.69, "weightedAverageShsOut": 6017778, "weightedAverageShsOutDil": 6387354, "link": "https://www.sec.gov/Archives/edgar/data/1632127/000143774922004364/0001437749-22-004364-index.htm", "finalLink": "https://www.sec.gov/Archives/edgar/data/1632127/000143774922004364/cabo20211231_10k.htm", "calculatedOtherExpenses": 346854000, "calculatedOperatingExpenses": 693912000, "calculatedNetInterest": -9449000, "calculatedOtherIncome": -110002000, "calculatedIncomeNonControlling": -468000, "calculatedEbitda": 797424000}, {"date": "2020-12-31", "symbol": "CABO", "reportedCurrency": "USD", "cik": "0001632127", "fillingDate": "2021-02-26", "acceptedDate": "2021-02-25 21:01:19", "calendarYear": "2020", "period": "FY", "revenue": 1325229000, "costOfRevenue": 418704000, "grossProfit": 906525000, "grossProfitRatio": 0.6840515866, "researchAndDevelopmentExpenses": 0, "generalAndAdministrativeExpenses": 0, "sellingAndMarketingExpenses": 0, "sellingGeneralAndAdministrativeExpenses": 255163000, "otherExpenses": 265658000, "operatingExpenses": 520821000, "costAndExpenses": 939525000, "interestIncome": 71271000, "interestExpense": 73607000, "depreciationAndAmortization": 265658000, "ebitda": 634951000, "ebitdaratio": 0.4791254945, "operatingIncome": 369293000, "operatingIncomeRatio": 0.2786635366, "totalOtherIncomeExpensesNet": 10039000, "incomeBeforeTax": 379332000, "incomeBeforeTaxRatio": 0.2862388312, "incomeTaxExpense": 76317000, "netIncome": 304391000, "netIncomeRatio": 0.2296893593, "eps": 51.73, "epsdiluted": 51.27, "weightedAverageShsOut": 5884780, "weightedAverageShsOutDil": 5937582, "link": "https://www.sec.gov/Archives/edgar/data/1632127/000143774921004160/0001437749-21-004160-index.htm", "finalLink": "https://www.sec.gov/Archives/edgar/data/1632127/000143774921004160/cabo20201231_10k.htm", "calculatedOtherExpenses": 282069000, "calculatedOperatingExpenses": 537232000, "calculatedNetInterest": -2336000, "calculatedOtherIncome": 12375000, "calculatedIncomeNonControlling": -1376000, "calculatedEbitda": 634951000}, {"date": "2019-12-31", "symbol": "CABO", "reportedCurrency": "USD", "cik": "0001632127", "fillingDate": "2020-02-28", "acceptedDate": "2020-02-27 18:02:25", "calendarYear": "2019", "period": "FY", "revenue": 1167997000, "costOfRevenue": 388552000, "grossProfit": 779445000, "grossProfitRatio": 0.667334762, "researchAndDevelopmentExpenses": 0, "generalAndAdministrativeExpenses": 0, "sellingAndMarketingExpenses": 0, "sellingGeneralAndAdministrativeExpenses": 245120000, "otherExpenses": 216687000, "operatingExpenses": 461807000, "costAndExpenses": 850359000, "interestIncome": 69462000, "interestExpense": 71729000, "depreciationAndAmortization": 218967000, "ebitda": 529418000, "ebitdaratio": 0.4532699998, "operatingIncome": 310451000, "operatingIncomeRatio": 0.2657977717, "totalOtherIncomeExpensesNet": -76636000, "incomeBeforeTax": 233815000, "incomeBeforeTaxRatio": 0.2001845895, "incomeTaxExpense": 55233000, "netIncome": 178582000, "netIncomeRatio": 0.1528959407, "eps": 31.45, "epsdiluted": 31.12, "weightedAverageShsOut": 5678990, "weightedAverageShsOutDil": 5737856, "link": "https://www.sec.gov/Archives/edgar/data/1632127/000143774920003799/0001437749-20-003799-index.htm", "finalLink": "https://www.sec.gov/Archives/edgar/data/1632127/000143774920003799/cabo20191231_10k.htm", "calculatedOtherExpenses": 223874000, "calculatedOperatingExpenses": 468994000, "calculatedNetInterest": -2267000, "calculatedOtherIncome": -74369000, "calculatedIncomeNonControlling": 0, "calculatedEbitda": 529418000}, {"date": "2018-12-31", "symbol": "CABO", "reportedCurrency": "USD", "cik": "0001632127", "fillingDate": "2019-02-28", "acceptedDate": "2019-02-27 18:01:59", "calendarYear": "2018", "period": "FY", "revenue": 1072295000, "costOfRevenue": 370269000, "grossProfit": 702026000, "grossProfitRatio": 0.6546948368, "researchAndDevelopmentExpenses": 0, "generalAndAdministrativeExpenses": 222216000, "sellingAndMarketingExpenses": 0, "sellingGeneralAndAdministrativeExpenses": 222216000, "otherExpenses": 4487000, "operatingExpenses": 419947000, "costAndExpenses": 790216000, "interestIncome": 0, "interestExpense": 60415000, "depreciationAndAmortization": 197731000, "ebitda": 484297000, "ebitdaratio": 0.4516453028, "operatingIncome": 267912000, "operatingIncomeRatio": 0.2498491553, "totalOtherIncomeExpensesNet": -9680000, "incomeBeforeTax": 211984000, "incomeBeforeTaxRatio": 0.1976918665, "incomeTaxExpense": 47224000, "netIncome": 164760000, "netIncomeRatio": 0.153651747, "eps": 28.98, "epsdiluted": 28.77, "weightedAverageShsOut": 5684375, "weightedAverageShsOutDil": 5725963, "link": "https://www.sec.gov/Archives/edgar/data/1632127/000143774919003504/0001437749-19-003504-index.htm", "finalLink": "https://www.sec.gov/Archives/edgar/data/1632127/000143774919003504/cabo20181231_10k.htm", "calculatedOtherExpenses": 211898000, "calculatedOperatingExpenses": 434114000, "calculatedNetInterest": -60415000, "calculatedOtherIncome": 4487000, "calculatedIncomeNonControlling": 0, "calculatedEbitda": 465643000}, {"date": "2017-12-31", "symbol": "CABO", "reportedCurrency": "USD", "cik": "0001632127", "fillingDate": "2018-03-01", "acceptedDate": "2018-03-01 17:02:56", "calendarYear": "2017", "period": "FY", "revenue": 960029000, "costOfRevenue": 337040000, "grossProfit": 622989000, "grossProfitRatio": 0.648927272, "researchAndDevelopmentExpenses": 0, "generalAndAdministrativeExpenses": 204799000, "sellingAndMarketingExpenses": 0, "sellingGeneralAndAdministrativeExpenses": 204799000, "otherExpenses": 668000, "operatingExpenses": 386418000, "costAndExpenses": 723458000, "interestIncome": 0, "interestExpense": 46864000, "depreciationAndAmortization": 181619000, "ebitda": 418858000, "ebitdaratio": 0.4362972369, "operatingIncome": 235997000, "operatingIncomeRatio": 0.2458227824, "totalOtherIncomeExpensesNet": 94000, "incomeBeforeTax": 189801000, "incomeBeforeTaxRatio": 0.1977034027, "incomeTaxExpense": -44227000, "netIncome": 234028000, "netIncomeRatio": 0.2437718027, "eps": 41.2, "epsdiluted": 40.72, "weightedAverageShsOut": 5680073, "weightedAverageShsOutDil": 5747037, "link": "https://www.sec.gov/Archives/edgar/data/1632127/000143774918003668/0001437749-18-003668-index.htm", "finalLink": "https://www.sec.gov/Archives/edgar/data/1632127/000143774918003668/cabo20171231_10k.htm", "calculatedOtherExpenses": 182193000, "calculatedOperatingExpenses": 386992000, "calculatedNetInterest": -46864000, "calculatedOtherIncome": 668000, "calculatedIncomeNonControlling": 0, "calculatedEbitda": 417616000}, {"date": "2016-12-31", "symbol": "CABO", "reportedCurrency": "USD", "cik": "0001632127", "fillingDate": "2017-03-01", "acceptedDate": "2017-03-01 13:15:29", "calendarYear": "2016", "period": "FY", "revenue": 819625000, "costOfRevenue": 304438000, "grossProfit": 515187000, "grossProfitRatio": 0.6285642824, "researchAndDevelopmentExpenses": 0, "generalAndAdministrativeExpenses": 184797000, "sellingAndMarketingExpenses": 0, "sellingGeneralAndAdministrativeExpenses": 184797000, "otherExpenses": 5121000, "operatingExpenses": 326980000, "costAndExpenses": 631418000, "interestIncome": 0, "interestExpense": 30221000, "depreciationAndAmortization": 142183000, "ebitda": 335511000, "ebitdaratio": 0.4093469575, "operatingIncome": 188207000, "operatingIncomeRatio": 0.2296257435, "totalOtherIncomeExpensesNet": 5121000, "incomeBeforeTax": 163107000, "incomeBeforeTaxRatio": 0.1990019826, "incomeTaxExpense": 64168000, "netIncome": 98939000, "netIncomeRatio": 0.120712521, "eps": 17.23, "epsdiluted": 17.14, "weightedAverageShsOut": 5743568, "weightedAverageShsOutDil": 5770960, "link": "https://www.sec.gov/Archives/edgar/data/1632127/000143774917003513/0001437749-17-003513-index.htm", "finalLink": "https://www.sec.gov/Archives/edgar/data/1632127/000143774917003513/cabo20161231_10k.htm", "calculatedOtherExpenses": 142183000, "calculatedOperatingExpenses": 326980000, "calculatedNetInterest": -30221000, "calculatedOtherIncome": 5121000, "calculatedIncomeNonControlling": 0, "calculatedEbitda": 330390000}, {"date": "2015-12-31", "symbol": "CABO", "reportedCurrency": "USD", "cik": "0001632127", "fillingDate": "2016-03-07", "acceptedDate": "2016-03-07 17:18:46", "calendarYear": "2015", "period": "FY", "revenue": 807266000, "costOfRevenue": 310925000, "grossProfit": 496341000, "grossProfitRatio": 0.614841948, "researchAndDevelopmentExpenses": 0, "generalAndAdministrativeExpenses": 193964000, "sellingAndMarketingExpenses": 0, "sellingGeneralAndAdministrativeExpenses": 193964000, "otherExpenses": -232000, "operatingExpenses": 334599000, "costAndExpenses": 645524000, "interestIncome": 0, "interestExpense": 16090000, "depreciationAndAmortization": 140635000, "ebitda": 302145000, "ebitdaratio": 0.3742818352, "operatingIncome": 161742000, "operatingIncomeRatio": 0.2003577507, "totalOtherIncomeExpensesNet": -232000, "incomeBeforeTax": 145420000, "incomeBeforeTaxRatio": 0.1801388885, "incomeTaxExpense": 56387000, "netIncome": 89033000, "netIncomeRatio": 0.1102895452, "eps": 15.69, "epsdiluted": 15.67, "weightedAverageShsOut": 5853283, "weightedAverageShsOutDil": 5860089, "link": "https://www.sec.gov/Archives/edgar/data/1632127/000143774916026995/0001437749-16-026995-index.htm", "finalLink": "https://www.sec.gov/Archives/edgar/data/1632127/000143774916026995/cabo20151119_10k.htm", "calculatedOtherExpenses": 140635000, "calculatedOperatingExpenses": 334599000, "calculatedNetInterest": -16090000, "calculatedOtherIncome": -232000, "calculatedIncomeNonControlling": 0, "calculatedEbitda": 302377000}, {"date": "2014-12-31", "symbol": "CABO", "reportedCurrency": "USD", "cik": "0001632127", "fillingDate": "2014-12-31", "acceptedDate": "2014-12-30 19:00:00", "calendarYear": "2014", "period": "FY", "revenue": 814812000, "costOfRevenue": 327974000, "grossProfit": 486838000, "grossProfitRatio": 0.597485064, "researchAndDevelopmentExpenses": 0, "generalAndAdministrativeExpenses": 188858000, "sellingAndMarketingExpenses": 0, "sellingGeneralAndAdministrativeExpenses": 188858000, "otherExpenses": 74196000, "operatingExpenses": 323025000, "costAndExpenses": 650999000, "interestIncome": 0, "interestExpense": 0, "depreciationAndAmortization": 134167000, "ebitda": 297980000, "ebitdaratio": 0.3657039906, "operatingIncome": 163813000, "operatingIncomeRatio": 0.2010439218, "totalOtherIncomeExpensesNet": 74196000, "incomeBeforeTax": 238009000, "incomeBeforeTaxRatio": 0.2921029636, "incomeTaxExpense": 90700000, "netIncome": 147309000, "netIncomeRatio": 0.1807889427, "eps": 25.27, "epsdiluted": 25.27, "weightedAverageShsOut": 5830000, "weightedAverageShsOutDil": 5830000, "link": "", "finalLink": "", "calculatedOtherExpenses": 134167000, "calculatedOperatingExpenses": 323025000, "calculatedNetInterest": 0, "calculatedOtherIncome": 74196000, "calculatedIncomeNonControlling": 0, "calculatedEbitda": 297980000}, {"date": "2013-12-31", "symbol": "CABO", "reportedCurrency": "USD", "cik": "0001632127", "fillingDate": "2013-12-31", "acceptedDate": "2013-12-30 19:00:00", "calendarYear": "2013", "period": "FY", "revenue": 825707000, "costOfRevenue": 351182000, "grossProfit": 474525000, "grossProfitRatio": 0.5746893268, "researchAndDevelopmentExpenses": 0, "generalAndAdministrativeExpenses": 184370000, "sellingAndMarketingExpenses": 0, "sellingGeneralAndAdministrativeExpenses": 184370000, "otherExpenses": -135000, "operatingExpenses": 310079000, "costAndExpenses": 661261000, "interestIncome": 0, "interestExpense": 0, "depreciationAndAmortization": 125709000, "ebitda": 290155000, "ebitdaratio": 0.3514018895, "operatingIncome": 164446000, "operatingIncomeRatio": 0.1991578126, "totalOtherIncomeExpensesNet": -135000, "incomeBeforeTax": 164311000, "incomeBeforeTaxRatio": 0.1989943164, "incomeTaxExpense": 59800000, "netIncome": 104511000, "netIncomeRatio": 0.126571532, "eps": 17.93, "epsdiluted": 17.93, "weightedAverageShsOut": 5830000, "weightedAverageShsOutDil": 5830000, "link": "", "finalLink": "", "calculatedOtherExpenses": 125709000, "calculatedOperatingExpenses": 310079000, "calculatedNetInterest": 0, "calculatedOtherIncome": -135000, "calculatedIncomeNonControlling": 0, "calculatedEbitda": 290155000}, {"date": "2012-12-31", "symbol": "CABO", "reportedCurrency": "USD", "cik": "0001632127", "fillingDate": "2012-12-31", "acceptedDate": "2012-12-30 19:00:00", "calendarYear": "2012", "period": "FY", "revenue": 804992000, "costOfRevenue": 346870000, "grossProfit": 458122000, "grossProfitRatio": 0.5691013078, "researchAndDevelopmentExpenses": 0, "generalAndAdministrativeExpenses": 180777000, "sellingAndMarketingExpenses": 0, "sellingGeneralAndAdministrativeExpenses": 180777000, "otherExpenses": -376000, "operatingExpenses": 307535000, "costAndExpenses": 654405000, "interestIncome": 0, "interestExpense": 0, "depreciationAndAmortization": 126758000, "ebitda": 277345000, "ebitdaratio": 0.3445313742, "operatingIncome": 150587000, "operatingIncomeRatio": 0.1870664553, "totalOtherIncomeExpensesNet": -376000, "incomeBeforeTax": 150211000, "incomeBeforeTaxRatio": 0.1865993699, "incomeTaxExpense": 56300000, "netIncome": 93911000, "netIncomeRatio": 0.1166607867, "eps": 16.11, "epsdiluted": 16.11, "weightedAverageShsOut": 5830000, "weightedAverageShsOutDil": 5830000, "link": "", "finalLink": "", "calculatedOtherExpenses": 126758000, "calculatedOperatingExpenses": 307535000, "calculatedNetInterest": 0, "calculatedOtherIncome": -376000, "calculatedIncomeNonControlling": 0, "calculatedEbitda": 277345000}]}