{"originalCurrency": "USD", "convertedCurrency": "USD", "report": [{"date": "2023-12-31", "symbol": "CACC", "reportedCurrency": "USD", "cik": "0000885550", "fillingDate": "2024-01-31", "acceptedDate": "2024-01-31 16:04:19", "calendarYear": "2023", "period": "FY", "revenue": 1901900000, "costOfRevenue": 617400000, "grossProfit": 1284500000, "grossProfitRatio": 0.6753772543, "researchAndDevelopmentExpenses": 0, "generalAndAdministrativeExpenses": 87200000, "sellingAndMarketingExpenses": 91700000, "sellingGeneralAndAdministrativeExpenses": 178900000, "otherExpenses": 280200000, "operatingExpenses": 459100000, "costAndExpenses": 1534300000, "interestIncome": 19700000, "interestExpense": 264500000, "depreciationAndAmortization": 26600000, "ebitda": 367600000, "ebitdaratio": 0.1932804038, "operatingIncome": 367600000, "operatingIncomeRatio": 0.1932804038, "totalOtherIncomeExpensesNet": 600000, "incomeBeforeTax": 367600000, "incomeBeforeTaxRatio": 0.1932804038, "incomeTaxExpense": 81500000, "netIncome": 286100000, "netIncomeRatio": 0.1504285188, "eps": 22.09, "epsdiluted": 21.99, "weightedAverageShsOut": 12953424, "weightedAverageShsOutDil": 13010735, "link": "https://www.sec.gov/Archives/edgar/data/885550/000088555024000016/0000885550-24-000016-index.htm", "finalLink": "https://www.sec.gov/Archives/edgar/data/885550/000088555024000016/caccq42023earningsrelease.htm", "calculatedOtherExpenses": 738000000, "calculatedOperatingExpenses": 916900000, "calculatedNetInterest": -244800000, "calculatedOtherIncome": 244800000, "calculatedIncomeNonControlling": 0, "calculatedEbitda": 394200000}, {"date": "2022-12-31", "symbol": "CACC", "reportedCurrency": "USD", "cik": "0000885550", "fillingDate": "2023-02-10", "acceptedDate": "2023-02-10 16:32:32", "calendarYear": "2022", "period": "FY", "revenue": 1184400000, "costOfRevenue": 475000000, "grossProfit": 709400000, "grossProfitRatio": 0.5989530564, "researchAndDevelopmentExpenses": 0, "generalAndAdministrativeExpenses": 88700000, "sellingAndMarketingExpenses": 75600000, "sellingGeneralAndAdministrativeExpenses": 164300000, "otherExpenses": 444400000, "operatingExpenses": 608700000, "costAndExpenses": 1037300000, "interestIncome": 6600000, "interestExpense": -25600000, "depreciationAndAmortization": 25600000, "ebitda": 711700000, "ebitdaratio": 0.6008949679, "operatingIncome": 686100000, "operatingIncomeRatio": 0.5792806484, "totalOtherIncomeExpensesNet": 25600000, "incomeBeforeTax": 711700000, "incomeBeforeTaxRatio": 0.6008949679, "incomeTaxExpense": 175900000, "netIncome": 535800000, "netIncomeRatio": 0.4523809524, "eps": 39.5, "epsdiluted": 39.32, "weightedAverageShsOut": 13563885, "weightedAverageShsOutDil": 13625081, "link": "https://www.sec.gov/Archives/edgar/data/885550/000088555023000023/0000885550-23-000023-index.htm", "finalLink": "https://www.sec.gov/Archives/edgar/data/885550/000088555023000023/cacc-20221231.htm", "calculatedOtherExpenses": -141000000, "calculatedOperatingExpenses": 23300000, "calculatedNetInterest": 32200000, "calculatedOtherIncome": -6600000, "calculatedIncomeNonControlling": 0, "calculatedEbitda": 711700000}, {"date": "2021-12-31", "symbol": "CACC", "reportedCurrency": "USD", "cik": "0000885550", "fillingDate": "2022-02-11", "acceptedDate": "2022-02-11 16:04:09", "calendarYear": "2021", "period": "FY", "revenue": 1802900000, "costOfRevenue": 421100000, "grossProfit": 1381800000, "grossProfitRatio": 0.7664318598, "researchAndDevelopmentExpenses": 0, "generalAndAdministrativeExpenses": 100300000, "sellingAndMarketingExpenses": 65300000, "sellingGeneralAndAdministrativeExpenses": 165600000, "otherExpenses": -5900000, "operatingExpenses": 159700000, "costAndExpenses": 542000000, "interestIncome": 1200000, "interestExpense": 164300000, "depreciationAndAmortization": 26300000, "ebitda": 1260900000, "ebitdaratio": 0.699373232, "operatingIncome": 1234600000, "operatingIncomeRatio": 0.6847856232, "totalOtherIncomeExpensesNet": 26300000, "incomeBeforeTax": 1260900000, "incomeBeforeTaxRatio": 0.699373232, "incomeTaxExpense": 302600000, "netIncome": 958300000, "netIncomeRatio": 0.5315325309, "eps": 59.57, "epsdiluted": 59.52, "weightedAverageShsOut": 16085823, "weightedAverageShsOutDil": 16100552, "link": "https://www.sec.gov/Archives/edgar/data/885550/000088555022000009/0000885550-22-000009-index.htm", "finalLink": "https://www.sec.gov/Archives/edgar/data/885550/000088555022000009/cacc-20211231.htm", "calculatedOtherExpenses": -18400000, "calculatedOperatingExpenses": 147200000, "calculatedNetInterest": -163100000, "calculatedOtherIncome": 189400000, "calculatedIncomeNonControlling": 0, "calculatedEbitda": 1260900000}, {"date": "2020-12-31", "symbol": "CACC", "reportedCurrency": "USD", "cik": "0000885550", "fillingDate": "2021-02-12", "acceptedDate": "2021-02-12 16:25:04", "calendarYear": "2020", "period": "FY", "revenue": 1619700000, "costOfRevenue": 416400000, "grossProfit": 1203300000, "grossProfitRatio": 0.7429153547, "researchAndDevelopmentExpenses": 0, "generalAndAdministrativeExpenses": 69600000, "sellingAndMarketingExpenses": 69500000, "sellingGeneralAndAdministrativeExpenses": 139100000, "otherExpenses": 545200000, "operatingExpenses": 684300000, "costAndExpenses": 1062800000, "interestIncome": 2900000, "interestExpense": 192000000, "depreciationAndAmortization": 23800000, "ebitda": 564300000, "ebitdaratio": 0.3483978515, "operatingIncome": 540500000, "operatingIncomeRatio": 0.3337037723, "totalOtherIncomeExpensesNet": 9000000, "incomeBeforeTax": 549500000, "incomeBeforeTaxRatio": 0.3392603569, "incomeTaxExpense": 128500000, "netIncome": 421000000, "netIncomeRatio": 0.2599246774, "eps": 23.57, "epsdiluted": 23.47, "weightedAverageShsOut": 17858935, "weightedAverageShsOutDil": 17935779, "link": "https://www.sec.gov/Archives/edgar/data/885550/000088555021000034/0000885550-21-000034-index.htm", "finalLink": "https://www.sec.gov/Archives/edgar/data/885550/000088555021000034/cacc-20201231.htm", "calculatedOtherExpenses": 523700000, "calculatedOperatingExpenses": 662800000, "calculatedNetInterest": -189100000, "calculatedOtherIncome": 198100000, "calculatedIncomeNonControlling": 0, "calculatedEbitda": 564300000}, {"date": "2019-12-31", "symbol": "CACC", "reportedCurrency": "USD", "cik": "0000885550", "fillingDate": "2020-02-11", "acceptedDate": "2020-02-11 16:08:58", "calendarYear": "2019", "period": "FY", "revenue": 1420400000, "costOfRevenue": 419600000, "grossProfit": 1000800000, "grossProfitRatio": 0.7045902563, "researchAndDevelopmentExpenses": 0, "generalAndAdministrativeExpenses": 65100000, "sellingAndMarketingExpenses": 70200000, "sellingGeneralAndAdministrativeExpenses": 135300000, "otherExpenses": 37900000, "operatingExpenses": 173200000, "costAndExpenses": 562700000, "interestIncome": 8500000, "interestExpense": 196200000, "depreciationAndAmortization": 22400000, "ebitda": 859500000, "ebitdaratio": 0.6051112363, "operatingIncome": 837100000, "operatingIncomeRatio": 0.5893410307, "totalOtherIncomeExpensesNet": 18800000, "incomeBeforeTax": 855900000, "incomeBeforeTaxRatio": 0.6025767389, "incomeTaxExpense": 199800000, "netIncome": 656100000, "netIncomeRatio": 0.4619121374, "eps": 34.71, "epsdiluted": 34.57, "weightedAverageShsOut": 18900256, "weightedAverageShsOutDil": 18976560, "link": "https://www.sec.gov/Archives/edgar/data/885550/000088555020000021/0000885550-20-000021-index.htm", "finalLink": "https://www.sec.gov/Archives/edgar/data/885550/000088555020000021/cacc-20191231x10k.htm", "calculatedOtherExpenses": 28400000, "calculatedOperatingExpenses": 163700000, "calculatedNetInterest": -187700000, "calculatedOtherIncome": 206500000, "calculatedIncomeNonControlling": 0, "calculatedEbitda": 859500000}, {"date": "2018-12-31", "symbol": "CACC", "reportedCurrency": "USD", "cik": "0000885550", "fillingDate": "2019-02-08", "acceptedDate": "2019-02-08 16:04:52", "calendarYear": "2018", "period": "FY", "revenue": 1223400000, "costOfRevenue": 350400000, "grossProfit": 873000000, "grossProfitRatio": 0.7135850907, "researchAndDevelopmentExpenses": 0, "generalAndAdministrativeExpenses": 55700000, "sellingAndMarketingExpenses": 67700000, "sellingGeneralAndAdministrativeExpenses": 123400000, "otherExpenses": 62400000, "operatingExpenses": 117900000, "costAndExpenses": 468300000, "interestIncome": 5000000, "interestExpense": 156600000, "depreciationAndAmortization": 19500000, "ebitda": 755100000, "ebitdaratio": 0.6172143207, "operatingIncome": 755100000, "operatingIncomeRatio": 0.6172143207, "totalOtherIncomeExpensesNet": 62400000, "incomeBeforeTax": 755100000, "incomeBeforeTaxRatio": 0.6172143207, "incomeTaxExpense": 181100000, "netIncome": 574000000, "netIncomeRatio": 0.4691842406, "eps": 29.52, "epsdiluted": 29.39, "weightedAverageShsOut": 19446067, "weightedAverageShsOutDil": 19532312, "link": "https://www.sec.gov/Archives/edgar/data/885550/000088555019000010/0000885550-19-000010-index.htm", "finalLink": "https://www.sec.gov/Archives/edgar/data/885550/000088555019000010/cacc-20181231x10k.htm", "calculatedOtherExpenses": -5500000, "calculatedOperatingExpenses": 117900000, "calculatedNetInterest": -151600000, "calculatedOtherIncome": 151600000, "calculatedIncomeNonControlling": 0, "calculatedEbitda": 774600000}, {"date": "2017-12-31", "symbol": "CACC", "reportedCurrency": "USD", "cik": "0000885550", "fillingDate": "2018-02-09", "acceptedDate": "2018-02-09 16:06:29", "calendarYear": "2017", "period": "FY", "revenue": 1052600000, "costOfRevenue": 283000000, "grossProfit": 769600000, "grossProfitRatio": 0.7311419343, "researchAndDevelopmentExpenses": 0, "generalAndAdministrativeExpenses": 55500000, "sellingAndMarketingExpenses": 58400000, "sellingGeneralAndAdministrativeExpenses": 113900000, "otherExpenses": 57400000, "operatingExpenses": 185800000, "costAndExpenses": 468800000, "interestIncome": 2200000, "interestExpense": 120200000, "depreciationAndAmortization": 16400000, "ebitda": 583800000, "ebitdaratio": 0.5546266388, "operatingIncome": 583800000, "operatingIncomeRatio": 0.5546266388, "totalOtherIncomeExpensesNet": 57400000, "incomeBeforeTax": 583800000, "incomeBeforeTaxRatio": 0.5546266388, "incomeTaxExpense": 113600000, "netIncome": 470200000, "netIncomeRatio": 0.4467034011, "eps": 24.12, "epsdiluted": 24.04, "weightedAverageShsOut": 19497719, "weightedAverageShsOutDil": 19558936, "link": "https://www.sec.gov/Archives/edgar/data/885550/000088555018000014/0000885550-18-000014-index.htm", "finalLink": "https://www.sec.gov/Archives/edgar/data/885550/000088555018000014/cacc-20171231x10k.htm", "calculatedOtherExpenses": 71900000, "calculatedOperatingExpenses": 185800000, "calculatedNetInterest": -118000000, "calculatedOtherIncome": 118000000, "calculatedIncomeNonControlling": 0, "calculatedEbitda": 600200000}, {"date": "2016-12-31", "symbol": "CACC", "reportedCurrency": "USD", "cik": "0000885550", "fillingDate": "2017-02-10", "acceptedDate": "2017-02-10 16:09:01", "calendarYear": "2016", "period": "FY", "revenue": 917300000, "costOfRevenue": 250200000, "grossProfit": 667100000, "grossProfitRatio": 0.7272429957, "researchAndDevelopmentExpenses": 0, "generalAndAdministrativeExpenses": 48200000, "sellingAndMarketingExpenses": 49400000, "sellingGeneralAndAdministrativeExpenses": 97600000, "otherExpenses": 51900000, "operatingExpenses": 135900000, "costAndExpenses": 386100000, "interestIncome": 1700000, "interestExpense": 97700000, "depreciationAndAmortization": 15300000, "ebitda": 531200000, "ebitdaratio": 0.57909081, "operatingIncome": 531200000, "operatingIncomeRatio": 0.57909081, "totalOtherIncomeExpensesNet": 51900000, "incomeBeforeTax": 531200000, "incomeBeforeTaxRatio": 0.57909081, "incomeTaxExpense": 198400000, "netIncome": 332800000, "netIncomeRatio": 0.362803881, "eps": 16.37, "epsdiluted": 16.31, "weightedAverageShsOut": 20331769, "weightedAverageShsOutDil": 20410116, "link": "https://www.sec.gov/Archives/edgar/data/885550/000088555017000015/0000885550-17-000015-index.htm", "finalLink": "https://www.sec.gov/Archives/edgar/data/885550/000088555017000015/cacc-20161231x10k.htm", "calculatedOtherExpenses": 38300000, "calculatedOperatingExpenses": 135900000, "calculatedNetInterest": -96000000, "calculatedOtherIncome": 96000000, "calculatedIncomeNonControlling": 0, "calculatedEbitda": 546500000}, {"date": "2015-12-31", "symbol": "CACC", "reportedCurrency": "USD", "cik": "0000885550", "fillingDate": "2016-02-12", "acceptedDate": "2016-02-12 16:06:54", "calendarYear": "2015", "period": "FY", "revenue": 778700000, "costOfRevenue": 225600000, "grossProfit": 553100000, "grossProfitRatio": 0.7102863747, "researchAndDevelopmentExpenses": 0, "generalAndAdministrativeExpenses": 37800000, "sellingAndMarketingExpenses": 45900000, "sellingGeneralAndAdministrativeExpenses": 83700000, "otherExpenses": 46600000, "operatingExpenses": 78600000, "costAndExpenses": 304200000, "interestIncome": 0, "interestExpense": 76000000, "depreciationAndAmortization": 14200000, "ebitda": 474500000, "ebitdaratio": 0.6093489149, "operatingIncome": 474500000, "operatingIncomeRatio": 0.6093489149, "totalOtherIncomeExpensesNet": 46600000, "incomeBeforeTax": 474500000, "incomeBeforeTaxRatio": 0.6093489149, "incomeTaxExpense": 174800000, "netIncome": 299700000, "netIncomeRatio": 0.3848722229, "eps": 14.35, "epsdiluted": 14.28, "weightedAverageShsOut": 20891695, "weightedAverageShsOutDil": 20980753, "link": "https://www.sec.gov/Archives/edgar/data/885550/000088555016000083/0000885550-16-000083-index.htm", "finalLink": "https://www.sec.gov/Archives/edgar/data/885550/000088555016000083/cacc-20151231x10k.htm", "calculatedOtherExpenses": -5100000, "calculatedOperatingExpenses": 78600000, "calculatedNetInterest": -76000000, "calculatedOtherIncome": 76000000, "calculatedIncomeNonControlling": 0, "calculatedEbitda": 488700000}, {"date": "2014-12-31", "symbol": "CACC", "reportedCurrency": "USD", "cik": "0000885550", "fillingDate": "2015-02-12", "acceptedDate": "2015-02-12 16:19:18", "calendarYear": "2014", "period": "FY", "revenue": 682700000, "costOfRevenue": 196900000, "grossProfit": 485800000, "grossProfitRatio": 0.7115863483, "researchAndDevelopmentExpenses": 0, "generalAndAdministrativeExpenses": 34300000, "sellingAndMarketingExpenses": 36800000, "sellingGeneralAndAdministrativeExpenses": 71100000, "otherExpenses": 40800000, "operatingExpenses": 43100000, "costAndExpenses": 240000000, "interestIncome": 0, "interestExpense": 56700000, "depreciationAndAmortization": 13200000, "ebitda": 477700000, "ebitdaratio": 0.6997216933, "operatingIncome": 442700000, "operatingIncomeRatio": 0.6484546653, "totalOtherIncomeExpensesNet": -21800000, "incomeBeforeTax": 420900000, "incomeBeforeTaxRatio": 0.6165226307, "incomeTaxExpense": 154700000, "netIncome": 266200000, "netIncomeRatio": 0.3899223671, "eps": 11.96, "epsdiluted": 11.92, "weightedAverageShsOut": 22257104, "weightedAverageShsOutDil": 22331401, "link": "https://www.sec.gov/Archives/edgar/data/885550/000088555015000015/0000885550-15-000015-index.htm", "finalLink": "https://www.sec.gov/Archives/edgar/data/885550/000088555015000015/cacc-20141231x10k.htm", "calculatedOtherExpenses": -28000000, "calculatedOperatingExpenses": 43100000, "calculatedNetInterest": -56700000, "calculatedOtherIncome": 34900000, "calculatedIncomeNonControlling": 0, "calculatedEbitda": 455900000}, {"date": "2013-12-31", "symbol": "CACC", "reportedCurrency": "USD", "cik": "0000885550", "fillingDate": "2014-02-14", "acceptedDate": "2014-02-14 17:14:12", "calendarYear": "2013", "period": "FY", "revenue": 641900000, "costOfRevenue": 193100000, "grossProfit": 448800000, "grossProfitRatio": 0.6991743262, "researchAndDevelopmentExpenses": 0, "generalAndAdministrativeExpenses": 34400000, "sellingAndMarketingExpenses": 34500000, "sellingGeneralAndAdministrativeExpenses": 68900000, "otherExpenses": 40200000, "operatingExpenses": 50600000, "costAndExpenses": 243700000, "interestIncome": 0, "interestExpense": 65000000, "depreciationAndAmortization": 13200000, "ebitda": 411400000, "ebitdaratio": 0.640909799, "operatingIncome": 398200000, "operatingIncomeRatio": 0.6203458483, "totalOtherIncomeExpensesNet": 40200000, "incomeBeforeTax": 398200000, "incomeBeforeTaxRatio": 0.6203458483, "incomeTaxExpense": 145100000, "netIncome": 253100000, "netIncomeRatio": 0.3942981773, "eps": 10.61, "epsdiluted": 10.54, "weightedAverageShsOut": 23850789, "weightedAverageShsOutDil": 24009593, "link": "https://www.sec.gov/Archives/edgar/data/885550/000088555014000015/0000885550-14-000015-index.htm", "finalLink": "https://www.sec.gov/Archives/edgar/data/885550/000088555014000015/cacc_12311310k.htm", "calculatedOtherExpenses": -18300000, "calculatedOperatingExpenses": 50600000, "calculatedNetInterest": -65000000, "calculatedOtherIncome": 65000000, "calculatedIncomeNonControlling": 0, "calculatedEbitda": 411400000}, {"date": "2012-12-31", "symbol": "CACC", "reportedCurrency": "USD", "cik": "0000885550", "fillingDate": "2013-02-20", "acceptedDate": "2013-02-20 16:17:01", "calendarYear": "2012", "period": "FY", "revenue": 585300000, "costOfRevenue": 180400000, "grossProfit": 404900000, "grossProfitRatio": 0.6917819921, "researchAndDevelopmentExpenses": 0, "generalAndAdministrativeExpenses": 30500000, "sellingAndMarketingExpenses": 31200000, "sellingGeneralAndAdministrativeExpenses": 61700000, "otherExpenses": 23900000, "operatingExpenses": 61800000, "costAndExpenses": 242200000, "interestIncome": 0, "interestExpense": 63400000, "depreciationAndAmortization": 12200000000, "ebitda": 12543100000, "ebitdaratio": 21.4302067316, "operatingIncome": 343100000, "operatingIncomeRatio": 0.5861951136, "totalOtherIncomeExpensesNet": 23900000, "incomeBeforeTax": 343100000, "incomeBeforeTaxRatio": 0.5861951136, "incomeTaxExpense": 123400000, "netIncome": 219700000, "netIncomeRatio": 0.3753630617, "eps": 8.65, "epsdiluted": 8.58, "weightedAverageShsOut": 25409655, "weightedAverageShsOutDil": 25598956, "link": "https://www.sec.gov/Archives/edgar/data/885550/000088555013000018/0000885550-13-000018-index.htm", "finalLink": "https://www.sec.gov/Archives/edgar/data/885550/000088555013000018/cacc_12311210k.htm", "calculatedOtherExpenses": 100000, "calculatedOperatingExpenses": 61800000, "calculatedNetInterest": -63400000, "calculatedOtherIncome": 63400000, "calculatedIncomeNonControlling": 0, "calculatedEbitda": 12543100000}, {"date": "2011-12-31", "symbol": "CACC", "reportedCurrency": "USD", "cik": "0000885550", "fillingDate": "2012-02-24", "acceptedDate": "2012-02-24 16:03:03", "calendarYear": "2011", "period": "FY", "revenue": 500641000, "costOfRevenue": 150673000, "grossProfit": 349968000, "grossProfitRatio": 0.6990398309, "researchAndDevelopmentExpenses": 0, "generalAndAdministrativeExpenses": 25625000, "sellingAndMarketingExpenses": 23520000, "sellingGeneralAndAdministrativeExpenses": 49145000, "otherExpenses": 24551000, "operatingExpenses": 53550000, "costAndExpenses": 204223000, "interestIncome": 0, "interestExpense": 57236000, "depreciationAndAmortization": 10049000, "ebitda": 306467000, "ebitdaratio": 0.6121492247, "operatingIncome": 296418000, "operatingIncomeRatio": 0.5920769573, "totalOtherIncomeExpensesNet": 24551000, "incomeBeforeTax": 296418000, "incomeBeforeTaxRatio": 0.5920769573, "incomeTaxExpense": 108374000, "netIncome": 188000000, "netIncomeRatio": 0.3755185852, "eps": 7.15, "epsdiluted": 7.07, "weightedAverageShsOut": 26302000, "weightedAverageShsOutDil": 26601000, "link": "https://www.sec.gov/Archives/edgar/data/885550/000088555012000018/0000885550-12-000018-index.htm", "finalLink": "https://www.sec.gov/Archives/edgar/data/885550/000088555012000018/cacc_12311110k.htm", "calculatedOtherExpenses": 4405000, "calculatedOperatingExpenses": 53550000, "calculatedNetInterest": -57236000, "calculatedOtherIncome": 57236000, "calculatedIncomeNonControlling": 44000, "calculatedEbitda": 306467000}, {"date": "2010-12-31", "symbol": "CACC", "reportedCurrency": "USD", "cik": "0000885550", "fillingDate": "2011-02-24", "acceptedDate": "2011-02-24 16:03:38", "calendarYear": "2010", "period": "FY", "revenue": 420709000, "costOfRevenue": 132508000, "grossProfit": 288201000, "grossProfitRatio": 0.6850364504, "researchAndDevelopmentExpenses": 0, "generalAndAdministrativeExpenses": 26432000, "sellingAndMarketingExpenses": 19661000, "sellingGeneralAndAdministrativeExpenses": 46093000, "otherExpenses": 21426000, "operatingExpenses": 34704000, "costAndExpenses": 167212000, "interestIncome": 108000, "interestExpense": 47752000, "depreciationAndAmortization": 11080000, "ebitda": 264577000, "ebitdaratio": 0.6288836226, "operatingIncome": 205745000, "operatingIncomeRatio": 0.4890434956, "totalOtherIncomeExpensesNet": 21426000, "incomeBeforeTax": 253497000, "incomeBeforeTaxRatio": 0.6025471288, "incomeTaxExpense": 83390000, "netIncome": 170100000, "netIncomeRatio": 0.4043174736, "eps": 5.79, "epsdiluted": 5.67, "weightedAverageShsOut": 29393000, "weightedAverageShsOutDil": 29985000, "link": "https://www.sec.gov/Archives/edgar/data/885550/000088555011000019/0000885550-11-000019-index.htm", "finalLink": "https://www.sec.gov/Archives/edgar/data/885550/000088555011000019/cacc201010_k.htm", "calculatedOtherExpenses": 36363000, "calculatedOperatingExpenses": 82456000, "calculatedNetInterest": -47644000, "calculatedOtherIncome": 95396000, "calculatedIncomeNonControlling": 7000, "calculatedEbitda": 216825000}, {"date": "2009-12-31", "symbol": "CACC", "reportedCurrency": "USD", "cik": "0000885550", "fillingDate": "2010-03-03", "acceptedDate": "2010-03-03 16:12:08", "calendarYear": "2009", "period": "FY", "revenue": 363042000, "costOfRevenue": 118591000, "grossProfit": 244451000, "grossProfitRatio": 0.6733408256, "researchAndDevelopmentExpenses": 0, "generalAndAdministrativeExpenses": 30391000, "sellingAndMarketingExpenses": 14808000, "sellingGeneralAndAdministrativeExpenses": 45199000, "otherExpenses": 17622000, "operatingExpenses": 15413000, "costAndExpenses": 134004000, "interestIncome": 394000, "interestExpense": 32399000, "depreciationAndAmortization": 5139000, "ebitda": 234177000, "ebitdaratio": 0.6450410696, "operatingIncome": 229038000, "operatingIncomeRatio": 0.6308856826, "totalOtherIncomeExpensesNet": 17622000, "incomeBeforeTax": 229038000, "incomeBeforeTaxRatio": 0.6308856826, "incomeTaxExpense": 82992000, "netIncome": 146255000, "netIncomeRatio": 0.4028597242, "eps": 4.78, "epsdiluted": 4.62, "weightedAverageShsOut": 30590142, "weightedAverageShsOutDil": 31668895, "link": "https://www.sec.gov/Archives/edgar/data/885550/000095012310020548/0000950123-10-020548-index.htm", "finalLink": "https://www.sec.gov/Archives/edgar/data/885550/000095012310020548/k48903e10vk.htm", "calculatedOtherExpenses": -29786000, "calculatedOperatingExpenses": 15413000, "calculatedNetInterest": -32005000, "calculatedOtherIncome": 32005000, "calculatedIncomeNonControlling": -209000, "calculatedEbitda": 234177000}, {"date": "2008-12-31", "symbol": "CACC", "reportedCurrency": "USD", "cik": "0000885550", "fillingDate": "2009-02-27", "acceptedDate": "2009-02-27 16:23:47", "calendarYear": "2008", "period": "FY", "revenue": 290790000, "costOfRevenue": 114833000, "grossProfit": 175957000, "grossProfitRatio": 0.6050999003, "researchAndDevelopmentExpenses": 0, "generalAndAdministrativeExpenses": 27511000, "sellingAndMarketingExpenses": 16703000, "sellingGeneralAndAdministrativeExpenses": 44214000, "otherExpenses": 21396000, "operatingExpenses": 68920000, "costAndExpenses": 183753000, "interestIncome": 2019000, "interestExpense": 43189000, "depreciationAndAmortization": 5342000, "ebitda": 112404000, "ebitdaratio": 0.3865469927, "operatingIncome": 107037000, "operatingIncomeRatio": 0.3680903745, "totalOtherIncomeExpensesNet": -25000, "incomeBeforeTax": 107012000, "incomeBeforeTaxRatio": 0.3680044018, "incomeTaxExpense": 39944000, "netIncome": 67177000, "netIncomeRatio": 0.2310155095, "eps": 2.22, "epsdiluted": 2.16, "weightedAverageShsOut": 30249783, "weightedAverageShsOutDil": 31105043, "link": "https://www.sec.gov/Archives/edgar/data/885550/000095015209001948/0000950152-09-001948-index.htm", "finalLink": "https://www.sec.gov/Archives/edgar/data/885550/000095015209001948/k47473e10vk.htm", "calculatedOtherExpenses": 24706000, "calculatedOperatingExpenses": 68920000, "calculatedNetInterest": -41170000, "calculatedOtherIncome": 41145000, "calculatedIncomeNonControlling": -109000, "calculatedEbitda": 112379000}, {"date": "2007-12-31", "symbol": "CACC", "reportedCurrency": "USD", "cik": "0000885550", "fillingDate": "2008-03-14", "acceptedDate": "2008-03-14 17:27:29", "calendarYear": "2007", "period": "FY", "revenue": 237816000, "costOfRevenue": 92065000, "grossProfit": 145751000, "grossProfitRatio": 0.6128729774, "researchAndDevelopmentExpenses": 0, "generalAndAdministrativeExpenses": 27271000, "sellingAndMarketingExpenses": 17441000, "sellingGeneralAndAdministrativeExpenses": 44712000, "otherExpenses": 404000, "operatingExpenses": 63043000, "costAndExpenses": 155108000, "interestIncome": 3020000, "interestExpense": 36669000, "depreciationAndAmortization": 4105000, "ebitda": 86744000, "ebitdaratio": 0.3647525818, "operatingIncome": 83112000, "operatingIncomeRatio": 0.3494802705, "totalOtherIncomeExpensesNet": 473000, "incomeBeforeTax": 83181000, "incomeBeforeTaxRatio": 0.3497704107, "incomeTaxExpense": 29567000, "netIncome": 54916000, "netIncomeRatio": 0.2309180207, "eps": 1.83, "epsdiluted": 1.76, "weightedAverageShsOut": 30053129, "weightedAverageShsOutDil": 31153688, "link": "https://www.sec.gov/Archives/edgar/data/885550/000095012408001243/0000950124-08-001243-index.htm", "finalLink": "https://www.sec.gov/Archives/edgar/data/885550/000095012408001243/k24735e10vk.htm", "calculatedOtherExpenses": 17927000, "calculatedOperatingExpenses": 62639000, "calculatedNetInterest": -33649000, "calculatedOtherIncome": 33718000, "calculatedIncomeNonControlling": -1302000, "calculatedEbitda": 87217000}, {"date": "2006-12-31", "symbol": "CACC", "reportedCurrency": "USD", "cik": "0000885550", "fillingDate": "2007-03-02", "acceptedDate": "2007-03-02 17:17:52", "calendarYear": "2006", "period": "FY", "revenue": 210954000, "costOfRevenue": 64345000, "grossProfit": 146609000, "grossProfitRatio": 0.6949808963, "researchAndDevelopmentExpenses": 0, "generalAndAdministrativeExpenses": 36485000, "sellingAndMarketingExpenses": 16624000, "sellingGeneralAndAdministrativeExpenses": 53109000, "otherExpenses": 459000, "operatingExpenses": 56422000, "costAndExpenses": 120767000, "interestIncome": 1799000, "interestExpense": 23330000, "depreciationAndAmortization": 4624000, "ebitda": 94817000, "ebitdaratio": 0.4494676565, "operatingIncome": 90646000, "operatingIncomeRatio": 0.4296955734, "totalOtherIncomeExpensesNet": 453000, "incomeBeforeTax": 90640000, "incomeBeforeTaxRatio": 0.4296671312, "incomeTaxExpense": 31793000, "netIncome": 58640000, "netIncomeRatio": 0.2779752932, "eps": 1.78, "epsdiluted": 1.66, "weightedAverageShsOut": 33035693, "weightedAverageShsOutDil": 35283478, "link": "https://www.sec.gov/Archives/edgar/data/885550/000095012407001260/0000950124-07-001260-index.htm", "finalLink": "https://www.sec.gov/Archives/edgar/data/885550/000095012407001260/k12823e10vk.htm", "calculatedOtherExpenses": 2854000, "calculatedOperatingExpenses": 55963000, "calculatedNetInterest": -21531000, "calculatedOtherIncome": 21525000, "calculatedIncomeNonControlling": 207000, "calculatedEbitda": 95270000}, {"date": "2005-12-31", "symbol": "CACC", "reportedCurrency": "USD", "cik": "0000885550", "fillingDate": "2006-03-10", "acceptedDate": "2006-03-10 17:09:09", "calendarYear": "2005", "period": "FY", "revenue": 201268000, "costOfRevenue": 52979000, "grossProfit": 148289000, "grossProfitRatio": 0.7367738538, "researchAndDevelopmentExpenses": 0, "generalAndAdministrativeExpenses": 6559000, "sellingAndMarketingExpenses": 28550000, "sellingGeneralAndAdministrativeExpenses": 35109000, "otherExpenses": 59615000, "operatingExpenses": 94724000, "costAndExpenses": 94724000, "interestIncome": 763000, "interestExpense": 0, "depreciationAndAmortization": 5209000, "ebitda": 109941000, "ebitdaratio": 0.5462418268, "operatingIncome": 106544000, "operatingIncomeRatio": 0.5293638333, "totalOtherIncomeExpensesNet": 1812000, "incomeBeforeTax": 108356000, "incomeBeforeTaxRatio": 0.5383667548, "incomeTaxExpense": 40159000, "netIncome": 72601000, "netIncomeRatio": 0.3607180476, "eps": 1.96, "epsdiluted": 1.85, "weightedAverageShsOut": 36991136, "weightedAverageShsOutDil": 39207680, "link": "https://www.sec.gov/Archives/edgar/data/885550/000095012406001110/0000950124-06-001110-index.htm", "finalLink": "https://www.sec.gov/Archives/edgar/data/885550/000095012406001110/k02345e10vk.txt", "calculatedOtherExpenses": 6636000, "calculatedOperatingExpenses": 41745000, "calculatedNetInterest": 763000, "calculatedOtherIncome": 1049000, "calculatedIncomeNonControlling": -4404000, "calculatedEbitda": 111753000}, {"date": "2004-12-31", "symbol": "CACC", "reportedCurrency": "USD", "cik": "0000885550", "fillingDate": "2006-01-30", "acceptedDate": "2006-01-27 21:44:58", "calendarYear": "2004", "period": "FY", "revenue": 176715000, "costOfRevenue": 46960000, "grossProfit": 129755000, "grossProfitRatio": 0.7342613813, "researchAndDevelopmentExpenses": 0, "generalAndAdministrativeExpenses": 10280000, "sellingAndMarketingExpenses": 23830000, "sellingGeneralAndAdministrativeExpenses": 34110000, "otherExpenses": 56373000, "operatingExpenses": 90483000, "costAndExpenses": 90483000, "interestIncome": 247000, "interestExpense": 0, "depreciationAndAmortization": 5781000, "ebitda": 90363000, "ebitdaratio": 0.5113487819, "operatingIncome": 86232000, "operatingIncomeRatio": 0.4879721586, "totalOtherIncomeExpensesNet": 1650000, "incomeBeforeTax": 87882000, "incomeBeforeTaxRatio": 0.4973092267, "incomeTaxExpense": 30557000, "netIncome": 57325000, "netIncomeRatio": 0.3243923832, "eps": 1.48, "epsdiluted": 1.4, "weightedAverageShsOut": 38617787, "weightedAverageShsOutDil": 41017205, "link": "https://www.sec.gov/Archives/edgar/data/885550/000095012406000325/0000950124-06-000325-index.htm", "finalLink": "https://www.sec.gov/Archives/edgar/data/885550/000095012406000325/k01897e10vk.txt", "calculatedOtherExpenses": 9413000, "calculatedOperatingExpenses": 43523000, "calculatedNetInterest": 247000, "calculatedOtherIncome": 1403000, "calculatedIncomeNonControlling": 0, "calculatedEbitda": 92013000}, {"date": "2003-12-31", "symbol": "CACC", "reportedCurrency": "USD", "cik": "0000885550", "fillingDate": "2004-03-15", "acceptedDate": "2004-03-15 17:04:26", "calendarYear": "2003", "period": "FY", "revenue": 145788000, "costOfRevenue": 0, "grossProfit": 145788000, "grossProfitRatio": 1, "researchAndDevelopmentExpenses": 0, "generalAndAdministrativeExpenses": 11540000, "sellingAndMarketingExpenses": 16988000, "sellingGeneralAndAdministrativeExpenses": 28528000, "otherExpenses": 71003000, "operatingExpenses": 99531000, "costAndExpenses": 99531000, "interestIncome": 0, "interestExpense": 0, "depreciationAndAmortization": 8679000, "ebitda": 57703000, "ebitdaratio": 0.3958007518, "operatingIncome": 46257000, "operatingIncomeRatio": 0.3172894888, "totalOtherIncomeExpensesNet": -2767000, "incomeBeforeTax": 43490000, "incomeBeforeTaxRatio": 0.2983098746, "incomeTaxExpense": 15309000, "netIncome": 28181000, "netIncomeRatio": 0.1933012319, "eps": 0.67, "epsdiluted": 0.65, "weightedAverageShsOut": 42195340, "weightedAverageShsOutDil": 43409007, "link": "https://www.sec.gov/Archives/edgar/data/885550/000095012404000951/0000950124-04-000951-index.htm", "finalLink": "https://www.sec.gov/Archives/edgar/data/885550/000095012404000951/k82364e10vk.txt", "calculatedOtherExpenses": 71003000, "calculatedOperatingExpenses": 99531000, "calculatedNetInterest": 0, "calculatedOtherIncome": -2767000, "calculatedIncomeNonControlling": 0, "calculatedEbitda": 54936000}, {"date": "2002-12-31", "symbol": "CACC", "reportedCurrency": "USD", "cik": "0000885550", "fillingDate": "2003-03-31", "acceptedDate": "2003-03-31 13:11:16", "calendarYear": "2002", "period": "FY", "revenue": 154334000, "costOfRevenue": 0, "grossProfit": 154334000, "grossProfitRatio": 1, "researchAndDevelopmentExpenses": 0, "generalAndAdministrativeExpenses": 66333000, "sellingAndMarketingExpenses": 0, "sellingGeneralAndAdministrativeExpenses": 66333000, "otherExpenses": 39421000, "operatingExpenses": 105754000, "costAndExpenses": 105754000, "interestIncome": 0, "interestExpense": 0, "depreciationAndAmortization": 4718000, "ebitda": 58249000, "ebitdaratio": 0.3774216958, "operatingIncome": 48580000, "operatingIncomeRatio": 0.3147718584, "totalOtherIncomeExpensesNet": 0, "incomeBeforeTax": 48580000, "incomeBeforeTaxRatio": 0.3147718584, "incomeTaxExpense": 18879000, "netIncome": 29701000, "netIncomeRatio": 0.1924462529, "eps": 0.7, "epsdiluted": 0.68, "weightedAverageShsOut": 42438292, "weightedAverageShsOutDil": 43362741, "link": "https://www.sec.gov/Archives/edgar/data/885550/000095012403001011/0000950124-03-001011-index.htm", "finalLink": "https://www.sec.gov/Archives/edgar/data/885550/000095012403001011/k74310e10vk.txt", "calculatedOtherExpenses": 39421000, "calculatedOperatingExpenses": 105754000, "calculatedNetInterest": 0, "calculatedOtherIncome": 0, "calculatedIncomeNonControlling": 0, "calculatedEbitda": 53298000}, {"date": "2001-12-31", "symbol": "CACC", "reportedCurrency": "USD", "cik": "0000885550", "fillingDate": "2002-03-28", "acceptedDate": "2002-03-28 00:00:00", "calendarYear": "2001", "period": "FY", "revenue": 147256000, "costOfRevenue": 0, "grossProfit": 147256000, "grossProfitRatio": 1, "researchAndDevelopmentExpenses": 0, "generalAndAdministrativeExpenses": 59754000, "sellingAndMarketingExpenses": 0, "sellingGeneralAndAdministrativeExpenses": 59754000, "otherExpenses": 39088000, "operatingExpenses": 98842000, "costAndExpenses": 98842000, "interestIncome": 0, "interestExpense": 0, "depreciationAndAmortization": 4652000, "ebitda": 60899000, "ebitdaratio": 0.4135587005, "operatingIncome": 48414000, "operatingIncomeRatio": 0.3287743793, "totalOtherIncomeExpensesNet": -37000, "incomeBeforeTax": 48377000, "incomeBeforeTaxRatio": 0.3285231162, "incomeTaxExpense": 19174000, "netIncome": 24671000, "netIncomeRatio": 0.1675381648, "eps": 0.59, "epsdiluted": 0.57, "weightedAverageShsOut": 42140961, "weightedAverageShsOutDil": 43150804, "link": "https://www.sec.gov/Archives/edgar/data/885550/000095012402001072/0000950124-02-001072-index.htm", "finalLink": "https://www.sec.gov/Archives/edgar/data/885550/000095012402001072/k68191e10-k.txt", "calculatedOtherExpenses": 39088000, "calculatedOperatingExpenses": 98842000, "calculatedNetInterest": 0, "calculatedOtherIncome": -37000, "calculatedIncomeNonControlling": 4532000, "calculatedEbitda": 53066000}, {"date": "2000-12-31", "symbol": "CACC", "reportedCurrency": "USD", "cik": "0000885550", "fillingDate": "2001-04-02", "acceptedDate": "2001-04-02 00:00:00", "calendarYear": "2000", "period": "FY", "revenue": 123778000, "costOfRevenue": 0, "grossProfit": 123778000, "grossProfitRatio": 1, "researchAndDevelopmentExpenses": 0, "generalAndAdministrativeExpenses": 50108000, "sellingAndMarketingExpenses": 0, "sellingGeneralAndAdministrativeExpenses": 50108000, "otherExpenses": 37670000, "operatingExpenses": 87778000, "costAndExpenses": 87778000, "interestIncome": 0, "interestExpense": 0, "depreciationAndAmortization": 3727000, "ebitda": 43004000, "ebitdaratio": 0.3474284606, "operatingIncome": 36000000, "operatingIncomeRatio": 0.2908432839, "totalOtherIncomeExpensesNet": -11000, "incomeBeforeTax": 35989000, "incomeBeforeTaxRatio": 0.2907544152, "incomeTaxExpense": 12339000, "netIncome": 23650000, "netIncomeRatio": 0.1910678796, "eps": 0.54, "epsdiluted": 0.53, "weightedAverageShsOut": 43879577, "weightedAverageShsOutDil": 44219876, "link": "https://www.sec.gov/Archives/edgar/data/885550/000095012401001945/0000950124-01-001945-index.htm", "finalLink": "https://www.sec.gov/Archives/edgar/data/885550/000095012401001945/k61157e10-k405.txt", "calculatedOtherExpenses": 37670000, "calculatedOperatingExpenses": 87778000, "calculatedNetInterest": 0, "calculatedOtherIncome": -11000, "calculatedIncomeNonControlling": 0, "calculatedEbitda": 39727000}, {"date": "1999-12-31", "symbol": "CACC", "reportedCurrency": "USD", "cik": "0000885550", "fillingDate": "2000-03-30", "acceptedDate": "2000-03-30 00:00:00", "calendarYear": "1999", "period": "FY", "revenue": 116055000, "costOfRevenue": 0, "grossProfit": 116055000, "grossProfitRatio": 1, "researchAndDevelopmentExpenses": 0, "generalAndAdministrativeExpenses": 56800000, "sellingAndMarketingExpenses": 0, "sellingGeneralAndAdministrativeExpenses": 56800000, "otherExpenses": 74916000, "operatingExpenses": 131716000, "costAndExpenses": 131716000, "interestIncome": 0, "interestExpense": 0, "depreciationAndAmortization": 4697000, "ebitda": -10964000, "ebitdaratio": -0.0944724484, "operatingIncome": -15661000, "operatingIncomeRatio": -0.1349446383, "totalOtherIncomeExpensesNet": -66000, "incomeBeforeTax": -15727000, "incomeBeforeTaxRatio": -0.1355133342, "incomeTaxExpense": -5041000, "netIncome": -10686000, "netIncomeRatio": -0.0920770324, "eps": -0.23, "epsdiluted": -0.23, "weightedAverageShsOut": 46222730, "weightedAverageShsOutDil": 46222730, "link": "https://www.sec.gov/Archives/edgar/data/885550/000095012400001795/0000950124-00-001795-index.html", "finalLink": "https://www.sec.gov/Archives/edgar/data/885550/000095012400001795/", "calculatedOtherExpenses": 74916000, "calculatedOperatingExpenses": 131716000, "calculatedNetInterest": 0, "calculatedOtherIncome": -66000, "calculatedIncomeNonControlling": 0, "calculatedEbitda": -10964000}, {"date": "1998-12-31", "symbol": "CACC", "reportedCurrency": "USD", "cik": "0000885550", "fillingDate": "1999-03-31", "acceptedDate": "1999-03-31 00:00:00", "calendarYear": "1998", "period": "FY", "revenue": 142349000, "costOfRevenue": 0, "grossProfit": 142349000, "grossProfitRatio": 1, "researchAndDevelopmentExpenses": 0, "generalAndAdministrativeExpenses": 59000000, "sellingAndMarketingExpenses": 0, "sellingGeneralAndAdministrativeExpenses": 59000000, "otherExpenses": 45708000, "operatingExpenses": 104708000, "costAndExpenses": 104708000, "interestIncome": 0, "interestExpense": 0, "depreciationAndAmortization": 3793000, "ebitda": 41434000, "ebitdaratio": 0.2910733479, "operatingIncome": 37641000, "operatingIncomeRatio": 0.2644275689, "totalOtherIncomeExpensesNet": -116000, "incomeBeforeTax": 37525000, "incomeBeforeTaxRatio": 0.2636126703, "incomeTaxExpense": 12559000, "netIncome": 25000000, "netIncomeRatio": 0.175624697, "eps": 0.54, "epsdiluted": 0.53, "weightedAverageShsOut": 46296296, "weightedAverageShsOutDil": 47169811, "link": "https://www.sec.gov/Archives/edgar/data/885550/000095012499002276/0000950124-99-002276-index.html", "finalLink": "https://www.sec.gov/Archives/edgar/data/885550/", "calculatedOtherExpenses": 45708000, "calculatedOperatingExpenses": 104708000, "calculatedNetInterest": 0, "calculatedOtherIncome": -116000, "calculatedIncomeNonControlling": -34000, "calculatedEbitda": 41434000}, {"date": "1997-12-31", "symbol": "CACC", "reportedCurrency": "USD", "cik": "0000885550", "fillingDate": "1998-03-23", "acceptedDate": "1998-03-23 00:00:00", "calendarYear": "1997", "period": "FY", "revenue": 164235000, "costOfRevenue": 0, "grossProfit": 164235000, "grossProfitRatio": 1, "researchAndDevelopmentExpenses": 0, "generalAndAdministrativeExpenses": 20604000, "sellingAndMarketingExpenses": 8329000, "sellingGeneralAndAdministrativeExpenses": 28933000, "otherExpenses": 133958000, "operatingExpenses": 162891000, "costAndExpenses": 162891000, "interestIncome": 0, "interestExpense": 0, "depreciationAndAmortization": 2550000, "ebitda": 3894000, "ebitdaratio": 0.0237099278, "operatingIncome": 1344000, "operatingIncomeRatio": 0.0081833957, "totalOtherIncomeExpensesNet": -41000, "incomeBeforeTax": 1303000, "incomeBeforeTaxRatio": 0.0079337535, "incomeTaxExpense": -234000, "netIncome": 1500000, "netIncomeRatio": 0.0091332542, "eps": 0.03, "epsdiluted": 0.03, "weightedAverageShsOut": 50000000, "weightedAverageShsOutDil": 50000000, "link": "https://www.sec.gov/Archives/edgar/data/885550/000095012498001506/0000950124-98-001506-index.html", "finalLink": "https://www.sec.gov/Archives/edgar/data/885550/", "calculatedOtherExpenses": 133958000, "calculatedOperatingExpenses": 162891000, "calculatedNetInterest": 0, "calculatedOtherIncome": -41000, "calculatedIncomeNonControlling": 37000, "calculatedEbitda": 3894000}, {"date": "1996-12-31", "symbol": "CACC", "reportedCurrency": "USD", "cik": "0000885550", "fillingDate": "1997-03-31", "acceptedDate": "1997-03-31 00:00:00", "calendarYear": "1996", "period": "FY", "revenue": 123934000, "costOfRevenue": 0, "grossProfit": 123934000, "grossProfitRatio": 1, "researchAndDevelopmentExpenses": 0, "generalAndAdministrativeExpenses": 9705000, "sellingAndMarketingExpenses": 9247000, "sellingGeneralAndAdministrativeExpenses": 18952000, "otherExpenses": 41374000, "operatingExpenses": 60326000, "costAndExpenses": 60326000, "interestIncome": 0, "interestExpense": 0, "depreciationAndAmortization": 1369000, "ebitda": 64977000, "ebitdaratio": 0.5242871206, "operatingIncome": 63608000, "operatingIncomeRatio": 0.5132409186, "totalOtherIncomeExpensesNet": 27000, "incomeBeforeTax": 63635000, "incomeBeforeTaxRatio": 0.5134587764, "incomeTaxExpense": 22126000, "netIncome": 41500000, "netIncomeRatio": 0.334855649, "eps": 0.91, "epsdiluted": 0.89, "weightedAverageShsOut": 45604396, "weightedAverageShsOutDil": 46629213, "link": "https://www.sec.gov/Archives/edgar/data/885550/000095012497002024/0000950124-97-002024-index.html", "finalLink": "https://www.sec.gov/Archives/edgar/data/885550/", "calculatedOtherExpenses": 41374000, "calculatedOperatingExpenses": 60326000, "calculatedNetInterest": 0, "calculatedOtherIncome": 27000, "calculatedIncomeNonControlling": 9000, "calculatedEbitda": 64977000}, {"date": "1995-12-31", "symbol": "CACC", "reportedCurrency": "USD", "cik": "0000885550", "fillingDate": "1995-12-31", "acceptedDate": "1995-12-30 19:00:00", "calendarYear": "1995", "period": "FY", "revenue": 76300000, "costOfRevenue": 0, "grossProfit": 76300000, "grossProfitRatio": 1, "researchAndDevelopmentExpenses": 0, "generalAndAdministrativeExpenses": 19400000, "sellingAndMarketingExpenses": 2300000, "sellingGeneralAndAdministrativeExpenses": 21700000, "otherExpenses": -30700000, "operatingExpenses": -9000000, "costAndExpenses": -9000000, "interestIncome": 0, "interestExpense": 0, "depreciationAndAmortization": 900000, "ebitda": 86200000, "ebitdaratio": 1.129750983, "operatingIncome": 85300000, "operatingIncomeRatio": 1.1179554391, "totalOtherIncomeExpensesNet": -39800000, "incomeBeforeTax": 45500000, "incomeBeforeTaxRatio": 0.5963302752, "incomeTaxExpense": 15900000, "netIncome": 29600000, "netIncomeRatio": 0.3879423329, "eps": 0.7, "epsdiluted": 0.68, "weightedAverageShsOut": 42285714, "weightedAverageShsOutDil": 43529412, "link": "", "finalLink": "", "calculatedOtherExpenses": -30700000, "calculatedOperatingExpenses": -9000000, "calculatedNetInterest": 0, "calculatedOtherIncome": -39800000, "calculatedIncomeNonControlling": 0, "calculatedEbitda": 86200000}, {"date": "1994-12-31", "symbol": "CACC", "reportedCurrency": "USD", "cik": "0000885550", "fillingDate": "1994-12-31", "acceptedDate": "1994-12-30 19:00:00", "calendarYear": "1994", "period": "FY", "revenue": 51800000, "costOfRevenue": 0, "grossProfit": 51800000, "grossProfitRatio": 1, "researchAndDevelopmentExpenses": 0, "generalAndAdministrativeExpenses": 13700000, "sellingAndMarketingExpenses": 1300000, "sellingGeneralAndAdministrativeExpenses": 15000000, "otherExpenses": -20200000, "operatingExpenses": -5200000, "costAndExpenses": -5200000, "interestIncome": 0, "interestExpense": 0, "depreciationAndAmortization": 600000, "ebitda": 57600000, "ebitdaratio": 1.111969112, "operatingIncome": 57000000, "operatingIncomeRatio": 1.1003861004, "totalOtherIncomeExpensesNet": -25400000, "incomeBeforeTax": 31600000, "incomeBeforeTaxRatio": 0.61003861, "incomeTaxExpense": 11000000, "netIncome": 20600000, "netIncomeRatio": 0.3976833977, "eps": 0.5, "epsdiluted": 0.49, "weightedAverageShsOut": 41200000, "weightedAverageShsOutDil": 42040816, "link": "", "finalLink": "", "calculatedOtherExpenses": -20200000, "calculatedOperatingExpenses": -5200000, "calculatedNetInterest": 0, "calculatedOtherIncome": -25400000, "calculatedIncomeNonControlling": 0, "calculatedEbitda": 57600000}, {"date": "1993-12-31", "symbol": "CACC", "reportedCurrency": "USD", "cik": "0000885550", "fillingDate": "1993-12-31", "acceptedDate": "1993-12-30 19:00:00", "calendarYear": "1993", "period": "FY", "revenue": 30000000, "costOfRevenue": 0, "grossProfit": 30000000, "grossProfitRatio": 1, "researchAndDevelopmentExpenses": 0, "generalAndAdministrativeExpenses": 7700000, "sellingAndMarketingExpenses": 1200000, "sellingGeneralAndAdministrativeExpenses": 8900000, "otherExpenses": -10800000, "operatingExpenses": -1900000, "costAndExpenses": -1900000, "interestIncome": 0, "interestExpense": 0, "depreciationAndAmortization": 300000, "ebitda": 32200000, "ebitdaratio": 1.0733333333, "operatingIncome": 31900000, "operatingIncomeRatio": 1.0633333333, "totalOtherIncomeExpensesNet": -12700000, "incomeBeforeTax": 19200000, "incomeBeforeTaxRatio": 0.64, "incomeTaxExpense": 6800000, "netIncome": 12400000, "netIncomeRatio": 0.4133333333, "eps": 0.3, "epsdiluted": 0.29, "weightedAverageShsOut": 41333333, "weightedAverageShsOutDil": 42758621, "link": "", "finalLink": "", "calculatedOtherExpenses": -10800000, "calculatedOperatingExpenses": -1900000, "calculatedNetInterest": 0, "calculatedOtherIncome": -12700000, "calculatedIncomeNonControlling": 0, "calculatedEbitda": 32200000}, {"date": "1992-12-31", "symbol": "CACC", "reportedCurrency": "USD", "cik": "0000885550", "fillingDate": "1992-12-31", "acceptedDate": "1992-12-30 19:00:00", "calendarYear": "1992", "period": "FY", "revenue": 18600000, "costOfRevenue": 0, "grossProfit": 18600000, "grossProfitRatio": 1, "researchAndDevelopmentExpenses": 0, "generalAndAdministrativeExpenses": 5100000, "sellingAndMarketingExpenses": 600000, "sellingGeneralAndAdministrativeExpenses": 5700000, "otherExpenses": -5700000, "operatingExpenses": 0, "costAndExpenses": 0, "interestIncome": 0, "interestExpense": 0, "depreciationAndAmortization": 200000, "ebitda": 18800000, "ebitdaratio": 1.0107526882, "operatingIncome": 18600000, "operatingIncomeRatio": 1, "totalOtherIncomeExpensesNet": -7500000, "incomeBeforeTax": 11100000, "incomeBeforeTaxRatio": 0.5967741935, "incomeTaxExpense": 2500000, "netIncome": 8600000, "netIncomeRatio": 0.4623655914, "eps": 0.24, "epsdiluted": 0.24, "weightedAverageShsOut": 35833333, "weightedAverageShsOutDil": 35833333, "link": "", "finalLink": "", "calculatedOtherExpenses": -5700000, "calculatedOperatingExpenses": 0, "calculatedNetInterest": 0, "calculatedOtherIncome": -7500000, "calculatedIncomeNonControlling": 0, "calculatedEbitda": 18800000}]}