{"originalCurrency": "USD", "convertedCurrency": "USD", "report": [{"date": "2023-06-30", "symbol": "CACI", "reportedCurrency": "USD", "cik": "0000016058", "fillingDate": "2023-08-10", "acceptedDate": "2023-08-10 14:00:55", "calendarYear": "2023", "period": "FY", "revenue": 6702546000, "costOfRevenue": 6135046000, "grossProfit": 567500000, "grossProfitRatio": 0.0846693182, "researchAndDevelopmentExpenses": 0, "generalAndAdministrativeExpenses": 0, "sellingAndMarketingExpenses": 1590754000, "sellingGeneralAndAdministrativeExpenses": 1590754000, "otherExpenses": 0, "operatingExpenses": 1590754000, "costAndExpenses": 6135046000, "interestIncome": 83861000, "interestExpense": 83861000, "depreciationAndAmortization": 141564000, "ebitda": 709064000, "ebitdaratio": 0.1057902475, "operatingIncome": 567500000, "operatingIncomeRatio": 0.0846693182, "totalOtherIncomeExpensesNet": -83861000, "incomeBeforeTax": 483639000, "incomeBeforeTaxRatio": 0.0721575055, "incomeTaxExpense": 98904000, "netIncome": 384735000, "netIncomeRatio": 0.0574013218, "eps": 16.59, "epsdiluted": 16.43, "weightedAverageShsOut": 23196000, "weightedAverageShsOutDil": 23413000, "link": "https://www.sec.gov/Archives/edgar/data/16058/000001605823000086/0000016058-23-000086-index.htm", "finalLink": "https://www.sec.gov/Archives/edgar/data/16058/000001605823000086/caci-20230630.htm", "calculatedOtherExpenses": -1590754000, "calculatedOperatingExpenses": 0, "calculatedNetInterest": 0, "calculatedOtherIncome": -83861000, "calculatedIncomeNonControlling": 0, "calculatedEbitda": 709064000}, {"date": "2022-06-30", "symbol": "CACI", "reportedCurrency": "USD", "cik": "0000016058", "fillingDate": "2022-08-11", "acceptedDate": "2022-08-11 14:39:16", "calendarYear": "2022", "period": "FY", "revenue": 6202917000, "costOfRevenue": 5706588000, "grossProfit": 496329000, "grossProfitRatio": 0.0800154186, "researchAndDevelopmentExpenses": 0, "generalAndAdministrativeExpenses": 0, "sellingAndMarketingExpenses": 1520719000, "sellingGeneralAndAdministrativeExpenses": 1520719000, "otherExpenses": 0, "operatingExpenses": 1520719000, "costAndExpenses": 5706588000, "interestIncome": 41757000, "interestExpense": 41757000, "depreciationAndAmortization": 134681000, "ebitda": 631010000, "ebitdaratio": 0.1017279451, "operatingIncome": 496329000, "operatingIncomeRatio": 0.0800154186, "totalOtherIncomeExpensesNet": -41757000, "incomeBeforeTax": 454572000, "incomeBeforeTaxRatio": 0.0732835858, "incomeTaxExpense": 87778000, "netIncome": 366794000, "netIncomeRatio": 0.0591325017, "eps": 15.64, "epsdiluted": 15.49, "weightedAverageShsOut": 23446000, "weightedAverageShsOutDil": 23677000, "link": "https://www.sec.gov/Archives/edgar/data/16058/000156459022029077/0001564590-22-029077-index.htm", "finalLink": "https://www.sec.gov/Archives/edgar/data/16058/000156459022029077/caci-10k_20220630.htm", "calculatedOtherExpenses": -1520719000, "calculatedOperatingExpenses": 0, "calculatedNetInterest": 0, "calculatedOtherIncome": -41757000, "calculatedIncomeNonControlling": 0, "calculatedEbitda": 631010000}, {"date": "2021-06-30", "symbol": "CACI", "reportedCurrency": "USD", "cik": "0000016058", "fillingDate": "2021-08-17", "acceptedDate": "2021-08-17 14:11:48", "calendarYear": "2021", "period": "FY", "revenue": 6044135000, "costOfRevenue": 5504684000, "grossProfit": 539451000, "grossProfitRatio": 0.0892519773, "researchAndDevelopmentExpenses": 0, "generalAndAdministrativeExpenses": 0, "sellingAndMarketingExpenses": 1448614000, "sellingGeneralAndAdministrativeExpenses": 1448614000, "otherExpenses": 0, "operatingExpenses": 1448614000, "costAndExpenses": 5504684000, "interestIncome": 39836000, "interestExpense": 39836000, "depreciationAndAmortization": 125363000, "ebitda": 664814000, "ebitdaratio": 0.1099932414, "operatingIncome": 539451000, "operatingIncomeRatio": 0.0892519773, "totalOtherIncomeExpensesNet": -39836000, "incomeBeforeTax": 499615000, "incomeBeforeTaxRatio": 0.0826611252, "incomeTaxExpense": 42172000, "netIncome": 457443000, "netIncomeRatio": 0.0756837827, "eps": 18.52, "epsdiluted": 18.3, "weightedAverageShsOut": 24705000, "weightedAverageShsOutDil": 24992000, "link": "https://www.sec.gov/Archives/edgar/data/16058/000156459021044839/0001564590-21-044839-index.htm", "finalLink": "https://www.sec.gov/Archives/edgar/data/16058/000156459021044839/caci-10k_20210630.htm", "calculatedOtherExpenses": -1448614000, "calculatedOperatingExpenses": 0, "calculatedNetInterest": 0, "calculatedOtherIncome": -39836000, "calculatedIncomeNonControlling": 0, "calculatedEbitda": 664814000}, {"date": "2020-06-30", "symbol": "CACI", "reportedCurrency": "USD", "cik": "0000016058", "fillingDate": "2020-08-14", "acceptedDate": "2020-08-14 11:07:46", "calendarYear": "2020", "period": "FY", "revenue": 5720042000, "costOfRevenue": 5262346000, "grossProfit": 457696000, "grossProfitRatio": 0.0800161957, "researchAndDevelopmentExpenses": 0, "generalAndAdministrativeExpenses": 0, "sellingAndMarketingExpenses": 1432602000, "sellingGeneralAndAdministrativeExpenses": 1432602000, "otherExpenses": 0, "operatingExpenses": 1432602000, "costAndExpenses": 5262346000, "interestIncome": 56059000, "interestExpense": 56059000, "depreciationAndAmortization": 110688000, "ebitda": 568384000, "ebitdaratio": 0.0993671025, "operatingIncome": 457696000, "operatingIncomeRatio": 0.0800161957, "totalOtherIncomeExpensesNet": -56059000, "incomeBeforeTax": 401637000, "incomeBeforeTaxRatio": 0.0702157432, "incomeTaxExpense": 80157000, "netIncome": 321480000, "netIncomeRatio": 0.0562023845, "eps": 12.84, "epsdiluted": 12.61, "weightedAverageShsOut": 25031000, "weightedAverageShsOutDil": 25485000, "link": "https://www.sec.gov/Archives/edgar/data/16058/000156459020040205/0001564590-20-040205-index.htm", "finalLink": "https://www.sec.gov/Archives/edgar/data/16058/000156459020040205/caci-10k_20200630.htm", "calculatedOtherExpenses": -1432602000, "calculatedOperatingExpenses": 0, "calculatedNetInterest": 0, "calculatedOtherIncome": -56059000, "calculatedIncomeNonControlling": 0, "calculatedEbitda": 568384000}, {"date": "2019-06-30", "symbol": "CACI", "reportedCurrency": "USD", "cik": "0000016058", "fillingDate": "2019-08-21", "acceptedDate": "2019-08-21 12:07:37", "calendarYear": "2019", "period": "FY", "revenue": 4986341000, "costOfRevenue": 4608474000, "grossProfit": 377867000, "grossProfitRatio": 0.0757804169, "researchAndDevelopmentExpenses": 0, "generalAndAdministrativeExpenses": 0, "sellingAndMarketingExpenses": 1218544000, "sellingGeneralAndAdministrativeExpenses": 1218544000, "otherExpenses": 0, "operatingExpenses": 1218544000, "costAndExpenses": 4608474000, "interestIncome": 49958000, "interestExpense": 49958000, "depreciationAndAmortization": 85877000, "ebitda": 463744000, "ebitdaratio": 0.0930028652, "operatingIncome": 377867000, "operatingIncomeRatio": 0.0757804169, "totalOtherIncomeExpensesNet": -49958000, "incomeBeforeTax": 327909000, "incomeBeforeTaxRatio": 0.0657614471, "incomeTaxExpense": 62305000, "netIncome": 265604000, "netIncomeRatio": 0.0532663129, "eps": 10.7, "epsdiluted": 10.46, "weightedAverageShsOut": 24833000, "weightedAverageShsOutDil": 25395000, "link": "https://www.sec.gov/Archives/edgar/data/16058/000156459019032721/0001564590-19-032721-index.htm", "finalLink": "https://www.sec.gov/Archives/edgar/data/16058/000156459019032721/caci-10k_20190630.htm", "calculatedOtherExpenses": -1218544000, "calculatedOperatingExpenses": 0, "calculatedNetInterest": 0, "calculatedOtherIncome": -49958000, "calculatedIncomeNonControlling": 0, "calculatedEbitda": 463744000}, {"date": "2018-06-30", "symbol": "CACI", "reportedCurrency": "USD", "cik": "0000016058", "fillingDate": "2018-08-20", "acceptedDate": "2018-08-20 15:13:34", "calendarYear": "2018", "period": "FY", "revenue": 4467860000, "costOfRevenue": 4127160000, "grossProfit": 340700000, "grossProfitRatio": 0.0762557466, "researchAndDevelopmentExpenses": 0, "generalAndAdministrativeExpenses": 0, "sellingAndMarketingExpenses": 1076356000, "sellingGeneralAndAdministrativeExpenses": 1076356000, "otherExpenses": 0, "operatingExpenses": 1076356000, "costAndExpenses": 4127160000, "interestIncome": 0, "interestExpense": 42036000, "depreciationAndAmortization": 72196000, "ebitda": 412896000, "ebitdaratio": 0.0924147131, "operatingIncome": 340700000, "operatingIncomeRatio": 0.0762557466, "totalOtherIncomeExpensesNet": -42036000, "incomeBeforeTax": 298664000, "incomeBeforeTaxRatio": 0.0668472154, "incomeTaxExpense": -2507000, "netIncome": 301171000, "netIncomeRatio": 0.0674083342, "eps": 12.23, "epsdiluted": 11.93, "weightedAverageShsOut": 24616000, "weightedAverageShsOutDil": 25255000, "link": "https://www.sec.gov/Archives/edgar/data/16058/000156459018022021/0001564590-18-022021-index.htm", "finalLink": "https://www.sec.gov/Archives/edgar/data/16058/000156459018022021/caci-10k_20180630.htm", "calculatedOtherExpenses": -1076356000, "calculatedOperatingExpenses": 0, "calculatedNetInterest": -42036000, "calculatedOtherIncome": 0, "calculatedIncomeNonControlling": 0, "calculatedEbitda": 412896000}, {"date": "2017-06-30", "symbol": "CACI", "reportedCurrency": "USD", "cik": "0000016058", "fillingDate": "2017-08-21", "acceptedDate": "2017-08-21 14:26:04", "calendarYear": "2017", "period": "FY", "revenue": 4354617000, "costOfRevenue": 4057356000, "grossProfit": 297261000, "grossProfitRatio": 0.0682634087, "researchAndDevelopmentExpenses": 0, "generalAndAdministrativeExpenses": 0, "sellingAndMarketingExpenses": 1050792000, "sellingGeneralAndAdministrativeExpenses": 1050792000, "otherExpenses": 0, "operatingExpenses": 1050792000, "costAndExpenses": 4057356000, "interestIncome": 0, "interestExpense": 48642000, "depreciationAndAmortization": 71760000, "ebitda": 369021000, "ebitdaratio": 0.0847424699, "operatingIncome": 297261000, "operatingIncomeRatio": 0.0682634087, "totalOtherIncomeExpensesNet": -48642000, "incomeBeforeTax": 248619000, "incomeBeforeTaxRatio": 0.0570931956, "incomeTaxExpense": 84948000, "netIncome": 163671000, "netIncomeRatio": 0.0375856246, "eps": 6.71, "epsdiluted": 6.53, "weightedAverageShsOut": 24401000, "weightedAverageShsOutDil": 25069000, "link": "https://www.sec.gov/Archives/edgar/data/16058/000156459017017873/0001564590-17-017873-index.htm", "finalLink": "https://www.sec.gov/Archives/edgar/data/16058/000156459017017873/caci-10k_20170630.htm", "calculatedOtherExpenses": -1050792000, "calculatedOperatingExpenses": 0, "calculatedNetInterest": -48642000, "calculatedOtherIncome": 0, "calculatedIncomeNonControlling": 0, "calculatedEbitda": 369021000}, {"date": "2016-06-30", "symbol": "CACI", "reportedCurrency": "USD", "cik": "0000016058", "fillingDate": "2016-08-24", "acceptedDate": "2016-08-24 17:03:41", "calendarYear": "2016", "period": "FY", "revenue": 3744053000, "costOfRevenue": 3479303000, "grossProfit": 264750000, "grossProfitRatio": 0.07071214, "researchAndDevelopmentExpenses": 3230000, "generalAndAdministrativeExpenses": 0, "sellingAndMarketingExpenses": 926918000, "sellingGeneralAndAdministrativeExpenses": 926918000, "otherExpenses": 0, "operatingExpenses": 926918000, "costAndExpenses": 3479303000, "interestIncome": 0, "interestExpense": 41138000, "depreciationAndAmortization": 64752000, "ebitda": 329502000, "ebitdaratio": 0.088006767, "operatingIncome": 264750000, "operatingIncomeRatio": 0.07071214, "totalOtherIncomeExpensesNet": -41138000, "incomeBeforeTax": 223612000, "incomeBeforeTaxRatio": 0.0597245819, "incomeTaxExpense": 80813000, "netIncome": 142799000, "netIncomeRatio": 0.0381402186, "eps": 5.89, "epsdiluted": 5.76, "weightedAverageShsOut": 24262000, "weightedAverageShsOutDil": 24802000, "link": "https://www.sec.gov/Archives/edgar/data/16058/000156459016024672/0001564590-16-024672-index.htm", "finalLink": "https://www.sec.gov/Archives/edgar/data/16058/000156459016024672/caci-10k_20160630.htm", "calculatedOtherExpenses": -930148000, "calculatedOperatingExpenses": 0, "calculatedNetInterest": -41138000, "calculatedOtherIncome": 0, "calculatedIncomeNonControlling": 0, "calculatedEbitda": 329502000}, {"date": "2015-06-30", "symbol": "CACI", "reportedCurrency": "USD", "cik": "0000016058", "fillingDate": "2015-08-21", "acceptedDate": "2015-08-21 13:04:26", "calendarYear": "2015", "period": "FY", "revenue": 3313452000, "costOfRevenue": 3077071000, "grossProfit": 236381000, "grossProfitRatio": 0.0713397991, "researchAndDevelopmentExpenses": 3911000, "generalAndAdministrativeExpenses": 0, "sellingAndMarketingExpenses": 817403000, "sellingGeneralAndAdministrativeExpenses": 817403000, "otherExpenses": 0, "operatingExpenses": 817403000, "costAndExpenses": 3077071000, "interestIncome": 0, "interestExpense": 34758000, "depreciationAndAmortization": 66083000, "ebitda": 302464000, "ebitdaratio": 0.0912836522, "operatingIncome": 236381000, "operatingIncomeRatio": 0.0713397991, "totalOtherIncomeExpensesNet": -34758000, "incomeBeforeTax": 201623000, "incomeBeforeTaxRatio": 0.0608498327, "incomeTaxExpense": 75327000, "netIncome": 126195000, "netIncomeRatio": 0.0380856581, "eps": 5.27, "epsdiluted": 5.17, "weightedAverageShsOut": 23948000, "weightedAverageShsOutDil": 24388000, "link": "https://www.sec.gov/Archives/edgar/data/16058/000156459015007527/0001564590-15-007527-index.htm", "finalLink": "https://www.sec.gov/Archives/edgar/data/16058/000156459015007527/caci-10k_20150630.htm", "calculatedOtherExpenses": -821314000, "calculatedOperatingExpenses": 0, "calculatedNetInterest": -34758000, "calculatedOtherIncome": 0, "calculatedIncomeNonControlling": 101000, "calculatedEbitda": 302464000}, {"date": "2014-06-30", "symbol": "CACI", "reportedCurrency": "USD", "cik": "0000016058", "fillingDate": "2014-08-28", "acceptedDate": "2014-08-28 17:00:17", "calendarYear": "2014", "period": "FY", "revenue": 3564562000, "costOfRevenue": 3307159000, "grossProfit": 257403000, "grossProfitRatio": 0.0722116771, "researchAndDevelopmentExpenses": 3890000, "generalAndAdministrativeExpenses": 0, "sellingAndMarketingExpenses": 815458000, "sellingGeneralAndAdministrativeExpenses": 815458000, "otherExpenses": 0, "operatingExpenses": 815458000, "costAndExpenses": 3307159000, "interestIncome": 0, "interestExpense": 38158000, "depreciationAndAmortization": 65181000, "ebitda": 322584000, "ebitdaratio": 0.0904975141, "operatingIncome": 257403000, "operatingIncomeRatio": 0.0722116771, "totalOtherIncomeExpensesNet": -38158000, "incomeBeforeTax": 219245000, "incomeBeforeTaxRatio": 0.0615068555, "incomeTaxExpense": 83326000, "netIncome": 135316000, "netIncomeRatio": 0.0379614662, "eps": 5.78, "epsdiluted": 5.38, "weightedAverageShsOut": 23429000, "weightedAverageShsOutDil": 25155000, "link": "https://www.sec.gov/Archives/edgar/data/16058/000119312514325463/0001193125-14-325463-index.htm", "finalLink": "https://www.sec.gov/Archives/edgar/data/16058/000119312514325463/d776116d10k.htm", "calculatedOtherExpenses": -819348000, "calculatedOperatingExpenses": 0, "calculatedNetInterest": -38158000, "calculatedOtherIncome": 0, "calculatedIncomeNonControlling": 603000, "calculatedEbitda": 322584000}, {"date": "2013-06-30", "symbol": "CACI", "reportedCurrency": "USD", "cik": "0000016058", "fillingDate": "2013-08-27", "acceptedDate": "2013-08-27 14:41:06", "calendarYear": "2013", "period": "FY", "revenue": 3681990000, "costOfRevenue": 3411149000, "grossProfit": 270841000, "grossProfitRatio": 0.0735583204, "researchAndDevelopmentExpenses": 2548000, "generalAndAdministrativeExpenses": 0, "sellingAndMarketingExpenses": 821465000, "sellingGeneralAndAdministrativeExpenses": 821465000, "otherExpenses": 0, "operatingExpenses": 821465000, "costAndExpenses": 3411149000, "interestIncome": 0, "interestExpense": 25818000, "depreciationAndAmortization": 54078000, "ebitda": 324919000, "ebitdaratio": 0.0882454868, "operatingIncome": 270841000, "operatingIncomeRatio": 0.0735583204, "totalOtherIncomeExpensesNet": -25818000, "incomeBeforeTax": 245023000, "incomeBeforeTaxRatio": 0.0665463513, "incomeTaxExpense": 92347000, "netIncome": 151689000, "netIncomeRatio": 0.0411975589, "eps": 6.59, "epsdiluted": 6.35, "weightedAverageShsOut": 23010000, "weightedAverageShsOutDil": 23885000, "link": "https://www.sec.gov/Archives/edgar/data/16058/000119312513348088/0001193125-13-348088-index.htm", "finalLink": "https://www.sec.gov/Archives/edgar/data/16058/000119312513348088/d584685d10k.htm", "calculatedOtherExpenses": -824013000, "calculatedOperatingExpenses": 0, "calculatedNetInterest": -25818000, "calculatedOtherIncome": 0, "calculatedIncomeNonControlling": 987000, "calculatedEbitda": 324919000}, {"date": "2012-06-30", "symbol": "CACI", "reportedCurrency": "USD", "cik": "0000016058", "fillingDate": "2012-08-28", "acceptedDate": "2012-08-28 14:05:35", "calendarYear": "2012", "period": "FY", "revenue": 3774473000, "costOfRevenue": 3474624000, "grossProfit": 299849000, "grossProfitRatio": 0.0794412889, "researchAndDevelopmentExpenses": 0, "generalAndAdministrativeExpenses": 0, "sellingAndMarketingExpenses": 819772000, "sellingGeneralAndAdministrativeExpenses": 819772000, "otherExpenses": 0, "operatingExpenses": 819772000, "costAndExpenses": 3474624000, "interestIncome": 0, "interestExpense": 24101000, "depreciationAndAmortization": 55962000, "ebitda": 355811000, "ebitdaratio": 0.0942677296, "operatingIncome": 299849000, "operatingIncomeRatio": 0.0794412889, "totalOtherIncomeExpensesNet": -24101000, "incomeBeforeTax": 275748000, "incomeBeforeTaxRatio": 0.0730560266, "incomeTaxExpense": 107537000, "netIncome": 167454000, "netIncomeRatio": 0.0443648689, "eps": 6.18, "epsdiluted": 5.96, "weightedAverageShsOut": 27077000, "weightedAverageShsOutDil": 28111000, "link": "https://www.sec.gov/Archives/edgar/data/16058/000119312512371503/0001193125-12-371503-index.htm", "finalLink": "https://www.sec.gov/Archives/edgar/data/16058/000119312512371503/d399636d10k.htm", "calculatedOtherExpenses": -819772000, "calculatedOperatingExpenses": 0, "calculatedNetInterest": -24101000, "calculatedOtherIncome": 0, "calculatedIncomeNonControlling": 757000, "calculatedEbitda": 355811000}, {"date": "2011-06-30", "symbol": "CACI", "reportedCurrency": "USD", "cik": "0000016058", "fillingDate": "2011-08-29", "acceptedDate": "2011-08-29 09:30:51", "calendarYear": "2011", "period": "FY", "revenue": 3577780000, "costOfRevenue": 3326379000, "grossProfit": 251401000, "grossProfitRatio": 0.0702673166, "researchAndDevelopmentExpenses": 0, "generalAndAdministrativeExpenses": 0, "sellingAndMarketingExpenses": 741652000, "sellingGeneralAndAdministrativeExpenses": 741652000, "otherExpenses": 0, "operatingExpenses": 741652000, "costAndExpenses": 3326379000, "interestIncome": 0, "interestExpense": 23144000, "depreciationAndAmortization": 56067000, "ebitda": 307468000, "ebitdaratio": 0.0859382075, "operatingIncome": 251401000, "operatingIncomeRatio": 0.0702673166, "totalOtherIncomeExpensesNet": -23144000, "incomeBeforeTax": 228257000, "incomeBeforeTaxRatio": 0.0637985007, "incomeTaxExpense": 83105000, "netIncome": 144218000, "netIncomeRatio": 0.0403093538, "eps": 4.76, "epsdiluted": 4.61, "weightedAverageShsOut": 30281000, "weightedAverageShsOutDil": 31300000, "link": "https://www.sec.gov/Archives/edgar/data/16058/000119312511234902/0001193125-11-234902-index.htm", "finalLink": "https://www.sec.gov/Archives/edgar/data/16058/000119312511234902/d10k.htm", "calculatedOtherExpenses": -741652000, "calculatedOperatingExpenses": 0, "calculatedNetInterest": -23144000, "calculatedOtherIncome": 0, "calculatedIncomeNonControlling": 934000, "calculatedEbitda": 307468000}, {"date": "2010-06-30", "symbol": "CACI", "reportedCurrency": "USD", "cik": "0000016058", "fillingDate": "2010-08-25", "acceptedDate": "2010-08-25 15:59:53", "calendarYear": "2010", "period": "FY", "revenue": 3149131000, "costOfRevenue": 2207574000, "grossProfit": 941557000, "grossProfitRatio": 0.2989894673, "researchAndDevelopmentExpenses": 0, "generalAndAdministrativeExpenses": 0, "sellingAndMarketingExpenses": 693736000, "sellingGeneralAndAdministrativeExpenses": 693736000, "otherExpenses": 53039000, "operatingExpenses": 746775000, "costAndExpenses": 2954349000, "interestIncome": 0, "interestExpense": 26353000, "depreciationAndAmortization": 55395000, "ebitda": 250177000, "ebitdaratio": 0.0794431861, "operatingIncome": 194782000, "operatingIncomeRatio": 0.061852619, "totalOtherIncomeExpensesNet": -26353000, "incomeBeforeTax": 168429000, "incomeBeforeTaxRatio": 0.0534842787, "incomeTaxExpense": 61171000, "netIncome": 106515000, "netIncomeRatio": 0.0338236167, "eps": 3.53, "epsdiluted": 3.47, "weightedAverageShsOut": 30138000, "weightedAverageShsOutDil": 30676000, "link": "https://www.sec.gov/Archives/edgar/data/16058/000119312510196811/0001193125-10-196811-index.htm", "finalLink": "https://www.sec.gov/Archives/edgar/data/16058/000119312510196811/d10k.htm", "calculatedOtherExpenses": 53039000, "calculatedOperatingExpenses": 746775000, "calculatedNetInterest": -26353000, "calculatedOtherIncome": 0, "calculatedIncomeNonControlling": 743000, "calculatedEbitda": 250177000}, {"date": "2009-06-30", "symbol": "CACI", "reportedCurrency": "USD", "cik": "0000016058", "fillingDate": "2009-08-26", "acceptedDate": "2009-08-26 16:35:45", "calendarYear": "2009", "period": "FY", "revenue": 2730162000, "costOfRevenue": 1871884000, "grossProfit": 858278000, "grossProfitRatio": 0.3143688909, "researchAndDevelopmentExpenses": 0, "generalAndAdministrativeExpenses": 0, "sellingAndMarketingExpenses": 627572000, "sellingGeneralAndAdministrativeExpenses": 627572000, "otherExpenses": 46592000, "operatingExpenses": 696487000, "costAndExpenses": 2568371000, "interestIncome": 739000, "interestExpense": 23062000, "depreciationAndAmortization": 49433000, "ebitda": 211224000, "ebitdaratio": 0.0773668376, "operatingIncome": 184114000, "operatingIncomeRatio": 0.0674370239, "totalOtherIncomeExpensesNet": -22323000, "incomeBeforeTax": 161791000, "incomeBeforeTaxRatio": 0.059260586, "incomeTaxExpense": 66311000, "netIncome": 95480000, "netIncomeRatio": 0.0349722837, "eps": 3.19, "epsdiluted": 3.14, "weightedAverageShsOut": 29976000, "weightedAverageShsOutDil": 30427000, "link": "https://www.sec.gov/Archives/edgar/data/16058/000119312509182208/0001193125-09-182208-index.htm", "finalLink": "https://www.sec.gov/Archives/edgar/data/16058/000119312509182208/d10k.htm", "calculatedOtherExpenses": 46592000, "calculatedOperatingExpenses": 674164000, "calculatedNetInterest": -22323000, "calculatedOtherIncome": 0, "calculatedIncomeNonControlling": 0, "calculatedEbitda": 233547000}, {"date": "2008-06-30", "symbol": "CACI", "reportedCurrency": "USD", "cik": "0000016058", "fillingDate": "2008-08-27", "acceptedDate": "2008-08-27 14:39:36", "calendarYear": "2008", "period": "FY", "revenue": 2420537000, "costOfRevenue": 1625591000, "grossProfit": 794946000, "grossProfitRatio": 0.3284172066, "researchAndDevelopmentExpenses": 0, "generalAndAdministrativeExpenses": 0, "sellingAndMarketingExpenses": 584600000, "sellingGeneralAndAdministrativeExpenses": 584600000, "otherExpenses": 47517000, "operatingExpenses": 632117000, "costAndExpenses": 2257708000, "interestIncome": -4868000, "interestExpense": 30066000, "depreciationAndAmortization": 50048000, "ebitda": 212877000, "ebitdaratio": 0.0879461871, "operatingIncome": 162829000, "operatingIncomeRatio": 0.0672697835, "totalOtherIncomeExpensesNet": -25198000, "incomeBeforeTax": 137631000, "incomeBeforeTaxRatio": 0.0568596968, "incomeTaxExpense": 54308000, "netIncome": 83323000, "netIncomeRatio": 0.0344233532, "eps": 2.77, "epsdiluted": 2.72, "weightedAverageShsOut": 30058000, "weightedAverageShsOutDil": 30606000, "link": "https://www.sec.gov/Archives/edgar/data/16058/000119312508185214/0001193125-08-185214-index.htm", "finalLink": "https://www.sec.gov/Archives/edgar/data/16058/000119312508185214/d10k.htm", "calculatedOtherExpenses": 47517000, "calculatedOperatingExpenses": 632117000, "calculatedNetInterest": -34934000, "calculatedOtherIncome": 9736000, "calculatedIncomeNonControlling": 0, "calculatedEbitda": 212877000}, {"date": "2007-06-30", "symbol": "CACI", "reportedCurrency": "USD", "cik": "0000016058", "fillingDate": "2007-08-29", "acceptedDate": "2007-08-29 14:35:46", "calendarYear": "2007", "period": "FY", "revenue": 1937972000, "costOfRevenue": 1267677000, "grossProfit": 670295000, "grossProfitRatio": 0.3458744502, "researchAndDevelopmentExpenses": 0, "generalAndAdministrativeExpenses": 0, "sellingAndMarketingExpenses": 485359000, "sellingGeneralAndAdministrativeExpenses": 485359000, "otherExpenses": 39083000, "operatingExpenses": 524442000, "costAndExpenses": 1792119000, "interestIncome": -5206000, "interestExpense": 25791000, "depreciationAndAmortization": 40686000, "ebitda": 186539000, "ebitdaratio": 0.0962547447, "operatingIncome": 145853000, "operatingIncomeRatio": 0.0752606333, "totalOtherIncomeExpensesNet": -20585000, "incomeBeforeTax": 125268000, "incomeBeforeTaxRatio": 0.0646387048, "incomeTaxExpense": 46736000, "netIncome": 78532000, "netIncomeRatio": 0.0405227733, "eps": 2.56, "epsdiluted": 2.51, "weightedAverageShsOut": 30643000, "weightedAverageShsOutDil": 31256000, "link": "https://www.sec.gov/Archives/edgar/data/16058/000119312507191648/0001193125-07-191648-index.htm", "finalLink": "https://www.sec.gov/Archives/edgar/data/16058/000119312507191648/d10k.htm", "calculatedOtherExpenses": 39083000, "calculatedOperatingExpenses": 524442000, "calculatedNetInterest": -30997000, "calculatedOtherIncome": 10412000, "calculatedIncomeNonControlling": 0, "calculatedEbitda": 186539000}, {"date": "2006-06-30", "symbol": "CACI", "reportedCurrency": "USD", "cik": "0000016058", "fillingDate": "2006-09-13", "acceptedDate": "2006-09-13 17:11:42", "calendarYear": "2006", "period": "FY", "revenue": 1755324000, "costOfRevenue": 1134951000, "grossProfit": 620373000, "grossProfitRatio": 0.3534236414, "researchAndDevelopmentExpenses": 0, "generalAndAdministrativeExpenses": 0, "sellingAndMarketingExpenses": 436656000, "sellingGeneralAndAdministrativeExpenses": 436656000, "otherExpenses": 33437000, "operatingExpenses": 470093000, "costAndExpenses": 1605044000, "interestIncome": -4405000, "interestExpense": 21684000, "depreciationAndAmortization": 34858000, "ebitda": 185138000, "ebitdaratio": 0.1054722661, "operatingIncome": 150280000, "operatingIncomeRatio": 0.085613824, "totalOtherIncomeExpensesNet": -17279000, "incomeBeforeTax": 133001000, "incomeBeforeTaxRatio": 0.0757700573, "incomeTaxExpense": 48161000, "netIncome": 84840000, "netIncomeRatio": 0.0483329573, "eps": 2.81, "epsdiluted": 2.72, "weightedAverageShsOut": 30242000, "weightedAverageShsOutDil": 31161000, "link": "https://www.sec.gov/Archives/edgar/data/16058/000119312506190233/0001193125-06-190233-index.htm", "finalLink": "https://www.sec.gov/Archives/edgar/data/16058/000119312506190233/d10k.htm", "calculatedOtherExpenses": 33437000, "calculatedOperatingExpenses": 470093000, "calculatedNetInterest": -26089000, "calculatedOtherIncome": 8810000, "calculatedIncomeNonControlling": 0, "calculatedEbitda": 185138000}, {"date": "2005-06-30", "symbol": "CACI", "reportedCurrency": "USD", "cik": "0000016058", "fillingDate": "2005-09-13", "acceptedDate": "2005-09-13 17:22:46", "calendarYear": "2005", "period": "FY", "revenue": 1623062000, "costOfRevenue": 1019474000, "grossProfit": 603588000, "grossProfitRatio": 0.3718822818, "researchAndDevelopmentExpenses": 0, "generalAndAdministrativeExpenses": 0, "sellingAndMarketingExpenses": 420502000, "sellingGeneralAndAdministrativeExpenses": 420502000, "otherExpenses": 32022000, "operatingExpenses": 452524000, "costAndExpenses": 1471998000, "interestIncome": -2133000, "interestExpense": 16898000, "depreciationAndAmortization": 33366000, "ebitda": 184430000, "ebitdaratio": 0.1136309026, "operatingIncome": 151064000, "operatingIncomeRatio": 0.0930734624, "totalOtherIncomeExpensesNet": -14765000, "incomeBeforeTax": 136299000, "incomeBeforeTaxRatio": 0.0839764593, "incomeTaxExpense": 50983000, "netIncome": 85316000, "netIncomeRatio": 0.0525648435, "eps": 2.69, "epsdiluted": 2.61, "weightedAverageShsOut": 29675000, "weightedAverageShsOutDil": 30568000, "link": "https://www.sec.gov/Archives/edgar/data/16058/000119312505184854/0001193125-05-184854-index.htm", "finalLink": "https://www.sec.gov/Archives/edgar/data/16058/000119312505184854/d10k.htm", "calculatedOtherExpenses": 32022000, "calculatedOperatingExpenses": 452524000, "calculatedNetInterest": -19031000, "calculatedOtherIncome": 4266000, "calculatedIncomeNonControlling": 0, "calculatedEbitda": 184430000}, {"date": "2004-06-30", "symbol": "CACI", "reportedCurrency": "USD", "cik": "0000016058", "fillingDate": "2004-09-13", "acceptedDate": "2004-09-13 14:08:14", "calendarYear": "2004", "period": "FY", "revenue": 1145785000, "costOfRevenue": 708371000, "grossProfit": 437414000, "grossProfitRatio": 0.3817592306, "researchAndDevelopmentExpenses": 0, "generalAndAdministrativeExpenses": 0, "sellingAndMarketingExpenses": 313664000, "sellingGeneralAndAdministrativeExpenses": 313664000, "otherExpenses": 19036000, "operatingExpenses": 332700000, "costAndExpenses": 1041071000, "interestIncome": 0, "interestExpense": 1783000, "depreciationAndAmortization": 19260000, "ebitda": 123974000, "ebitdaratio": 0.108200055, "operatingIncome": 104714000, "operatingIncomeRatio": 0.0913906187, "totalOtherIncomeExpensesNet": -1783000, "incomeBeforeTax": 102931000, "incomeBeforeTaxRatio": 0.0898344803, "incomeTaxExpense": 39262000, "netIncome": 63669000, "netIncomeRatio": 0.0555680167, "eps": 1.99, "epsdiluted": 1.93, "weightedAverageShsOut": 29051000, "weightedAverageShsOutDil": 29877000, "link": "https://www.sec.gov/Archives/edgar/data/16058/000119312504155541/0001193125-04-155541-index.htm", "finalLink": "https://www.sec.gov/Archives/edgar/data/16058/000119312504155541/d10k.htm", "calculatedOtherExpenses": 19036000, "calculatedOperatingExpenses": 332700000, "calculatedNetInterest": -1783000, "calculatedOtherIncome": 0, "calculatedIncomeNonControlling": 0, "calculatedEbitda": 123974000}, {"date": "2003-06-30", "symbol": "CACI", "reportedCurrency": "USD", "cik": "0000016058", "fillingDate": "2003-09-29", "acceptedDate": "2003-09-29 14:26:27", "calendarYear": "2003", "period": "FY", "revenue": 843138000, "costOfRevenue": 517975000, "grossProfit": 325163000, "grossProfitRatio": 0.385658101, "researchAndDevelopmentExpenses": 0, "generalAndAdministrativeExpenses": 0, "sellingAndMarketingExpenses": 242153000, "sellingGeneralAndAdministrativeExpenses": 242153000, "otherExpenses": 12604000, "operatingExpenses": 254757000, "costAndExpenses": 772732000, "interestIncome": 0, "interestExpense": -1374000, "depreciationAndAmortization": 12604000, "ebitda": 83010000, "ebitdaratio": 0.0984536339, "operatingIncome": 70406000, "operatingIncomeRatio": 0.0835047169, "totalOtherIncomeExpensesNet": 1374000, "incomeBeforeTax": 71780000, "incomeBeforeTaxRatio": 0.0851343434, "incomeTaxExpense": 27069000, "netIncome": 44711000, "netIncomeRatio": 0.0530292787, "eps": 1.56, "epsdiluted": 1.52, "weightedAverageShsOut": 28647000, "weightedAverageShsOutDil": 29425000, "link": "https://www.sec.gov/Archives/edgar/data/16058/000119312503055255/0001193125-03-055255-index.htm", "finalLink": "https://www.sec.gov/Archives/edgar/data/16058/000119312503055255/d10k.htm", "calculatedOtherExpenses": 12604000, "calculatedOperatingExpenses": 254757000, "calculatedNetInterest": 1374000, "calculatedOtherIncome": 0, "calculatedIncomeNonControlling": 0, "calculatedEbitda": 83010000}, {"date": "2002-06-30", "symbol": "CACI", "reportedCurrency": "USD", "cik": "0000016058", "fillingDate": "2002-09-27", "acceptedDate": "2002-09-27 09:21:21", "calendarYear": "2002", "period": "FY", "revenue": 681942000, "costOfRevenue": 421540000, "grossProfit": 260402000, "grossProfitRatio": 0.3818535887, "researchAndDevelopmentExpenses": 0, "generalAndAdministrativeExpenses": 0, "sellingAndMarketingExpenses": 195167000, "sellingGeneralAndAdministrativeExpenses": 195167000, "otherExpenses": 12131000, "operatingExpenses": 207298000, "costAndExpenses": 628838000, "interestIncome": 0, "interestExpense": 1622000, "depreciationAndAmortization": 12255000, "ebitda": 65359000, "ebitdaratio": 0.0958424617, "operatingIncome": 53104000, "operatingIncomeRatio": 0.0778717252, "totalOtherIncomeExpensesNet": -1622000, "incomeBeforeTax": 51482000, "incomeBeforeTaxRatio": 0.0754932238, "incomeTaxExpense": 19558000, "netIncome": 30465000, "netIncomeRatio": 0.0446738872, "eps": 1.22, "epsdiluted": 1.18, "weightedAverageShsOut": 24992000, "weightedAverageShsOutDil": 25814000, "link": "https://www.sec.gov/Archives/edgar/data/16058/000092838502003177/0000928385-02-003177-index.htm", "finalLink": "https://www.sec.gov/Archives/edgar/data/16058/000092838502003177/d10k.htm", "calculatedOtherExpenses": 12131000, "calculatedOperatingExpenses": 207298000, "calculatedNetInterest": -1622000, "calculatedOtherIncome": 0, "calculatedIncomeNonControlling": 1459000, "calculatedEbitda": 65359000}, {"date": "2001-06-30", "symbol": "CACI", "reportedCurrency": "USD", "cik": "0000016058", "fillingDate": "2001-09-26", "acceptedDate": "2001-09-26 00:00:00", "calendarYear": "2001", "period": "FY", "revenue": 563810000, "costOfRevenue": 343992000, "grossProfit": 219818000, "grossProfitRatio": 0.3898795694, "researchAndDevelopmentExpenses": 0, "generalAndAdministrativeExpenses": 0, "sellingAndMarketingExpenses": 0, "sellingGeneralAndAdministrativeExpenses": 168335000, "otherExpenses": 14143000, "operatingExpenses": 182478000, "costAndExpenses": 526470000, "interestIncome": 0, "interestExpense": 0, "depreciationAndAmortization": 14143000, "ebitda": 51483000, "ebitdaratio": 0.0913126763, "operatingIncome": 37340000, "operatingIncomeRatio": 0.0662279846, "totalOtherIncomeExpensesNet": -3315000, "incomeBeforeTax": 34025000, "incomeBeforeTaxRatio": 0.0603483443, "incomeTaxExpense": 13269000, "netIncome": 22301000, "netIncomeRatio": 0.0395541051, "eps": 0.5, "epsdiluted": 0.49, "weightedAverageShsOut": 45268000, "weightedAverageShsOutDil": 46112000, "link": "https://www.sec.gov/Archives/edgar/data/16058/000001605801500013/0000016058-01-500013-index.htm", "finalLink": "https://www.sec.gov/Archives/edgar/data/16058/000001605801500013/r10k901.htm", "calculatedOtherExpenses": 14143000, "calculatedOperatingExpenses": 182478000, "calculatedNetInterest": 0, "calculatedOtherIncome": -3315000, "calculatedIncomeNonControlling": -1545000, "calculatedEbitda": 51483000}, {"date": "2000-06-30", "symbol": "CACI", "reportedCurrency": "USD", "cik": "0000016058", "fillingDate": "2000-09-28", "acceptedDate": "2000-09-28 00:00:00", "calendarYear": "2000", "period": "FY", "revenue": 490473000, "costOfRevenue": 288378000, "grossProfit": 202095000, "grossProfitRatio": 0.4120410298, "researchAndDevelopmentExpenses": 0, "generalAndAdministrativeExpenses": 0, "sellingAndMarketingExpenses": 0, "sellingGeneralAndAdministrativeExpenses": 157936000, "otherExpenses": 11967000, "operatingExpenses": 169903000, "costAndExpenses": 458281000, "interestIncome": 0, "interestExpense": 0, "depreciationAndAmortization": 11967000, "ebitda": 44159000, "ebitdaratio": 0.0900334983, "operatingIncome": 32192000, "operatingIncomeRatio": 0.0656346017, "totalOtherIncomeExpensesNet": -3346000, "incomeBeforeTax": 28846000, "incomeBeforeTaxRatio": 0.0588126156, "incomeTaxExpense": 11248000, "netIncome": 38412000, "netIncomeRatio": 0.0783162376, "eps": 0.85, "epsdiluted": 0.83, "weightedAverageShsOut": 45240000, "weightedAverageShsOutDil": 46308000, "link": "https://www.sec.gov/Archives/edgar/data/16058/000001605800000025/0000016058-00-000025-index.htm", "finalLink": "https://www.sec.gov/Archives/edgar/data/16058/000001605800000025/0000016058-00-000025-0001.htm", "calculatedOtherExpenses": 11967000, "calculatedOperatingExpenses": 169903000, "calculatedNetInterest": 0, "calculatedOtherIncome": -3346000, "calculatedIncomeNonControlling": -20814000, "calculatedEbitda": 44159000}, {"date": "1999-06-30", "symbol": "CACI", "reportedCurrency": "USD", "cik": "0000016058", "fillingDate": "1999-09-28", "acceptedDate": "1999-09-28 17:56:51", "calendarYear": "1999", "period": "FY", "revenue": 441700000, "costOfRevenue": 257000000, "grossProfit": 184700000, "grossProfitRatio": 0.4181571202, "researchAndDevelopmentExpenses": 0, "generalAndAdministrativeExpenses": 0, "sellingAndMarketingExpenses": 0, "sellingGeneralAndAdministrativeExpenses": 146900000, "otherExpenses": 10900000, "operatingExpenses": 157800000, "costAndExpenses": 414800000, "interestIncome": 0, "interestExpense": 0, "depreciationAndAmortization": 10900000, "ebitda": 37800000, "ebitdaratio": 0.0855784469, "operatingIncome": 26900000, "operatingIncomeRatio": 0.0609010641, "totalOtherIncomeExpensesNet": -3600000, "incomeBeforeTax": 23300000, "incomeBeforeTaxRatio": 0.0527507358, "incomeTaxExpense": 9100000, "netIncome": 14200000, "netIncomeRatio": 0.0321485171, "eps": 0.65, "epsdiluted": 0.63, "weightedAverageShsOut": 21792000, "weightedAverageShsOutDil": 22440000, "link": "https://www.sec.gov/Archives/edgar/data/16058/000001605899000013/0000016058-99-000013-index.htm", "finalLink": "https://www.sec.gov/Archives/edgar/data/16058/000001605899000013/", "calculatedOtherExpenses": 10900000, "calculatedOperatingExpenses": 157800000, "calculatedNetInterest": 0, "calculatedOtherIncome": -3600000, "calculatedIncomeNonControlling": 0, "calculatedEbitda": 37800000}, {"date": "1998-06-30", "symbol": "CACI", "reportedCurrency": "USD", "cik": "0000016058", "fillingDate": "1998-09-25", "acceptedDate": "1998-09-25 00:00:00", "calendarYear": "1998", "period": "FY", "revenue": 326100000, "costOfRevenue": 177600000, "grossProfit": 148500000, "grossProfitRatio": 0.4553817847, "researchAndDevelopmentExpenses": 0, "generalAndAdministrativeExpenses": 0, "sellingAndMarketingExpenses": 0, "sellingGeneralAndAdministrativeExpenses": 119300000, "otherExpenses": 8900000, "operatingExpenses": 128200000, "costAndExpenses": 305800000, "interestIncome": 0, "interestExpense": 0, "depreciationAndAmortization": 8900000, "ebitda": 29200000, "ebitdaratio": 0.0895430849, "operatingIncome": 20300000, "operatingIncomeRatio": 0.0622508433, "totalOtherIncomeExpensesNet": -1800000, "incomeBeforeTax": 18500000, "incomeBeforeTaxRatio": 0.0567310641, "incomeTaxExpense": 6800000, "netIncome": 11700000, "netIncomeRatio": 0.0358785649, "eps": 0.55, "epsdiluted": 0.53, "weightedAverageShsOut": 21558000, "weightedAverageShsOutDil": 22306000, "link": "https://www.sec.gov/Archives/edgar/data/16058/000001605898000019/0000016058-98-000019-index.html", "finalLink": "https://www.sec.gov/Archives/edgar/data/16058/", "calculatedOtherExpenses": 8900000, "calculatedOperatingExpenses": 128200000, "calculatedNetInterest": 0, "calculatedOtherIncome": -1800000, "calculatedIncomeNonControlling": 0, "calculatedEbitda": 29200000}, {"date": "1997-06-30", "symbol": "CACI", "reportedCurrency": "USD", "cik": "0000016058", "fillingDate": "1997-09-16", "acceptedDate": "1997-09-16 00:00:00", "calendarYear": "1997", "period": "FY", "revenue": 273000000, "costOfRevenue": 148400000, "grossProfit": 124600000, "grossProfitRatio": 0.4564102564, "researchAndDevelopmentExpenses": 0, "generalAndAdministrativeExpenses": 0, "sellingAndMarketingExpenses": 0, "sellingGeneralAndAdministrativeExpenses": 99800000, "otherExpenses": 6900000, "operatingExpenses": 106700000, "costAndExpenses": 255100000, "interestIncome": 0, "interestExpense": 0, "depreciationAndAmortization": 6900000, "ebitda": 24800000, "ebitdaratio": 0.0908424908, "operatingIncome": 17900000, "operatingIncomeRatio": 0.0655677656, "totalOtherIncomeExpensesNet": -1100000, "incomeBeforeTax": 16800000, "incomeBeforeTaxRatio": 0.0615384615, "incomeTaxExpense": 6700000, "netIncome": 10100000, "netIncomeRatio": 0.036996337, "eps": 0.46, "epsdiluted": 0.46, "weightedAverageShsOut": 22010000, "weightedAverageShsOutDil": 22010000, "link": "https://www.sec.gov/Archives/edgar/data/16058/000001605897000023/0000016058-97-000023-index.html", "finalLink": "https://www.sec.gov/Archives/edgar/data/16058/", "calculatedOtherExpenses": 6900000, "calculatedOperatingExpenses": 106700000, "calculatedNetInterest": 0, "calculatedOtherIncome": -1100000, "calculatedIncomeNonControlling": 0, "calculatedEbitda": 24800000}, {"date": "1996-06-30", "symbol": "CACI", "reportedCurrency": "USD", "cik": "0000016058", "fillingDate": "1996-09-27", "acceptedDate": "1996-09-27 00:00:00", "calendarYear": "1996", "period": "FY", "revenue": 244600000, "costOfRevenue": 133200000, "grossProfit": 111400000, "grossProfitRatio": 0.4554374489, "researchAndDevelopmentExpenses": 0, "generalAndAdministrativeExpenses": 0, "sellingAndMarketingExpenses": 0, "sellingGeneralAndAdministrativeExpenses": 89200000, "otherExpenses": 5500000, "operatingExpenses": 94700000, "costAndExpenses": 227900000, "interestIncome": 0, "interestExpense": 0, "depreciationAndAmortization": 5500000, "ebitda": 22200000, "ebitdaratio": 0.0907604252, "operatingIncome": 16700000, "operatingIncomeRatio": 0.0682747343, "totalOtherIncomeExpensesNet": -500000, "incomeBeforeTax": 16200000, "incomeBeforeTaxRatio": 0.0662305805, "incomeTaxExpense": 6300000, "netIncome": 9900000, "netIncomeRatio": 0.0404742437, "eps": 0.46, "epsdiluted": 0.46, "weightedAverageShsOut": 21432000, "weightedAverageShsOutDil": 21432000, "link": "https://www.sec.gov/Archives/edgar/data/16058/000001605896000018/0000016058-96-000018-index.html", "finalLink": "https://www.sec.gov/Archives/edgar/data/16058/", "calculatedOtherExpenses": 5500000, "calculatedOperatingExpenses": 94700000, "calculatedNetInterest": 0, "calculatedOtherIncome": -500000, "calculatedIncomeNonControlling": 0, "calculatedEbitda": 22200000}, {"date": "1995-06-30", "symbol": "CACI", "reportedCurrency": "USD", "cik": "0000016058", "fillingDate": "1995-09-27", "acceptedDate": "1995-09-27 00:00:00", "calendarYear": "1995", "period": "FY", "revenue": 233000000, "costOfRevenue": 126400000, "grossProfit": 106600000, "grossProfitRatio": 0.4575107296, "researchAndDevelopmentExpenses": 0, "generalAndAdministrativeExpenses": 0, "sellingAndMarketingExpenses": 0, "sellingGeneralAndAdministrativeExpenses": 87700000, "otherExpenses": 5000000, "operatingExpenses": 92700000, "costAndExpenses": 219100000, "interestIncome": 0, "interestExpense": 0, "depreciationAndAmortization": 5000000, "ebitda": 18900000, "ebitdaratio": 0.0811158798, "operatingIncome": 13900000, "operatingIncomeRatio": 0.0596566524, "totalOtherIncomeExpensesNet": -500000, "incomeBeforeTax": 13400000, "incomeBeforeTaxRatio": 0.0575107296, "incomeTaxExpense": 5200000, "netIncome": 8200000, "netIncomeRatio": 0.035193133, "eps": 0.39, "epsdiluted": 0.39, "weightedAverageShsOut": 21222000, "weightedAverageShsOutDil": 21222000, "link": "https://www.sec.gov/Archives/edgar/data/16058/000001605895000013/0000016058-95-000013-index.html", "finalLink": "https://www.sec.gov/Archives/edgar/data/16058/", "calculatedOtherExpenses": 5000000, "calculatedOperatingExpenses": 92700000, "calculatedNetInterest": 0, "calculatedOtherIncome": -500000, "calculatedIncomeNonControlling": 0, "calculatedEbitda": 18900000}, {"date": "1994-06-30", "symbol": "CACI", "reportedCurrency": "USD", "cik": "0000016058", "fillingDate": "1994-09-26", "acceptedDate": "1994-09-26 00:00:00", "calendarYear": "1994", "period": "FY", "revenue": 183700000, "costOfRevenue": 97600000, "grossProfit": 86100000, "grossProfitRatio": 0.4686989657, "researchAndDevelopmentExpenses": 0, "generalAndAdministrativeExpenses": 0, "sellingAndMarketingExpenses": 0, "sellingGeneralAndAdministrativeExpenses": 71100000, "otherExpenses": 4300000, "operatingExpenses": 75400000, "costAndExpenses": 173000000, "interestIncome": 0, "interestExpense": 0, "depreciationAndAmortization": 4300000, "ebitda": 15000000, "ebitdaratio": 0.0816548721, "operatingIncome": 10700000, "operatingIncomeRatio": 0.0582471421, "totalOtherIncomeExpensesNet": -500000, "incomeBeforeTax": 10200000, "incomeBeforeTaxRatio": 0.055525313, "incomeTaxExpense": 3900000, "netIncome": 6000000, "netIncomeRatio": 0.0326619488, "eps": 0.28, "epsdiluted": 0.28, "weightedAverageShsOut": 21230000, "weightedAverageShsOutDil": 21230000, "link": "https://www.sec.gov/Archives/edgar/data/16058/000001605894000007/0000016058-94-000007-index.html", "finalLink": "https://www.sec.gov/Archives/edgar/data/16058/", "calculatedOtherExpenses": 4300000, "calculatedOperatingExpenses": 75400000, "calculatedNetInterest": 0, "calculatedOtherIncome": -500000, "calculatedIncomeNonControlling": 300000, "calculatedEbitda": 15000000}, {"date": "1993-06-30", "symbol": "CACI", "reportedCurrency": "USD", "cik": "0000016058", "fillingDate": "1993-06-30", "acceptedDate": "1993-06-29 20:00:00", "calendarYear": "1993", "period": "FY", "revenue": 145100000, "costOfRevenue": 75800000, "grossProfit": 69300000, "grossProfitRatio": 0.477601654, "researchAndDevelopmentExpenses": 0, "generalAndAdministrativeExpenses": 0, "sellingAndMarketingExpenses": 0, "sellingGeneralAndAdministrativeExpenses": 57800000, "otherExpenses": 3400000, "operatingExpenses": 61200000, "costAndExpenses": 137000000, "interestIncome": 0, "interestExpense": 0, "depreciationAndAmortization": 3400000, "ebitda": 14300000, "ebitdaratio": 0.0985527223, "operatingIncome": 8100000, "operatingIncomeRatio": 0.05582357, "totalOtherIncomeExpensesNet": -2800000, "incomeBeforeTax": 4900000, "incomeBeforeTaxRatio": 0.0337698139, "incomeTaxExpense": 1900000, "netIncome": 3000000, "netIncomeRatio": 0.0206753963, "eps": 0.0725, "epsdiluted": 0.0725, "weightedAverageShsOut": 20024000, "weightedAverageShsOutDil": 20024000, "link": "", "finalLink": "", "calculatedOtherExpenses": 3400000, "calculatedOperatingExpenses": 61200000, "calculatedNetInterest": 0, "calculatedOtherIncome": -3200000, "calculatedIncomeNonControlling": 0, "calculatedEbitda": 11500000}, {"date": "1992-06-30", "symbol": "CACI", "reportedCurrency": "USD", "cik": "0000016058", "fillingDate": "1992-06-30", "acceptedDate": "1992-06-29 20:00:00", "calendarYear": "1992", "period": "FY", "revenue": 139900000, "costOfRevenue": 74500000, "grossProfit": 65400000, "grossProfitRatio": 0.4674767691, "researchAndDevelopmentExpenses": 0, "generalAndAdministrativeExpenses": 0, "sellingAndMarketingExpenses": 0, "sellingGeneralAndAdministrativeExpenses": 55300000, "otherExpenses": 2600000, "operatingExpenses": 57900000, "costAndExpenses": 132400000, "interestIncome": 0, "interestExpense": 0, "depreciationAndAmortization": 2600000, "ebitda": 10100000, "ebitdaratio": 0.0721944246, "operatingIncome": 7500000, "operatingIncomeRatio": 0.0536097212, "totalOtherIncomeExpensesNet": -400000, "incomeBeforeTax": 7100000, "incomeBeforeTaxRatio": 0.0507505361, "incomeTaxExpense": 2900000, "netIncome": 4200000, "netIncomeRatio": 0.0300214439, "eps": 0.1, "epsdiluted": 0.1, "weightedAverageShsOut": 19978000, "weightedAverageShsOutDil": 19978000, "link": "", "finalLink": "", "calculatedOtherExpenses": 2600000, "calculatedOperatingExpenses": 57900000, "calculatedNetInterest": 0, "calculatedOtherIncome": -400000, "calculatedIncomeNonControlling": 0, "calculatedEbitda": 10100000}, {"date": "1991-06-30", "symbol": "CACI", "reportedCurrency": "USD", "cik": "0000016058", "fillingDate": "1991-06-30", "acceptedDate": "1991-06-29 20:00:00", "calendarYear": "1991", "period": "FY", "revenue": 136100000, "costOfRevenue": 66900000, "grossProfit": 69200000, "grossProfitRatio": 0.5084496694, "researchAndDevelopmentExpenses": 0, "generalAndAdministrativeExpenses": 0, "sellingAndMarketingExpenses": 0, "sellingGeneralAndAdministrativeExpenses": 62600000, "otherExpenses": 3000000, "operatingExpenses": 65600000, "costAndExpenses": 132500000, "interestIncome": 0, "interestExpense": 0, "depreciationAndAmortization": 3000000, "ebitda": 9000000, "ebitdaratio": 0.0661278472, "operatingIncome": 3600000, "operatingIncomeRatio": 0.0264511389, "totalOtherIncomeExpensesNet": -2400000, "incomeBeforeTax": 600000, "incomeBeforeTaxRatio": 0.0044085231, "incomeTaxExpense": -400000, "netIncome": 1000000, "netIncomeRatio": 0.0073475386, "eps": 0.025, "epsdiluted": 0.025, "weightedAverageShsOut": 19626000, "weightedAverageShsOutDil": 19626000, "link": "", "finalLink": "", "calculatedOtherExpenses": 3000000, "calculatedOperatingExpenses": 65600000, "calculatedNetInterest": 0, "calculatedOtherIncome": -3000000, "calculatedIncomeNonControlling": 0, "calculatedEbitda": 6600000}, {"date": "1990-06-30", "symbol": "CACI", "reportedCurrency": "USD", "cik": "0000016058", "fillingDate": "1990-06-30", "acceptedDate": "1990-06-29 20:00:00", "calendarYear": "1990", "period": "FY", "revenue": 148100000, "costOfRevenue": 69100000, "grossProfit": 79000000, "grossProfitRatio": 0.5334233626, "researchAndDevelopmentExpenses": 0, "generalAndAdministrativeExpenses": 0, "sellingAndMarketingExpenses": 0, "sellingGeneralAndAdministrativeExpenses": 70400000, "otherExpenses": 2600000, "operatingExpenses": 73000000, "costAndExpenses": 142100000, "interestIncome": 0, "interestExpense": 0, "depreciationAndAmortization": 2600000, "ebitda": 8600000, "ebitdaratio": 0.0580688724, "operatingIncome": 6000000, "operatingIncomeRatio": 0.0405131668, "totalOtherIncomeExpensesNet": -200000, "incomeBeforeTax": 5800000, "incomeBeforeTaxRatio": 0.0391627279, "incomeTaxExpense": 1800000, "netIncome": 4000000, "netIncomeRatio": 0.0270087779, "eps": 0.0875, "epsdiluted": 0.0875, "weightedAverageShsOut": 23510000, "weightedAverageShsOutDil": 23510000, "link": "", "finalLink": "", "calculatedOtherExpenses": 2600000, "calculatedOperatingExpenses": 73000000, "calculatedNetInterest": 0, "calculatedOtherIncome": -200000, "calculatedIncomeNonControlling": 0, "calculatedEbitda": 8600000}, {"date": "1989-06-30", "symbol": "CACI", "reportedCurrency": "USD", "cik": "0000016058", "fillingDate": "1989-06-30", "acceptedDate": "1989-06-29 20:00:00", "calendarYear": "1989", "period": "FY", "revenue": 146100000, "costOfRevenue": 69000000, "grossProfit": 77100000, "grossProfitRatio": 0.5277207392, "researchAndDevelopmentExpenses": 0, "generalAndAdministrativeExpenses": 0, "sellingAndMarketingExpenses": 0, "sellingGeneralAndAdministrativeExpenses": 69500000, "otherExpenses": 2400000, "operatingExpenses": 71900000, "costAndExpenses": 140900000, "interestIncome": 0, "interestExpense": 0, "depreciationAndAmortization": 2400000, "ebitda": 7600000, "ebitdaratio": 0.052019165, "operatingIncome": 5200000, "operatingIncomeRatio": 0.0355920602, "totalOtherIncomeExpensesNet": -200000, "incomeBeforeTax": 5000000, "incomeBeforeTaxRatio": 0.0342231348, "incomeTaxExpense": 1300000, "netIncome": 3700000, "netIncomeRatio": 0.0253251198, "eps": 0.0775, "epsdiluted": 0.0775, "weightedAverageShsOut": 22762000, "weightedAverageShsOutDil": 22762000, "link": "", "finalLink": "", "calculatedOtherExpenses": 2400000, "calculatedOperatingExpenses": 71900000, "calculatedNetInterest": 0, "calculatedOtherIncome": -200000, "calculatedIncomeNonControlling": 0, "calculatedEbitda": 7600000}, {"date": "1988-06-30", "symbol": "CACI", "reportedCurrency": "USD", "cik": "0000016058", "fillingDate": "1988-06-30", "acceptedDate": "1988-06-29 20:00:00", "calendarYear": "1988", "period": "FY", "revenue": 138200000, "costOfRevenue": 63600000, "grossProfit": 74600000, "grossProfitRatio": 0.5397973951, "researchAndDevelopmentExpenses": 0, "generalAndAdministrativeExpenses": 0, "sellingAndMarketingExpenses": 0, "sellingGeneralAndAdministrativeExpenses": 66500000, "otherExpenses": 1900000, "operatingExpenses": 68400000, "costAndExpenses": 132000000, "interestIncome": 0, "interestExpense": 0, "depreciationAndAmortization": 1900000, "ebitda": 8100000, "ebitdaratio": 0.0586107091, "operatingIncome": 6200000, "operatingIncomeRatio": 0.0448625181, "totalOtherIncomeExpensesNet": -400000, "incomeBeforeTax": 5800000, "incomeBeforeTaxRatio": 0.0419681621, "incomeTaxExpense": 1800000, "netIncome": 4000000, "netIncomeRatio": 0.0289435601, "eps": 0.0825, "epsdiluted": 0.0825, "weightedAverageShsOut": 23190000, "weightedAverageShsOutDil": 23190000, "link": "", "finalLink": "", "calculatedOtherExpenses": 1900000, "calculatedOperatingExpenses": 68400000, "calculatedNetInterest": 0, "calculatedOtherIncome": -400000, "calculatedIncomeNonControlling": 0, "calculatedEbitda": 8100000}, {"date": "1987-06-30", "symbol": "CACI", "reportedCurrency": "USD", "cik": "0000016058", "fillingDate": "1987-06-30", "acceptedDate": "1987-06-29 20:00:00", "calendarYear": "1987", "period": "FY", "revenue": 118800000, "costOfRevenue": 53800000, "grossProfit": 65000000, "grossProfitRatio": 0.5471380471, "researchAndDevelopmentExpenses": 0, "generalAndAdministrativeExpenses": 0, "sellingAndMarketingExpenses": 0, "sellingGeneralAndAdministrativeExpenses": 58000000, "otherExpenses": 1800000, "operatingExpenses": 59800000, "costAndExpenses": 113600000, "interestIncome": 0, "interestExpense": 0, "depreciationAndAmortization": 1800000, "ebitda": 7000000, "ebitdaratio": 0.0589225589, "operatingIncome": 5200000, "operatingIncomeRatio": 0.0437710438, "totalOtherIncomeExpensesNet": -200000, "incomeBeforeTax": 5000000, "incomeBeforeTaxRatio": 0.0420875421, "incomeTaxExpense": 2300000, "netIncome": 2700000, "netIncomeRatio": 0.0227272727, "eps": 0.055, "epsdiluted": 0.055, "weightedAverageShsOut": 23506000, "weightedAverageShsOutDil": 23506000, "link": "", "finalLink": "", "calculatedOtherExpenses": 1800000, "calculatedOperatingExpenses": 59800000, "calculatedNetInterest": 0, "calculatedOtherIncome": -200000, "calculatedIncomeNonControlling": 0, "calculatedEbitda": 7000000}, {"date": "1986-06-30", "symbol": "CACI", "reportedCurrency": "USD", "cik": "0000016058", "fillingDate": "1986-06-30", "acceptedDate": "1986-06-29 20:00:00", "calendarYear": "1986", "period": "FY", "revenue": 98700000, "costOfRevenue": 44600000, "grossProfit": 54100000, "grossProfitRatio": 0.5481256332, "researchAndDevelopmentExpenses": 0, "generalAndAdministrativeExpenses": 0, "sellingAndMarketingExpenses": 0, "sellingGeneralAndAdministrativeExpenses": 50000000, "otherExpenses": 2100000, "operatingExpenses": 52100000, "costAndExpenses": 96700000, "interestIncome": 0, "interestExpense": 0, "depreciationAndAmortization": 2100000, "ebitda": 4100000, "ebitdaratio": 0.0415400203, "operatingIncome": 2000000, "operatingIncomeRatio": 0.0202634245, "totalOtherIncomeExpensesNet": -500000, "incomeBeforeTax": 1500000, "incomeBeforeTaxRatio": 0.0151975684, "incomeTaxExpense": 400000, "netIncome": 1100000, "netIncomeRatio": 0.0111448835, "eps": 0.0173, "epsdiluted": 0.0173, "weightedAverageShsOut": 23506000, "weightedAverageShsOutDil": 23506000, "link": "", "finalLink": "", "calculatedOtherExpenses": 2100000, "calculatedOperatingExpenses": 52100000, "calculatedNetInterest": 0, "calculatedOtherIncome": -500000, "calculatedIncomeNonControlling": 0, "calculatedEbitda": 4100000}]}