{"originalCurrency": "USD", "convertedCurrency": "USD", "report": [{"date": "2023-12-31", "symbol": "CADE", "reportedCurrency": "USD", "cik": "0001299939", "fillingDate": "2023-12-31", "acceptedDate": "2023-12-29 19:00:00", "calendarYear": "2023", "period": "FY", "revenue": 2197284000, "costOfRevenue": 13562000, "grossProfit": 2183722000, "grossProfitRatio": 0.9938278347, "researchAndDevelopmentExpenses": 0, "generalAndAdministrativeExpenses": 706946000, "sellingAndMarketingExpenses": 28162000, "sellingGeneralAndAdministrativeExpenses": 735108000, "otherExpenses": -382456000, "operatingExpenses": 382456000, "costAndExpenses": 2172909000, "interestIncome": 2310167000, "interestExpense": 192076000, "depreciationAndAmortization": 63788000, "ebitda": 561692000, "ebitdaratio": 0.2556301325, "operatingIncome": 542304000, "operatingIncomeRatio": 0.246806512, "totalOtherIncomeExpensesNet": -910000, "incomeBeforeTax": -910000, "incomeBeforeTaxRatio": -0.0004141476, "incomeTaxExpense": -4594000, "netIncome": 542304000, "netIncomeRatio": 0.246806512, "eps": 2.92, "epsdiluted": 2.92, "weightedAverageShsOut": 182609000, "weightedAverageShsOutDil": 182609000, "link": null, "finalLink": null, "calculatedOtherExpenses": 906310000, "calculatedOperatingExpenses": 1641418000, "calculatedNetInterest": 2118091000, "calculatedOtherIncome": -2661305000, "calculatedIncomeNonControlling": -538620000, "calculatedEbitda": 606092000}, {"date": "2022-12-31", "symbol": "CADE", "reportedCurrency": "USD", "cik": "0001299939", "fillingDate": "2022-12-31", "acceptedDate": "2022-12-30 19:00:00", "calendarYear": "2022", "period": "FY", "revenue": 1844335000, "costOfRevenue": 0, "grossProfit": 1844335000, "grossProfitRatio": 1, "researchAndDevelopmentExpenses": 0, "generalAndAdministrativeExpenses": 763735000, "sellingAndMarketingExpenses": 41754000, "sellingGeneralAndAdministrativeExpenses": 805489000, "otherExpenses": -1841159000, "operatingExpenses": -1035670000, "costAndExpenses": -1035670000, "interestIncome": 1560593000, "interestExpense": 209290000, "depreciationAndAmortization": 255821000, "ebitda": 1064486000, "ebitdaratio": 0.5771652113, "operatingIncome": 808665000, "operatingIncomeRatio": 0.4384588483, "totalOtherIncomeExpensesNet": -209290000, "incomeBeforeTax": 599375000, "incomeBeforeTaxRatio": 0.3249816329, "incomeTaxExpense": 136138000, "netIncome": 463237000, "netIncomeRatio": 0.251167494, "eps": 2.47, "epsdiluted": 2.46, "weightedAverageShsOut": 183510000, "weightedAverageShsOutDil": 184498000, "link": "", "finalLink": "", "calculatedOtherExpenses": 230181000, "calculatedOperatingExpenses": 1035670000, "calculatedNetInterest": 1351303000, "calculatedOtherIncome": -1560593000, "calculatedIncomeNonControlling": 0, "calculatedEbitda": 1064486000}, {"date": "2021-12-31", "symbol": "CADE", "reportedCurrency": "USD", "cik": "0001299939", "fillingDate": "2021-12-31", "acceptedDate": "2021-12-31 00:00:00", "calendarYear": "2021", "period": "FY", "revenue": 1183880000, "costOfRevenue": 0, "grossProfit": 1183880000, "grossProfitRatio": 1, "researchAndDevelopmentExpenses": 0, "generalAndAdministrativeExpenses": 565891000, "sellingAndMarketingExpenses": 10780000, "sellingGeneralAndAdministrativeExpenses": 576671000, "otherExpenses": -1513623000, "operatingExpenses": -936952000, "costAndExpenses": -936952000, "interestIncome": 882049000, "interestExpense": 76322000, "depreciationAndAmortization": 175935000, "ebitda": 422863000, "ebitdaratio": 0.3571840051, "operatingIncome": 246928000, "operatingIncomeRatio": 0.2085751934, "totalOtherIncomeExpensesNet": 246928000, "incomeBeforeTax": 246928000, "incomeBeforeTaxRatio": 0.2085751934, "incomeTaxExpense": 51766000, "netIncome": 195162000, "netIncomeRatio": 0.164849478, "eps": 1.54, "epsdiluted": 1.54, "weightedAverageShsOut": 120250000, "weightedAverageShsOutDil": 120669000, "link": null, "finalLink": null, "calculatedOtherExpenses": 360281000, "calculatedOperatingExpenses": 936952000, "calculatedNetInterest": 805727000, "calculatedOtherIncome": -805727000, "calculatedIncomeNonControlling": 0, "calculatedEbitda": 422863000}, {"date": "2020-12-31", "symbol": "CADE", "reportedCurrency": "USD", "cik": "0001299939", "fillingDate": "2021-03-01", "acceptedDate": "2021-03-01 14:55:30", "calendarYear": "2020", "period": "FY", "revenue": 1027471000, "costOfRevenue": 0, "grossProfit": 1027471000, "grossProfitRatio": 1, "researchAndDevelopmentExpenses": 0, "generalAndAdministrativeExpenses": 493844000, "sellingAndMarketingExpenses": 6908000, "sellingGeneralAndAdministrativeExpenses": 500752000, "otherExpenses": -1240678000, "operatingExpenses": -739926000, "costAndExpenses": -739926000, "interestIncome": 799493000, "interestExpense": 108526000, "depreciationAndAmortization": 43374000, "ebitda": 330919000, "ebitdaratio": 0.3220713772, "operatingIncome": 287545000, "operatingIncomeRatio": 0.2798570471, "totalOtherIncomeExpensesNet": 287545000, "incomeBeforeTax": 287545000, "incomeBeforeTaxRatio": 0.2798570471, "incomeTaxExpense": 59494000, "netIncome": 228051000, "netIncomeRatio": 0.2219537096, "eps": 2.12, "epsdiluted": 2.12, "weightedAverageShsOut": 103023000, "weightedAverageShsOutDil": 103305000, "link": "https://www.sec.gov/Archives/edgar/data/1614184/000156459021009783/0001564590-21-009783-index.htm", "finalLink": "https://www.sec.gov/Archives/edgar/data/1614184/000156459021009783/cade-10k_20201231.htm", "calculatedOtherExpenses": 239174000, "calculatedOperatingExpenses": 739926000, "calculatedNetInterest": 690967000, "calculatedOtherIncome": -690967000, "calculatedIncomeNonControlling": 0, "calculatedEbitda": 330919000}, {"date": "2019-12-31", "symbol": "CADE", "reportedCurrency": "USD", "cik": "0001299939", "fillingDate": "2020-02-28", "acceptedDate": "2020-02-28 14:30:29", "calendarYear": "2019", "period": "FY", "revenue": 930625000, "costOfRevenue": 0, "grossProfit": 930625000, "grossProfitRatio": 1, "researchAndDevelopmentExpenses": 0, "generalAndAdministrativeExpenses": 467923000, "sellingAndMarketingExpenses": 8557000, "sellingGeneralAndAdministrativeExpenses": 476480000, "otherExpenses": -1107587000, "operatingExpenses": -631107000, "costAndExpenses": -631107000, "interestIncome": 775012000, "interestExpense": 125068000, "depreciationAndAmortization": 38651000, "ebitda": 338169000, "ebitdaratio": 0.3633783747, "operatingIncome": 299518000, "operatingIncomeRatio": 0.3218460712, "totalOtherIncomeExpensesNet": 299518000, "incomeBeforeTax": 299518000, "incomeBeforeTaxRatio": 0.3218460712, "incomeTaxExpense": 65257000, "netIncome": 234261000, "netIncomeRatio": 0.2517243788, "eps": 2.31, "epsdiluted": 2.3, "weightedAverageShsOut": 101507000, "weightedAverageShsOutDil": 101811000, "link": "https://www.sec.gov/Archives/edgar/data/1614184/000156459020007741/0001564590-20-007741-index.htm", "finalLink": "https://www.sec.gov/Archives/edgar/data/1614184/000156459020007741/cade-10k_20191231.htm", "calculatedOtherExpenses": 154627000, "calculatedOperatingExpenses": 631107000, "calculatedNetInterest": 649944000, "calculatedOtherIncome": -649944000, "calculatedIncomeNonControlling": 0, "calculatedEbitda": 338169000}, {"date": "2018-12-31", "symbol": "CADE", "reportedCurrency": "USD", "cik": "0001299939", "fillingDate": "2019-03-01", "acceptedDate": "2019-03-01 16:08:03", "calendarYear": "2018", "period": "FY", "revenue": 857259000, "costOfRevenue": 0, "grossProfit": 857259000, "grossProfitRatio": 1, "researchAndDevelopmentExpenses": 0, "generalAndAdministrativeExpenses": 430808000, "sellingAndMarketingExpenses": 8295000, "sellingGeneralAndAdministrativeExpenses": 439103000, "otherExpenses": -952966000, "operatingExpenses": -513863000, "costAndExpenses": -513863000, "interestIncome": 653493000, "interestExpense": 78271000, "depreciationAndAmortization": 34546000, "ebitda": 377942000, "ebitdaratio": 0.4408725951, "operatingIncome": 343396000, "operatingIncomeRatio": 0.4005743888, "totalOtherIncomeExpensesNet": -78271000, "incomeBeforeTax": 265125000, "incomeBeforeTaxRatio": 0.3092705938, "incomeTaxExpense": 43808000, "netIncome": 221317000, "netIncomeRatio": 0.2581681849, "eps": 2.24, "epsdiluted": 2.23, "weightedAverageShsOut": 98965000, "weightedAverageShsOutDil": 99135000, "link": "https://www.sec.gov/Archives/edgar/data/1614184/000156459019005802/0001564590-19-005802-index.htm", "finalLink": "https://www.sec.gov/Archives/edgar/data/1614184/000156459019005802/cade-10k_20181231.htm", "calculatedOtherExpenses": 74760000, "calculatedOperatingExpenses": 513863000, "calculatedNetInterest": 575222000, "calculatedOtherIncome": -653493000, "calculatedIncomeNonControlling": 0, "calculatedEbitda": 377942000}, {"date": "2017-12-31", "symbol": "CADE", "reportedCurrency": "USD", "cik": "0001299939", "fillingDate": "2018-03-19", "acceptedDate": "2018-03-19 17:09:15", "calendarYear": "2017", "period": "FY", "revenue": 742069000, "costOfRevenue": 0, "grossProfit": 742069000, "grossProfitRatio": 1, "researchAndDevelopmentExpenses": 0, "generalAndAdministrativeExpenses": 381421000, "sellingAndMarketingExpenses": 7310000, "sellingGeneralAndAdministrativeExpenses": 388731000, "otherExpenses": -860222000, "operatingExpenses": -471491000, "costAndExpenses": -471491000, "interestIncome": 512991000, "interestExpense": 38955000, "depreciationAndAmortization": 30119000, "ebitda": 300697000, "ebitdaratio": 0.4052143399, "operatingIncome": 270578000, "operatingIncomeRatio": 0.36462647, "totalOtherIncomeExpensesNet": -38955000, "incomeBeforeTax": 231623000, "incomeBeforeTaxRatio": 0.3121313517, "incomeTaxExpense": 78590000, "netIncome": 153033000, "netIncomeRatio": 0.2062247581, "eps": 1.67, "epsdiluted": 1.67, "weightedAverageShsOut": 91561000, "weightedAverageShsOutDil": 91755000, "link": "https://www.sec.gov/Archives/edgar/data/1614184/000156459018006217/0001564590-18-006217-index.htm", "finalLink": "https://www.sec.gov/Archives/edgar/data/1614184/000156459018006217/cade-10k_20171231.htm", "calculatedOtherExpenses": 82760000, "calculatedOperatingExpenses": 471491000, "calculatedNetInterest": 474036000, "calculatedOtherIncome": -512991000, "calculatedIncomeNonControlling": 0, "calculatedEbitda": 300697000}, {"date": "2016-12-31", "symbol": "CADE", "reportedCurrency": "USD", "cik": "0001299939", "fillingDate": "2016-12-31", "acceptedDate": "2016-12-30 19:00:00", "calendarYear": "2016", "period": "FY", "revenue": 732482000, "costOfRevenue": 0, "grossProfit": 732482000, "grossProfitRatio": 1, "researchAndDevelopmentExpenses": 0, "generalAndAdministrativeExpenses": 338132000, "sellingAndMarketingExpenses": 7738000, "sellingGeneralAndAdministrativeExpenses": 338132000, "otherExpenses": -844443000, "operatingExpenses": -506311000, "costAndExpenses": -506311000, "interestIncome": 483179000, "interestExpense": 29727000, "depreciationAndAmortization": 29265000, "ebitda": 255436000, "ebitdaratio": 0.3487266581, "operatingIncome": 226171000, "operatingIncomeRatio": 0.3087734579, "totalOtherIncomeExpensesNet": -29727000, "incomeBeforeTax": 196444000, "incomeBeforeTaxRatio": 0.2681895255, "incomeTaxExpense": 63716000, "netIncome": 132728000, "netIncomeRatio": 0.1812030876, "eps": 1.41, "epsdiluted": 1.41, "weightedAverageShsOut": 94218694, "weightedAverageShsOutDil": 94454640, "link": "", "finalLink": "", "calculatedOtherExpenses": 168179000, "calculatedOperatingExpenses": 506311000, "calculatedNetInterest": 453452000, "calculatedOtherIncome": -483179000, "calculatedIncomeNonControlling": 0, "calculatedEbitda": 255436000}, {"date": "2015-12-31", "symbol": "CADE", "reportedCurrency": "USD", "cik": "0001299939", "fillingDate": "2015-12-31", "acceptedDate": "2015-12-30 19:00:00", "calendarYear": "2015", "period": "FY", "revenue": 713650000, "costOfRevenue": 0, "grossProfit": 713650000, "grossProfitRatio": 1, "researchAndDevelopmentExpenses": 0, "generalAndAdministrativeExpenses": 331978000, "sellingAndMarketingExpenses": 6466000, "sellingGeneralAndAdministrativeExpenses": 331978000, "otherExpenses": -830193000, "operatingExpenses": -498215000, "costAndExpenses": -498215000, "interestIncome": 464378000, "interestExpense": 28696000, "depreciationAndAmortization": 30251000, "ebitda": 245686000, "ebitdaratio": 0.3442667974, "operatingIncome": 215435000, "operatingIncomeRatio": 0.3018776711, "totalOtherIncomeExpensesNet": -28696000, "incomeBeforeTax": 186739000, "incomeBeforeTaxRatio": 0.2616674841, "incomeTaxExpense": 59248000, "netIncome": 127491000, "netIncomeRatio": 0.1786463953, "eps": 1.33, "epsdiluted": 1.33, "weightedAverageShsOut": 95857894, "weightedAverageShsOutDil": 95857895, "link": "", "finalLink": "", "calculatedOtherExpenses": 166237000, "calculatedOperatingExpenses": 498215000, "calculatedNetInterest": 435682000, "calculatedOtherIncome": -464378000, "calculatedIncomeNonControlling": 0, "calculatedEbitda": 245686000}, {"date": "2014-12-31", "symbol": "CADE", "reportedCurrency": "USD", "cik": "0001299939", "fillingDate": "2014-12-31", "acceptedDate": "2014-12-30 19:00:00", "calendarYear": "2014", "period": "FY", "revenue": 685808000, "costOfRevenue": 0, "grossProfit": 685808000, "grossProfitRatio": 1, "researchAndDevelopmentExpenses": 0, "generalAndAdministrativeExpenses": 316018000, "sellingAndMarketingExpenses": 7787000, "sellingGeneralAndAdministrativeExpenses": 316018000, "otherExpenses": -800829000, "operatingExpenses": -484811000, "costAndExpenses": -484811000, "interestIncome": 450257000, "interestExpense": 33595000, "depreciationAndAmortization": 31715000, "ebitda": 232712000, "ebitdaratio": 0.3393252922, "operatingIncome": 200997000, "operatingIncomeRatio": 0.2930805707, "totalOtherIncomeExpensesNet": -33595000, "incomeBeforeTax": 167402000, "incomeBeforeTaxRatio": 0.2440945571, "incomeTaxExpense": 50652000, "netIncome": 116750000, "netIncomeRatio": 0.1702371509, "eps": 1.22, "epsdiluted": 1.21, "weightedAverageShsOut": 95696721, "weightedAverageShsOutDil": 96487603, "link": "", "finalLink": "", "calculatedOtherExpenses": 168793000, "calculatedOperatingExpenses": 484811000, "calculatedNetInterest": 416662000, "calculatedOtherIncome": -450257000, "calculatedIncomeNonControlling": 0, "calculatedEbitda": 232712000}, {"date": "2013-12-31", "symbol": "CADE", "reportedCurrency": "USD", "cik": "0001299939", "fillingDate": "2013-12-31", "acceptedDate": "2013-12-30 19:00:00", "calendarYear": "2013", "period": "FY", "revenue": 674015000, "costOfRevenue": 0, "grossProfit": 674015000, "grossProfitRatio": 1, "researchAndDevelopmentExpenses": 0, "generalAndAdministrativeExpenses": 318451000, "sellingAndMarketingExpenses": 8816000, "sellingGeneralAndAdministrativeExpenses": 318451000, "otherExpenses": -810242000, "operatingExpenses": -491791000, "costAndExpenses": -491791000, "interestIncome": 449507000, "interestExpense": 50558000, "depreciationAndAmortization": 29523000, "ebitda": 211747000, "ebitdaratio": 0.3141576968, "operatingIncome": 182224000, "operatingIncomeRatio": 0.270356001, "totalOtherIncomeExpensesNet": -50558000, "incomeBeforeTax": 131666000, "incomeBeforeTaxRatio": 0.1953458009, "incomeTaxExpense": 37551000, "netIncome": 94115000, "netIncomeRatio": 0.1396333909, "eps": 0.99, "epsdiluted": 0.99, "weightedAverageShsOut": 95065656, "weightedAverageShsOutDil": 95065657, "link": "", "finalLink": "", "calculatedOtherExpenses": 173340000, "calculatedOperatingExpenses": 491791000, "calculatedNetInterest": 398949000, "calculatedOtherIncome": -449507000, "calculatedIncomeNonControlling": 0, "calculatedEbitda": 211747000}, {"date": "2012-12-31", "symbol": "CADE", "reportedCurrency": "USD", "cik": "0001299939", "fillingDate": "2012-12-31", "acceptedDate": "2012-12-30 19:00:00", "calendarYear": "2012", "period": "FY", "revenue": 694740000, "costOfRevenue": 0, "grossProfit": 694740000, "grossProfitRatio": 1, "researchAndDevelopmentExpenses": 0, "generalAndAdministrativeExpenses": 321102000, "sellingAndMarketingExpenses": 10303000, "sellingGeneralAndAdministrativeExpenses": 321102000, "otherExpenses": -826462000, "operatingExpenses": -505360000, "costAndExpenses": -505360000, "interestIncome": 486424000, "interestExpense": 71833000, "depreciationAndAmortization": 30942000, "ebitda": 220322000, "ebitdaratio": 0.31712871, "operatingIncome": 189380000, "operatingIncomeRatio": 0.2725911852, "totalOtherIncomeExpensesNet": -71833000, "incomeBeforeTax": 117547000, "incomeBeforeTaxRatio": 0.1691956703, "incomeTaxExpense": 33252000, "netIncome": 84295000, "netIncomeRatio": 0.1213331606, "eps": 0.9, "epsdiluted": 0.9, "weightedAverageShsOut": 93760604, "weightedAverageShsOutDil": 93850104, "link": "", "finalLink": "", "calculatedOtherExpenses": 184258000, "calculatedOperatingExpenses": 505360000, "calculatedNetInterest": 414591000, "calculatedOtherIncome": -486424000, "calculatedIncomeNonControlling": 0, "calculatedEbitda": 220322000}, {"date": "2011-12-31", "symbol": "CADE", "reportedCurrency": "USD", "cik": "0001299939", "fillingDate": "2011-12-31", "acceptedDate": "2011-12-30 19:00:00", "calendarYear": "2011", "period": "FY", "revenue": 705758000, "costOfRevenue": 0, "grossProfit": 705758000, "grossProfitRatio": 1, "researchAndDevelopmentExpenses": 0, "generalAndAdministrativeExpenses": 304196000, "sellingAndMarketingExpenses": 0, "sellingGeneralAndAdministrativeExpenses": 304196000, "otherExpenses": -864970000, "operatingExpenses": -560774000, "costAndExpenses": -560774000, "interestIncome": 537853000, "interestExpense": 102940000, "depreciationAndAmortization": 32214000, "ebitda": 177198000, "ebitdaratio": 0.251074731, "operatingIncome": 144984000, "operatingIncomeRatio": 0.20543019, "totalOtherIncomeExpensesNet": -102940000, "incomeBeforeTax": 42044000, "incomeBeforeTaxRatio": 0.0595728281, "incomeTaxExpense": 4475000, "netIncome": 37569000, "netIncomeRatio": 0.0532321277, "eps": 0.45, "epsdiluted": 0.45, "weightedAverageShsOut": 83486296, "weightedAverageShsOutDil": 83509759, "link": "", "finalLink": "", "calculatedOtherExpenses": 256578000, "calculatedOperatingExpenses": 560774000, "calculatedNetInterest": 434913000, "calculatedOtherIncome": -537853000, "calculatedIncomeNonControlling": 0, "calculatedEbitda": 177198000}, {"date": "2010-12-31", "symbol": "CADE", "reportedCurrency": "USD", "cik": "0001299939", "fillingDate": "2010-12-31", "acceptedDate": "2010-12-30 19:00:00", "calendarYear": "2010", "period": "FY", "revenue": 705286000, "costOfRevenue": 0, "grossProfit": 705286000, "grossProfitRatio": 1, "researchAndDevelopmentExpenses": 0, "generalAndAdministrativeExpenses": 290947000, "sellingAndMarketingExpenses": 0, "sellingGeneralAndAdministrativeExpenses": 290947000, "otherExpenses": -840376000, "operatingExpenses": -549429000, "costAndExpenses": -549429000, "interestIncome": 582762000, "interestExpense": 141620000, "depreciationAndAmortization": 33672000, "ebitda": 189529000, "ebitdaratio": 0.2687264457, "operatingIncome": 155857000, "operatingIncomeRatio": 0.2209841114, "totalOtherIncomeExpensesNet": -141620000, "incomeBeforeTax": 14237000, "incomeBeforeTaxRatio": 0.0201861373, "incomeTaxExpense": -8705000, "netIncome": 22942000, "netIncomeRatio": 0.032528648, "eps": 0.28, "epsdiluted": 0.27, "weightedAverageShsOut": 81935714, "weightedAverageShsOutDil": 84970370, "link": "", "finalLink": "", "calculatedOtherExpenses": 258482000, "calculatedOperatingExpenses": 549429000, "calculatedNetInterest": 441142000, "calculatedOtherIncome": -582762000, "calculatedIncomeNonControlling": 0, "calculatedEbitda": 189529000}, {"date": "2009-12-31", "symbol": "CADE", "reportedCurrency": "USD", "cik": "0001299939", "fillingDate": "2009-12-31", "acceptedDate": "2009-12-30 19:00:00", "calendarYear": "2009", "period": "FY", "revenue": 720782000, "costOfRevenue": 607000, "grossProfit": 720175000, "grossProfitRatio": 0.9991578591, "researchAndDevelopmentExpenses": 0, "generalAndAdministrativeExpenses": 278734000, "sellingAndMarketingExpenses": 0, "sellingGeneralAndAdministrativeExpenses": 278734000, "otherExpenses": -715560000, "operatingExpenses": -436826000, "costAndExpenses": 607000, "interestIncome": 616021000, "interestExpense": 170515000, "depreciationAndAmortization": 35754000, "ebitda": 319103000, "ebitdaratio": 0.4427177704, "operatingIncome": 283349000, "operatingIncomeRatio": 0.393113313, "totalOtherIncomeExpensesNet": -135547000, "incomeBeforeTax": 147802000, "incomeBeforeTaxRatio": 0.20505784, "incomeTaxExpense": 43493000, "netIncome": 104309000, "netIncomeRatio": 0.144716433, "eps": 1.25, "epsdiluted": 1.25, "weightedAverageShsOut": 83447200, "weightedAverageShsOutDil": 83447200, "link": "", "finalLink": "", "calculatedOtherExpenses": 158092000, "calculatedOperatingExpenses": 436826000, "calculatedNetInterest": 445506000, "calculatedOtherIncome": -581053000, "calculatedIncomeNonControlling": 0, "calculatedEbitda": 319103000}, {"date": "2008-12-31", "symbol": "CADE", "reportedCurrency": "USD", "cik": "0001299939", "fillingDate": "2008-12-31", "acceptedDate": "2008-12-30 19:00:00", "calendarYear": "2008", "period": "FY", "revenue": 683216000, "costOfRevenue": 0, "grossProfit": 683216000, "grossProfitRatio": 1, "researchAndDevelopmentExpenses": 0, "generalAndAdministrativeExpenses": 271556000, "sellingAndMarketingExpenses": 0, "sellingGeneralAndAdministrativeExpenses": 271556000, "otherExpenses": -515841000, "operatingExpenses": -244285000, "costAndExpenses": -244285000, "interestIncome": 705413000, "interestExpense": 264577000, "depreciationAndAmortization": 35679000, "ebitda": 474610000, "ebitdaratio": 0.6946704995, "operatingIncome": 438931000, "operatingIncomeRatio": 0.6424483619, "totalOtherIncomeExpensesNet": -264577000, "incomeBeforeTax": 174354000, "incomeBeforeTaxRatio": 0.2551960141, "incomeTaxExpense": 53943000, "netIncome": 120411000, "netIncomeRatio": 0.1762414815, "eps": 1.46, "epsdiluted": 1.45, "weightedAverageShsOut": 82589000, "weightedAverageShsOutDil": 82793000, "link": "", "finalLink": "", "calculatedOtherExpenses": -27271000, "calculatedOperatingExpenses": 244285000, "calculatedNetInterest": 440836000, "calculatedOtherIncome": -705413000, "calculatedIncomeNonControlling": 0, "calculatedEbitda": 474610000}, {"date": "2007-12-31", "symbol": "CADE", "reportedCurrency": "USD", "cik": "0001299939", "fillingDate": "2007-12-31", "acceptedDate": "2007-12-30 19:00:00", "calendarYear": "2007", "period": "FY", "revenue": 654698000, "costOfRevenue": 0, "grossProfit": 654698000, "grossProfitRatio": 1, "researchAndDevelopmentExpenses": 0, "generalAndAdministrativeExpenses": 255342000, "sellingAndMarketingExpenses": 0, "sellingGeneralAndAdministrativeExpenses": 255342000, "otherExpenses": -327753000, "operatingExpenses": -72411000, "costAndExpenses": -72411000, "interestIncome": 801242000, "interestExpense": 378343000, "depreciationAndAmortization": 38471000, "ebitda": 620758000, "ebitdaratio": 0.948159304, "operatingIncome": 582287000, "operatingIncomeRatio": 0.8893978598, "totalOtherIncomeExpensesNet": -378343000, "incomeBeforeTax": 203944000, "incomeBeforeTaxRatio": 0.3115085123, "incomeTaxExpense": 66001000, "netIncome": 137943000, "netIncomeRatio": 0.2106971459, "eps": 1.69, "epsdiluted": 1.69, "weightedAverageShsOut": 81506000, "weightedAverageShsOutDil": 81845000, "link": "", "finalLink": "", "calculatedOtherExpenses": -182931000, "calculatedOperatingExpenses": 72411000, "calculatedNetInterest": 422899000, "calculatedOtherIncome": -801242000, "calculatedIncomeNonControlling": 0, "calculatedEbitda": 620758000}, {"date": "2006-12-31", "symbol": "CADE", "reportedCurrency": "USD", "cik": "0001299939", "fillingDate": "2006-12-31", "acceptedDate": "2006-12-30 19:00:00", "calendarYear": "2006", "period": "FY", "revenue": 591893000, "costOfRevenue": 0, "grossProfit": 591893000, "grossProfitRatio": 1, "researchAndDevelopmentExpenses": 0, "generalAndAdministrativeExpenses": 234580000, "sellingAndMarketingExpenses": 0, "sellingGeneralAndAdministrativeExpenses": 234580000, "otherExpenses": -340219000, "operatingExpenses": -105639000, "costAndExpenses": -105639000, "interestIncome": 681891000, "interestExpense": 296092000, "depreciationAndAmortization": 43606000, "ebitda": 529860000, "ebitdaratio": 0.8951955843, "operatingIncome": 486254000, "operatingIncomeRatio": 0.8215234848, "totalOtherIncomeExpensesNet": -296092000, "incomeBeforeTax": 190162000, "incomeBeforeTaxRatio": 0.3212776634, "incomeTaxExpense": 64968000, "netIncome": 125194000, "netIncomeRatio": 0.2115145812, "eps": 1.58, "epsdiluted": 1.57, "weightedAverageShsOut": 79236709, "weightedAverageShsOutDil": 79741401, "link": "", "finalLink": "", "calculatedOtherExpenses": -128941000, "calculatedOperatingExpenses": 105639000, "calculatedNetInterest": 385799000, "calculatedOtherIncome": -681891000, "calculatedIncomeNonControlling": 0, "calculatedEbitda": 529860000}, {"date": "2005-12-31", "symbol": "CADE", "reportedCurrency": "USD", "cik": "0001299939", "fillingDate": "2005-12-31", "acceptedDate": "2005-12-30 19:00:00", "calendarYear": "2005", "period": "FY", "revenue": 554369000, "costOfRevenue": 0, "grossProfit": 554369000, "grossProfitRatio": 1, "researchAndDevelopmentExpenses": 0, "generalAndAdministrativeExpenses": 211950000, "sellingAndMarketingExpenses": 0, "sellingGeneralAndAdministrativeExpenses": 211950000, "otherExpenses": -394140000, "operatingExpenses": -182190000, "costAndExpenses": -182190000, "interestIncome": 559936000, "interestExpense": 204379000, "depreciationAndAmortization": 53270000, "ebitda": 425449000, "ebitdaratio": 0.767447314, "operatingIncome": 372179000, "operatingIncomeRatio": 0.6713560823, "totalOtherIncomeExpensesNet": -204379000, "incomeBeforeTax": 167800000, "incomeBeforeTaxRatio": 0.3026864778, "incomeTaxExpense": 52601000, "netIncome": 115199000, "netIncomeRatio": 0.2078020236, "eps": 1.47, "epsdiluted": 1.47, "weightedAverageShsOut": 78366667, "weightedAverageShsOutDil": 78366667, "link": "", "finalLink": "", "calculatedOtherExpenses": -29760000, "calculatedOperatingExpenses": 182190000, "calculatedNetInterest": 355557000, "calculatedOtherIncome": -559936000, "calculatedIncomeNonControlling": 0, "calculatedEbitda": 425449000}, {"date": "2004-12-31", "symbol": "CADE", "reportedCurrency": "USD", "cik": "0001299939", "fillingDate": "2004-12-31", "acceptedDate": "2004-12-30 19:00:00", "calendarYear": "2004", "period": "FY", "revenue": 517311000, "costOfRevenue": 0, "grossProfit": 517311000, "grossProfitRatio": 1, "researchAndDevelopmentExpenses": 0, "generalAndAdministrativeExpenses": 198692000, "sellingAndMarketingExpenses": 0, "sellingGeneralAndAdministrativeExpenses": 198692000, "otherExpenses": -395285000, "operatingExpenses": -196593000, "costAndExpenses": -196593000, "interestIncome": 497629000, "interestExpense": 163837000, "depreciationAndAmortization": 57499000, "ebitda": 378217000, "ebitdaratio": 0.7311211244, "operatingIncome": 320718000, "operatingIncomeRatio": 0.6199713519, "totalOtherIncomeExpensesNet": -163837000, "incomeBeforeTax": 156881000, "incomeBeforeTaxRatio": 0.3032624475, "incomeTaxExpense": 46261000, "netIncome": 110620000, "netIncomeRatio": 0.2138365509, "eps": 1.44, "epsdiluted": 1.43, "weightedAverageShsOut": 76819444, "weightedAverageShsOutDil": 77356643, "link": "", "finalLink": "", "calculatedOtherExpenses": -2099000, "calculatedOperatingExpenses": 196593000, "calculatedNetInterest": 333792000, "calculatedOtherIncome": -497629000, "calculatedIncomeNonControlling": 0, "calculatedEbitda": 378217000}, {"date": "2003-12-31", "symbol": "CADE", "reportedCurrency": "USD", "cik": "0001299939", "fillingDate": "2003-12-31", "acceptedDate": "2003-12-30 19:00:00", "calendarYear": "2003", "period": "FY", "revenue": 541192000, "costOfRevenue": 0, "grossProfit": 541192000, "grossProfitRatio": 1, "researchAndDevelopmentExpenses": 0, "generalAndAdministrativeExpenses": 181810000, "sellingAndMarketingExpenses": 0, "sellingGeneralAndAdministrativeExpenses": 181810000, "otherExpenses": -353729000, "operatingExpenses": -171919000, "costAndExpenses": -171919000, "interestIncome": 526911000, "interestExpense": 175805000, "depreciationAndAmortization": 52456000, "ebitda": 421729000, "ebitdaratio": 0.7792594865, "operatingIncome": 369273000, "operatingIncomeRatio": 0.6823327026, "totalOtherIncomeExpensesNet": -175805000, "incomeBeforeTax": 193468000, "incomeBeforeTaxRatio": 0.3574849591, "incomeTaxExpense": 62334000, "netIncome": 131134000, "netIncomeRatio": 0.242305873, "eps": 1.69, "epsdiluted": 1.68, "weightedAverageShsOut": 77594083, "weightedAverageShsOutDil": 78055952, "link": "", "finalLink": "", "calculatedOtherExpenses": -9891000, "calculatedOperatingExpenses": 171919000, "calculatedNetInterest": 351106000, "calculatedOtherIncome": -526911000, "calculatedIncomeNonControlling": 0, "calculatedEbitda": 421729000}, {"date": "2002-12-31", "symbol": "CADE", "reportedCurrency": "USD", "cik": "0001299939", "fillingDate": "2002-12-31", "acceptedDate": "2002-12-30 19:00:00", "calendarYear": "2002", "period": "FY", "revenue": 503765000, "costOfRevenue": 0, "grossProfit": 503765000, "grossProfitRatio": 1, "researchAndDevelopmentExpenses": 0, "generalAndAdministrativeExpenses": 171104000, "sellingAndMarketingExpenses": 0, "sellingGeneralAndAdministrativeExpenses": 171104000, "otherExpenses": -294021000, "operatingExpenses": -122917000, "costAndExpenses": -122917000, "interestIncome": 590418000, "interestExpense": 218892000, "depreciationAndAmortization": 30398000, "ebitda": 411246000, "ebitdaratio": 0.8163449227, "operatingIncome": 380848000, "operatingIncomeRatio": 0.7560032952, "totalOtherIncomeExpensesNet": -218892000, "incomeBeforeTax": 161956000, "incomeBeforeTaxRatio": 0.3214911715, "incomeTaxExpense": 49938000, "netIncome": 112018000, "netIncomeRatio": 0.222361617, "eps": 1.4, "epsdiluted": 1.39, "weightedAverageShsOut": 80012857, "weightedAverageShsOutDil": 80588489, "link": "", "finalLink": "", "calculatedOtherExpenses": -48187000, "calculatedOperatingExpenses": 122917000, "calculatedNetInterest": 371526000, "calculatedOtherIncome": -590418000, "calculatedIncomeNonControlling": 0, "calculatedEbitda": 411246000}, {"date": "2001-12-31", "symbol": "CADE", "reportedCurrency": "USD", "cik": "0001299939", "fillingDate": "2001-12-31", "acceptedDate": "2001-12-30 19:00:00", "calendarYear": "2001", "period": "FY", "revenue": 463375000, "costOfRevenue": 0, "grossProfit": 463375000, "grossProfitRatio": 1, "researchAndDevelopmentExpenses": 0, "generalAndAdministrativeExpenses": 155680000, "sellingAndMarketingExpenses": 0, "sellingGeneralAndAdministrativeExpenses": 155680000, "otherExpenses": -142159000, "operatingExpenses": 13521000, "costAndExpenses": 13521000, "interestIncome": 665835000, "interestExpense": 331093000, "depreciationAndAmortization": 29822000, "ebitda": 506718000, "ebitdaratio": 1.0935376315, "operatingIncome": 476896000, "operatingIncomeRatio": 1.0291793903, "totalOtherIncomeExpensesNet": -331093000, "incomeBeforeTax": 145803000, "incomeBeforeTaxRatio": 0.3146544376, "incomeTaxExpense": 47340000, "netIncome": 98463000, "netIncomeRatio": 0.212490963, "eps": 1.19, "epsdiluted": 1.19, "weightedAverageShsOut": 82742017, "weightedAverageShsOutDil": 82742017, "link": "", "finalLink": "", "calculatedOtherExpenses": -169201000, "calculatedOperatingExpenses": -13521000, "calculatedNetInterest": 334742000, "calculatedOtherIncome": -665835000, "calculatedIncomeNonControlling": 0, "calculatedEbitda": 506718000}, {"date": "2000-12-31", "symbol": "CADE", "reportedCurrency": "USD", "cik": "0001299939", "fillingDate": "2000-12-31", "acceptedDate": "2000-12-30 19:00:00", "calendarYear": "2000", "period": "FY", "revenue": 412730000, "costOfRevenue": 0, "grossProfit": 412730000, "grossProfitRatio": 1, "researchAndDevelopmentExpenses": 0, "generalAndAdministrativeExpenses": 133855000, "sellingAndMarketingExpenses": 0, "sellingGeneralAndAdministrativeExpenses": 133855000, "otherExpenses": -87365000, "operatingExpenses": 46490000, "costAndExpenses": 46490000, "interestIncome": 674035000, "interestExpense": 346883000, "depreciationAndAmortization": 24974000, "ebitda": 484194000, "ebitdaratio": 1.1731495166, "operatingIncome": 459220000, "operatingIncomeRatio": 1.1126402248, "totalOtherIncomeExpensesNet": -346883000, "incomeBeforeTax": 112337000, "incomeBeforeTaxRatio": 0.27218036, "incomeTaxExpense": 37941000, "netIncome": 74396000, "netIncomeRatio": 0.1802534344, "eps": 0.88, "epsdiluted": 0.88, "weightedAverageShsOut": 84540909, "weightedAverageShsOutDil": 84540909, "link": "", "finalLink": "", "calculatedOtherExpenses": -180345000, "calculatedOperatingExpenses": -46490000, "calculatedNetInterest": 327152000, "calculatedOtherIncome": -674035000, "calculatedIncomeNonControlling": 0, "calculatedEbitda": 484194000}, {"date": "1999-12-31", "symbol": "CADE", "reportedCurrency": "USD", "cik": "0001299939", "fillingDate": "1999-12-31", "acceptedDate": "1999-12-30 19:00:00", "calendarYear": "1999", "period": "FY", "revenue": 296800000, "costOfRevenue": 0, "grossProfit": 296800000, "grossProfitRatio": 1, "researchAndDevelopmentExpenses": 0, "generalAndAdministrativeExpenses": 88300000, "sellingAndMarketingExpenses": 0, "sellingGeneralAndAdministrativeExpenses": 88300000, "otherExpenses": -89200000, "operatingExpenses": -900000, "costAndExpenses": -900000, "interestIncome": 414200000, "interestExpense": 196700000, "depreciationAndAmortization": 16800000, "ebitda": 312700000, "ebitdaratio": 1.0535714286, "operatingIncome": 295900000, "operatingIncomeRatio": 0.996967655, "totalOtherIncomeExpensesNet": -196700000, "incomeBeforeTax": 99200000, "incomeBeforeTaxRatio": 0.3342318059, "incomeTaxExpense": 30200000, "netIncome": 69000000, "netIncomeRatio": 0.2324797844, "eps": 1.2, "epsdiluted": 1.19, "weightedAverageShsOut": 57191011, "weightedAverageShsOutDil": 57840909, "link": "", "finalLink": "", "calculatedOtherExpenses": -87400000, "calculatedOperatingExpenses": 900000, "calculatedNetInterest": 217500000, "calculatedOtherIncome": -414200000, "calculatedIncomeNonControlling": 0, "calculatedEbitda": 312700000}, {"date": "1998-12-31", "symbol": "CADE", "reportedCurrency": "USD", "cik": "0001299939", "fillingDate": "1998-12-31", "acceptedDate": "1998-12-30 19:00:00", "calendarYear": "1998", "period": "FY", "revenue": 249100000, "costOfRevenue": 0, "grossProfit": 249100000, "grossProfitRatio": 1, "researchAndDevelopmentExpenses": 0, "generalAndAdministrativeExpenses": 70900000, "sellingAndMarketingExpenses": 0, "sellingGeneralAndAdministrativeExpenses": 70900000, "otherExpenses": -50500000, "operatingExpenses": 20400000, "costAndExpenses": 20400000, "interestIncome": 383500000, "interestExpense": 187400000, "depreciationAndAmortization": 6300000, "ebitda": 275800000, "ebitdaratio": 1.1071858691, "operatingIncome": 269500000, "operatingIncomeRatio": 1.0818948214, "totalOtherIncomeExpensesNet": -187400000, "incomeBeforeTax": 82100000, "incomeBeforeTaxRatio": 0.3295865114, "incomeTaxExpense": 27600000, "netIncome": 54500000, "netIncomeRatio": 0.2187876355, "eps": 1.02, "epsdiluted": 1.01, "weightedAverageShsOut": 44777778, "weightedAverageShsOutDil": 45280899, "link": "", "finalLink": "", "calculatedOtherExpenses": -91300000, "calculatedOperatingExpenses": -20400000, "calculatedNetInterest": 196100000, "calculatedOtherIncome": -383500000, "calculatedIncomeNonControlling": 0, "calculatedEbitda": 275800000}, {"date": "1997-12-31", "symbol": "CADE", "reportedCurrency": "USD", "cik": "0001299939", "fillingDate": "1997-12-31", "acceptedDate": "1997-12-30 19:00:00", "calendarYear": "1997", "period": "FY", "revenue": 206700000, "costOfRevenue": 0, "grossProfit": 206700000, "grossProfitRatio": 1, "researchAndDevelopmentExpenses": 0, "generalAndAdministrativeExpenses": 65800000, "sellingAndMarketingExpenses": 0, "sellingGeneralAndAdministrativeExpenses": 65800000, "otherExpenses": -62600000, "operatingExpenses": 3200000, "costAndExpenses": 3200000, "interestIncome": 307100000, "interestExpense": 144100000, "depreciationAndAmortization": 12000000, "ebitda": 221900000, "ebitdaratio": 1.0735365264, "operatingIncome": 209900000, "operatingIncomeRatio": 1.015481374, "totalOtherIncomeExpensesNet": -144100000, "incomeBeforeTax": 65800000, "incomeBeforeTaxRatio": 0.3183357523, "incomeTaxExpense": 20400000, "netIncome": 45400000, "netIncomeRatio": 0.2196419932, "eps": 0.99, "epsdiluted": 0.98, "weightedAverageShsOut": 54444444, "weightedAverageShsOutDil": 55000000, "link": "", "finalLink": "", "calculatedOtherExpenses": -69000000, "calculatedOperatingExpenses": -3200000, "calculatedNetInterest": 163000000, "calculatedOtherIncome": -307100000, "calculatedIncomeNonControlling": 0, "calculatedEbitda": 221900000}, {"date": "1996-12-31", "symbol": "CADE", "reportedCurrency": "USD", "cik": "0001299939", "fillingDate": "1996-12-31", "acceptedDate": "1996-12-30 19:00:00", "calendarYear": "1996", "period": "FY", "revenue": 192100000, "costOfRevenue": 0, "grossProfit": 192100000, "grossProfitRatio": 1, "researchAndDevelopmentExpenses": 0, "generalAndAdministrativeExpenses": 57800000, "sellingAndMarketingExpenses": 0, "sellingGeneralAndAdministrativeExpenses": 57800000, "otherExpenses": -58500000, "operatingExpenses": -700000, "costAndExpenses": -700000, "interestIncome": 277900000, "interestExpense": 126500000, "depreciationAndAmortization": 10800000, "ebitda": 202200000, "ebitdaratio": 1.0525767829, "operatingIncome": 191400000, "operatingIncomeRatio": 0.9963560645, "totalOtherIncomeExpensesNet": -126500000, "incomeBeforeTax": 64900000, "incomeBeforeTaxRatio": 0.3378448725, "incomeTaxExpense": 22000000, "netIncome": 42900000, "netIncomeRatio": 0.2233211869, "eps": 1.02, "epsdiluted": 1.01, "weightedAverageShsOut": 46372549, "weightedAverageShsOutDil": 46600985, "link": "", "finalLink": "", "calculatedOtherExpenses": -57100000, "calculatedOperatingExpenses": 700000, "calculatedNetInterest": 151400000, "calculatedOtherIncome": -277900000, "calculatedIncomeNonControlling": 0, "calculatedEbitda": 202200000}, {"date": "1995-12-31", "symbol": "CADE", "reportedCurrency": "USD", "cik": "0001299939", "fillingDate": "1995-12-31", "acceptedDate": "1995-12-30 19:00:00", "calendarYear": "1995", "period": "FY", "revenue": 169200000, "costOfRevenue": 0, "grossProfit": 169200000, "grossProfitRatio": 1, "researchAndDevelopmentExpenses": 0, "generalAndAdministrativeExpenses": 54700000, "sellingAndMarketingExpenses": 0, "sellingGeneralAndAdministrativeExpenses": 54700000, "otherExpenses": -58100000, "operatingExpenses": -3400000, "costAndExpenses": -3400000, "interestIncome": 252500000, "interestExpense": 114500000, "depreciationAndAmortization": 8500000, "ebitda": 174300000, "ebitdaratio": 1.030141844, "operatingIncome": 165800000, "operatingIncomeRatio": 0.9799054374, "totalOtherIncomeExpensesNet": -114500000, "incomeBeforeTax": 51300000, "incomeBeforeTaxRatio": 0.3031914894, "incomeTaxExpense": 15800000, "netIncome": 35500000, "netIncomeRatio": 0.2098108747, "eps": 0.85, "epsdiluted": 0.85, "weightedAverageShsOut": 42011834, "weightedAverageShsOutDil": 42011834, "link": "", "finalLink": "", "calculatedOtherExpenses": -51300000, "calculatedOperatingExpenses": 3400000, "calculatedNetInterest": 138000000, "calculatedOtherIncome": -252500000, "calculatedIncomeNonControlling": 0, "calculatedEbitda": 174300000}, {"date": "1994-12-31", "symbol": "CADE", "reportedCurrency": "USD", "cik": "0001299939", "fillingDate": "1994-12-31", "acceptedDate": "1994-12-30 19:00:00", "calendarYear": "1994", "period": "FY", "revenue": 127300000, "costOfRevenue": 0, "grossProfit": 127300000, "grossProfitRatio": 1, "researchAndDevelopmentExpenses": 0, "generalAndAdministrativeExpenses": 41500000, "sellingAndMarketingExpenses": 0, "sellingGeneralAndAdministrativeExpenses": 41500000, "otherExpenses": -63700000, "operatingExpenses": -22200000, "costAndExpenses": -22200000, "interestIncome": 173200000, "interestExpense": 69300000, "depreciationAndAmortization": 8100000, "ebitda": 113200000, "ebitdaratio": 0.8892380204, "operatingIncome": 105100000, "operatingIncomeRatio": 0.8256087981, "totalOtherIncomeExpensesNet": -69300000, "incomeBeforeTax": 35800000, "incomeBeforeTaxRatio": 0.2812254517, "incomeTaxExpense": 10400000, "netIncome": 25400000, "netIncomeRatio": 0.1995286724, "eps": 0.76, "epsdiluted": 0.76, "weightedAverageShsOut": 33421053, "weightedAverageShsOutDil": 33421053, "link": "", "finalLink": "", "calculatedOtherExpenses": -19300000, "calculatedOperatingExpenses": 22200000, "calculatedNetInterest": 103900000, "calculatedOtherIncome": -173200000, "calculatedIncomeNonControlling": 0, "calculatedEbitda": 113200000}, {"date": "1993-12-31", "symbol": "CADE", "reportedCurrency": "USD", "cik": "0001299939", "fillingDate": "1993-12-31", "acceptedDate": "1993-12-30 19:00:00", "calendarYear": "1993", "period": "FY", "revenue": 119100000, "costOfRevenue": 0, "grossProfit": 119100000, "grossProfitRatio": 1, "researchAndDevelopmentExpenses": 0, "generalAndAdministrativeExpenses": 39600000, "sellingAndMarketingExpenses": 0, "sellingGeneralAndAdministrativeExpenses": 39600000, "otherExpenses": -62900000, "operatingExpenses": -23300000, "costAndExpenses": -23300000, "interestIncome": 158500000, "interestExpense": 62000000, "depreciationAndAmortization": 5500000, "ebitda": 101300000, "ebitdaratio": 0.8505457599, "operatingIncome": 95800000, "operatingIncomeRatio": 0.8043660789, "totalOtherIncomeExpensesNet": -65200000, "incomeBeforeTax": 30600000, "incomeBeforeTaxRatio": 0.2569269521, "incomeTaxExpense": 7200000, "netIncome": 26600000, "netIncomeRatio": 0.2233417296, "eps": 0.84, "epsdiluted": 0.83, "weightedAverageShsOut": 31666667, "weightedAverageShsOutDil": 32048193, "link": "", "finalLink": "", "calculatedOtherExpenses": -16300000, "calculatedOperatingExpenses": 23300000, "calculatedNetInterest": 96500000, "calculatedOtherIncome": -161700000, "calculatedIncomeNonControlling": -3200000, "calculatedEbitda": 101300000}, {"date": "1992-12-31", "symbol": "CADE", "reportedCurrency": "USD", "cik": "0001299939", "fillingDate": "1992-12-31", "acceptedDate": "1992-12-30 19:00:00", "calendarYear": "1992", "period": "FY", "revenue": 113900000, "costOfRevenue": 0, "grossProfit": 113900000, "grossProfitRatio": 1, "researchAndDevelopmentExpenses": 0, "generalAndAdministrativeExpenses": 37400000, "sellingAndMarketingExpenses": 0, "sellingGeneralAndAdministrativeExpenses": 37400000, "otherExpenses": -56100000, "operatingExpenses": -18700000, "costAndExpenses": -18700000, "interestIncome": 165300000, "interestExpense": 71200000, "depreciationAndAmortization": 4900000, "ebitda": 100100000, "ebitdaratio": 0.8788410887, "operatingIncome": 95200000, "operatingIncomeRatio": 0.8358208955, "totalOtherIncomeExpensesNet": -71200000, "incomeBeforeTax": 24000000, "incomeBeforeTaxRatio": 0.2107111501, "incomeTaxExpense": 5400000, "netIncome": 18600000, "netIncomeRatio": 0.1633011414, "eps": 0.62, "epsdiluted": 0.6, "weightedAverageShsOut": 30000000, "weightedAverageShsOutDil": 31000000, "link": "", "finalLink": "", "calculatedOtherExpenses": -18700000, "calculatedOperatingExpenses": 18700000, "calculatedNetInterest": 94100000, "calculatedOtherIncome": -165300000, "calculatedIncomeNonControlling": 0, "calculatedEbitda": 100100000}, {"date": "1991-12-31", "symbol": "CADE", "reportedCurrency": "USD", "cik": "0001299939", "fillingDate": "1991-12-31", "acceptedDate": "1991-12-30 19:00:00", "calendarYear": "1991", "period": "FY", "revenue": 85700000, "costOfRevenue": 0, "grossProfit": 85700000, "grossProfitRatio": 1, "researchAndDevelopmentExpenses": 0, "generalAndAdministrativeExpenses": 28500000, "sellingAndMarketingExpenses": 0, "sellingGeneralAndAdministrativeExpenses": 28500000, "otherExpenses": -19600000, "operatingExpenses": 8900000, "costAndExpenses": 8900000, "interestIncome": 144300000, "interestExpense": 75300000, "depreciationAndAmortization": 3600000, "ebitda": 98200000, "ebitdaratio": 1.1458576429, "operatingIncome": 94600000, "operatingIncomeRatio": 1.1038506418, "totalOtherIncomeExpensesNet": -75300000, "incomeBeforeTax": 19300000, "incomeBeforeTaxRatio": 0.2252042007, "incomeTaxExpense": 4200000, "netIncome": 15100000, "netIncomeRatio": 0.1761960327, "eps": 0.71, "epsdiluted": 0.67, "weightedAverageShsOut": 21267606, "weightedAverageShsOutDil": 22537313, "link": "", "finalLink": "", "calculatedOtherExpenses": -37400000, "calculatedOperatingExpenses": -8900000, "calculatedNetInterest": 69000000, "calculatedOtherIncome": -144300000, "calculatedIncomeNonControlling": 0, "calculatedEbitda": 98200000}, {"date": "1990-12-31", "symbol": "CADE", "reportedCurrency": "USD", "cik": "0001299939", "fillingDate": "1990-12-31", "acceptedDate": "1990-12-30 19:00:00", "calendarYear": "1990", "period": "FY", "revenue": 75600000, "costOfRevenue": 0, "grossProfit": 75600000, "grossProfitRatio": 1, "researchAndDevelopmentExpenses": 0, "generalAndAdministrativeExpenses": 25800000, "sellingAndMarketingExpenses": 0, "sellingGeneralAndAdministrativeExpenses": 25800000, "otherExpenses": 1100000, "operatingExpenses": 26900000, "costAndExpenses": 26900000, "interestIncome": 145200000, "interestExpense": 84700000, "depreciationAndAmortization": 3000000, "ebitda": 105500000, "ebitdaratio": 1.3955026455, "operatingIncome": 102500000, "operatingIncomeRatio": 1.3558201058, "totalOtherIncomeExpensesNet": -84700000, "incomeBeforeTax": 17800000, "incomeBeforeTaxRatio": 0.2354497354, "incomeTaxExpense": 3400000, "netIncome": 14400000, "netIncomeRatio": 0.1904761905, "eps": 0.66, "epsdiluted": 0.63, "weightedAverageShsOut": 21363636, "weightedAverageShsOutDil": 22380952, "link": "", "finalLink": "", "calculatedOtherExpenses": -52700000, "calculatedOperatingExpenses": -26900000, "calculatedNetInterest": 60500000, "calculatedOtherIncome": -145200000, "calculatedIncomeNonControlling": 0, "calculatedEbitda": 105500000}, {"date": "1989-12-31", "symbol": "CADE", "reportedCurrency": "USD", "cik": "0001299939", "fillingDate": "1989-12-31", "acceptedDate": "1989-12-30 19:00:00", "calendarYear": "1989", "period": "FY", "revenue": 69200000, "costOfRevenue": 0, "grossProfit": 69200000, "grossProfitRatio": 1, "researchAndDevelopmentExpenses": 0, "generalAndAdministrativeExpenses": 24200000, "sellingAndMarketingExpenses": 0, "sellingGeneralAndAdministrativeExpenses": 24200000, "otherExpenses": -100000, "operatingExpenses": 24100000, "costAndExpenses": 24100000, "interestIncome": 133800000, "interestExpense": 77400000, "depreciationAndAmortization": 2700000, "ebitda": 96000000, "ebitdaratio": 1.387283237, "operatingIncome": 93300000, "operatingIncomeRatio": 1.348265896, "totalOtherIncomeExpensesNet": -77400000, "incomeBeforeTax": 15900000, "incomeBeforeTaxRatio": 0.2297687861, "incomeTaxExpense": 2700000, "netIncome": 13200000, "netIncomeRatio": 0.1907514451, "eps": 0.6, "epsdiluted": 0.58, "weightedAverageShsOut": 21500000, "weightedAverageShsOutDil": 22241379, "link": "", "finalLink": "", "calculatedOtherExpenses": -48300000, "calculatedOperatingExpenses": -24100000, "calculatedNetInterest": 56400000, "calculatedOtherIncome": -133800000, "calculatedIncomeNonControlling": 0, "calculatedEbitda": 96000000}, {"date": "1988-12-31", "symbol": "CADE", "reportedCurrency": "USD", "cik": "0001299939", "fillingDate": "1988-12-31", "acceptedDate": "1988-12-30 19:00:00", "calendarYear": "1988", "period": "FY", "revenue": 0, "costOfRevenue": 0, "grossProfit": 0, "grossProfitRatio": 0, "researchAndDevelopmentExpenses": 0, "generalAndAdministrativeExpenses": 0, "sellingAndMarketingExpenses": 0, "sellingGeneralAndAdministrativeExpenses": 0, "otherExpenses": 12800000, "operatingExpenses": 12800000, "costAndExpenses": 12800000, "interestIncome": 0, "interestExpense": 0, "depreciationAndAmortization": 0, "ebitda": 12800000, "ebitdaratio": 0, "operatingIncome": 12800000, "operatingIncomeRatio": 0, "totalOtherIncomeExpensesNet": 0, "incomeBeforeTax": 0, "incomeBeforeTaxRatio": 0, "incomeTaxExpense": -12800000, "netIncome": 12800000, "netIncomeRatio": 0, "eps": 0.59, "epsdiluted": 0.57, "weightedAverageShsOut": 21551724, "weightedAverageShsOutDil": 22321429, "link": "", "finalLink": "", "calculatedOtherExpenses": -12800000, "calculatedOperatingExpenses": -12800000, "calculatedNetInterest": 0, "calculatedOtherIncome": -12800000, "calculatedIncomeNonControlling": 0, "calculatedEbitda": 12800000}, {"date": "1987-12-31", "symbol": "CADE", "reportedCurrency": "USD", "cik": "0001299939", "fillingDate": "1987-12-31", "acceptedDate": "1987-12-30 19:00:00", "calendarYear": "1987", "period": "FY", "revenue": 0, "costOfRevenue": 0, "grossProfit": 0, "grossProfitRatio": 0, "researchAndDevelopmentExpenses": 0, "generalAndAdministrativeExpenses": 0, "sellingAndMarketingExpenses": 0, "sellingGeneralAndAdministrativeExpenses": 0, "otherExpenses": 11200000, "operatingExpenses": 11200000, "costAndExpenses": 11200000, "interestIncome": 0, "interestExpense": 0, "depreciationAndAmortization": 0, "ebitda": 11200000, "ebitdaratio": 0, "operatingIncome": 11200000, "operatingIncomeRatio": 0, "totalOtherIncomeExpensesNet": 0, "incomeBeforeTax": 0, "incomeBeforeTaxRatio": 0, "incomeTaxExpense": -11200000, "netIncome": 11200000, "netIncomeRatio": 0, "eps": 0.51, "epsdiluted": 0.49, "weightedAverageShsOut": 21960784, "weightedAverageShsOutDil": 22857143, "link": "", "finalLink": "", "calculatedOtherExpenses": -11200000, "calculatedOperatingExpenses": -11200000, "calculatedNetInterest": 0, "calculatedOtherIncome": -11200000, "calculatedIncomeNonControlling": 0, "calculatedEbitda": 11200000}, {"date": "1986-12-31", "symbol": "CADE", "reportedCurrency": "USD", "cik": "0001299939", "fillingDate": "1986-12-31", "acceptedDate": "1986-12-30 19:00:00", "calendarYear": "1986", "period": "FY", "revenue": 0, "costOfRevenue": 0, "grossProfit": 0, "grossProfitRatio": 0, "researchAndDevelopmentExpenses": 0, "generalAndAdministrativeExpenses": 0, "sellingAndMarketingExpenses": 0, "sellingGeneralAndAdministrativeExpenses": 0, "otherExpenses": 9100000, "operatingExpenses": 9100000, "costAndExpenses": 9100000, "interestIncome": 0, "interestExpense": 0, "depreciationAndAmortization": 0, "ebitda": 9100000, "ebitdaratio": 0, "operatingIncome": 9100000, "operatingIncomeRatio": 0, "totalOtherIncomeExpensesNet": 0, "incomeBeforeTax": 0, "incomeBeforeTaxRatio": 0, "incomeTaxExpense": -9100000, "netIncome": 9100000, "netIncomeRatio": 0, "eps": 0.53, "epsdiluted": 0.51, "weightedAverageShsOut": 17169811, "weightedAverageShsOutDil": 17843137, "link": "", "finalLink": "", "calculatedOtherExpenses": -9100000, "calculatedOperatingExpenses": -9100000, "calculatedNetInterest": 0, "calculatedOtherIncome": -9100000, "calculatedIncomeNonControlling": 0, "calculatedEbitda": 9100000}, {"date": "1985-12-31", "symbol": "CADE", "reportedCurrency": "USD", "cik": "0001299939", "fillingDate": "1985-12-31", "acceptedDate": "1985-12-30 19:00:00", "calendarYear": "1985", "period": "FY", "revenue": 0, "costOfRevenue": 0, "grossProfit": 0, "grossProfitRatio": 0, "researchAndDevelopmentExpenses": 0, "generalAndAdministrativeExpenses": 0, "sellingAndMarketingExpenses": 0, "sellingGeneralAndAdministrativeExpenses": 0, "otherExpenses": 7500000, "operatingExpenses": 7500000, "costAndExpenses": 7500000, "interestIncome": 0, "interestExpense": 0, "depreciationAndAmortization": 0, "ebitda": 7500000, "ebitdaratio": 0, "operatingIncome": 7500000, "operatingIncomeRatio": 0, "totalOtherIncomeExpensesNet": 0, "incomeBeforeTax": 0, "incomeBeforeTaxRatio": 0, "incomeTaxExpense": -7500000, "netIncome": 7500000, "netIncomeRatio": 0, "eps": 0.44, "epsdiluted": 0.44, "weightedAverageShsOut": 17045455, "weightedAverageShsOutDil": 17045455, "link": "", "finalLink": "", "calculatedOtherExpenses": -7500000, "calculatedOperatingExpenses": -7500000, "calculatedNetInterest": 0, "calculatedOtherIncome": -7500000, "calculatedIncomeNonControlling": 0, "calculatedEbitda": 7500000}]}