{"originalCurrency": "USD", "convertedCurrency": "USD", "report": [{"date": "2023-05-28", "symbol": "CAG", "reportedCurrency": "USD", "cik": "0000023217", "fillingDate": "2023-07-13", "acceptedDate": "2023-07-13 16:31:03", "calendarYear": "2023", "period": "FY", "revenue": 12277000000, "costOfRevenue": 9012200000, "grossProfit": 3264800000, "grossProfitRatio": 0.2659281583, "researchAndDevelopmentExpenses": 57700000, "generalAndAdministrativeExpenses": 2189500000, "sellingAndMarketingExpenses": 290100000, "sellingGeneralAndAdministrativeExpenses": 2189500000, "otherExpenses": 24200000, "operatingExpenses": 2189500000, "costAndExpenses": 11201700000, "interestIncome": 3900000, "interestExpense": 409600000, "depreciationAndAmortization": 369900000, "ebitda": 1469400000, "ebitdaratio": 0.11968722, "operatingIncome": 1099500000, "operatingIncomeRatio": 0.0895577095, "totalOtherIncomeExpensesNet": -409600000, "incomeBeforeTax": 689900000, "incomeBeforeTaxRatio": 0.0561945101, "incomeTaxExpense": 218700000, "netIncome": 683600000, "netIncomeRatio": 0.0556813554, "eps": 1.43, "epsdiluted": 1.42, "weightedAverageShsOut": 478900000, "weightedAverageShsOutDil": 480700000, "link": "https://www.sec.gov/Archives/edgar/data/23217/000143774923019879/0001437749-23-019879-index.htm", "finalLink": "https://www.sec.gov/Archives/edgar/data/23217/000143774923019879/cag20230206_10k.htm", "calculatedOtherExpenses": -81900000, "calculatedOperatingExpenses": 2165300000, "calculatedNetInterest": -405700000, "calculatedOtherIncome": -3900000, "calculatedIncomeNonControlling": -212400000, "calculatedEbitda": 1469400000}, {"date": "2022-05-29", "symbol": "CAG", "reportedCurrency": "USD", "cik": "0000023217", "fillingDate": "2022-07-21", "acceptedDate": "2022-07-21 16:31:57", "calendarYear": "2022", "period": "FY", "revenue": 11535900000, "costOfRevenue": 8697100000, "grossProfit": 2838800000, "grossProfitRatio": 0.246083964, "researchAndDevelopmentExpenses": 53400000, "generalAndAdministrativeExpenses": 1492800000, "sellingAndMarketingExpenses": 244600000, "sellingGeneralAndAdministrativeExpenses": 1492800000, "otherExpenses": 67300000, "operatingExpenses": 1492800000, "costAndExpenses": 10189900000, "interestIncome": 2100000, "interestExpense": 379900000, "depreciationAndAmortization": 375400000, "ebitda": 1788700000, "ebitdaratio": 0.1550550889, "operatingIncome": 1413300000, "operatingIncomeRatio": 0.1225131979, "totalOtherIncomeExpensesNet": -379900000, "incomeBeforeTax": 1033400000, "incomeBeforeTaxRatio": 0.0895812204, "incomeTaxExpense": 290500000, "netIncome": 888200000, "netIncomeRatio": 0.0769944261, "eps": 1.85, "epsdiluted": 1.84, "weightedAverageShsOut": 480300000, "weightedAverageShsOutDil": 482200000, "link": "https://www.sec.gov/Archives/edgar/data/23217/000143774922017530/0001437749-22-017530-index.htm", "finalLink": "https://www.sec.gov/Archives/edgar/data/23217/000143774922017530/cag20220209_10k.htm", "calculatedOtherExpenses": -120700000, "calculatedOperatingExpenses": 1425500000, "calculatedNetInterest": -377800000, "calculatedOtherIncome": -2100000, "calculatedIncomeNonControlling": -145300000, "calculatedEbitda": 1788700000}, {"date": "2021-05-30", "symbol": "CAG", "reportedCurrency": "USD", "cik": "0000023217", "fillingDate": "2021-07-23", "acceptedDate": "2021-07-23 16:02:21", "calendarYear": "2021", "period": "FY", "revenue": 11184700000, "costOfRevenue": 8005500000, "grossProfit": 3179200000, "grossProfitRatio": 0.2842454424, "researchAndDevelopmentExpenses": 51300000, "generalAndAdministrativeExpenses": 1403000000, "sellingAndMarketingExpenses": 258000000, "sellingGeneralAndAdministrativeExpenses": 1403000000, "otherExpenses": 54500000, "operatingExpenses": 1403000000, "costAndExpenses": 9408500000, "interestIncome": 1900000, "interestExpense": 420400000, "depreciationAndAmortization": 387700000, "ebitda": 2218400000, "ebitdaratio": 0.1983423784, "operatingIncome": 1830700000, "operatingIncomeRatio": 0.1636789543, "totalOtherIncomeExpensesNet": -420400000, "incomeBeforeTax": 1410300000, "incomeBeforeTaxRatio": 0.1260918934, "incomeTaxExpense": 193800000, "netIncome": 1298800000, "netIncomeRatio": 0.1161229179, "eps": 2.67, "epsdiluted": 2.66, "weightedAverageShsOut": 485800000, "weightedAverageShsOutDil": 487800000, "link": "https://www.sec.gov/Archives/edgar/data/23217/000156459021037738/0001564590-21-037738-index.htm", "finalLink": "https://www.sec.gov/Archives/edgar/data/23217/000156459021037738/cag-10k_20210530.htm", "calculatedOtherExpenses": -105800000, "calculatedOperatingExpenses": 1348500000, "calculatedNetInterest": -418500000, "calculatedOtherIncome": -1900000, "calculatedIncomeNonControlling": -82300000, "calculatedEbitda": 2218400000}, {"date": "2020-05-31", "symbol": "CAG", "reportedCurrency": "USD", "cik": "0000023217", "fillingDate": "2020-07-24", "acceptedDate": "2020-07-24 13:01:19", "calendarYear": "2020", "period": "FY", "revenue": 11054400000, "costOfRevenue": 7984800000, "grossProfit": 3069600000, "grossProfitRatio": 0.2776812853, "researchAndDevelopmentExpenses": 56400000, "generalAndAdministrativeExpenses": 1622500000, "sellingAndMarketingExpenses": 230700000, "sellingGeneralAndAdministrativeExpenses": 1622500000, "otherExpenses": 9900000, "operatingExpenses": 1622500000, "costAndExpenses": 9607300000, "interestIncome": 3100000, "interestExpense": 487100000, "depreciationAndAmortization": 388900000, "ebitda": 1845900000, "ebitdaratio": 0.1669832827, "operatingIncome": 1457000000, "operatingIncomeRatio": 0.1318027211, "totalOtherIncomeExpensesNet": -487100000, "incomeBeforeTax": 969900000, "incomeBeforeTaxRatio": 0.0877388189, "incomeTaxExpense": 201300000, "netIncome": 840100000, "netIncomeRatio": 0.0759968881, "eps": 1.72, "epsdiluted": 1.72, "weightedAverageShsOut": 487300000, "weightedAverageShsOutDil": 488600000, "link": "https://www.sec.gov/Archives/edgar/data/23217/000156459020033366/0001564590-20-033366-index.htm", "finalLink": "https://www.sec.gov/Archives/edgar/data/23217/000156459020033366/cag-10k_20200531.htm", "calculatedOtherExpenses": -66300000, "calculatedOperatingExpenses": 1612600000, "calculatedNetInterest": -484000000, "calculatedOtherIncome": -3100000, "calculatedIncomeNonControlling": -71500000, "calculatedEbitda": 1845900000}, {"date": "2019-05-26", "symbol": "CAG", "reportedCurrency": "USD", "cik": "0000023217", "fillingDate": "2019-07-19", "acceptedDate": "2019-07-19 10:14:35", "calendarYear": "2019", "period": "FY", "revenue": 9538400000, "costOfRevenue": 6885400000, "grossProfit": 2653000000, "grossProfitRatio": 0.2781388912, "researchAndDevelopmentExpenses": 56100000, "generalAndAdministrativeExpenses": 1473400000, "sellingAndMarketingExpenses": 253400000, "sellingGeneralAndAdministrativeExpenses": 1473400000, "otherExpenses": 35100000, "operatingExpenses": 1473400000, "costAndExpenses": 8358800000, "interestIncome": 6800000, "interestExpense": 391400000, "depreciationAndAmortization": 333000000, "ebitda": 1547700000, "ebitdaratio": 0.1622599178, "operatingIncome": 795000000, "operatingIncomeRatio": 0.0833473119, "totalOtherIncomeExpensesNet": -391400000, "incomeBeforeTax": 823300000, "incomeBeforeTaxRatio": 0.0863142665, "incomeTaxExpense": 218800000, "netIncome": 678300000, "netIncomeRatio": 0.0711125556, "eps": 1.53, "epsdiluted": 1.52, "weightedAverageShsOut": 444000000, "weightedAverageShsOutDil": 445600000, "link": "https://www.sec.gov/Archives/edgar/data/23217/000002321719000006/0000023217-19-000006-index.htm", "finalLink": "https://www.sec.gov/Archives/edgar/data/23217/000002321719000006/cag-2019x10k.htm", "calculatedOtherExpenses": 328500000, "calculatedOperatingExpenses": 1858000000, "calculatedNetInterest": -384600000, "calculatedOtherIncome": 412900000, "calculatedIncomeNonControlling": -73800000, "calculatedEbitda": 1128000000}, {"date": "2018-05-27", "symbol": "CAG", "reportedCurrency": "USD", "cik": "0000023217", "fillingDate": "2018-07-20", "acceptedDate": "2018-07-20 12:27:09", "calendarYear": "2018", "period": "FY", "revenue": 7938300000, "costOfRevenue": 5586800000, "grossProfit": 2351500000, "grossProfitRatio": 0.296222113, "researchAndDevelopmentExpenses": 47300000, "generalAndAdministrativeExpenses": 1318000000, "sellingAndMarketingExpenses": 278600000, "sellingGeneralAndAdministrativeExpenses": 1318000000, "otherExpenses": 0, "operatingExpenses": 1318000000, "costAndExpenses": 6904800000, "interestIncome": 3800000, "interestExpense": 158700000, "depreciationAndAmortization": 257000000, "ebitda": 1290500000, "ebitdaratio": 0.1625662925, "operatingIncome": 878600000, "operatingIncomeRatio": 0.1106786088, "totalOtherIncomeExpensesNet": -158700000, "incomeBeforeTax": 874800000, "incomeBeforeTaxRatio": 0.1101999169, "incomeTaxExpense": 174600000, "netIncome": 808400000, "netIncomeRatio": 0.1018354056, "eps": 2, "epsdiluted": 1.98, "weightedAverageShsOut": 403900000, "weightedAverageShsOutDil": 407400000, "link": "https://www.sec.gov/Archives/edgar/data/23217/000002321718000005/0000023217-18-000005-index.htm", "finalLink": "https://www.sec.gov/Archives/edgar/data/23217/000002321718000005/cag-2018x10k.htm", "calculatedOtherExpenses": 107600000, "calculatedOperatingExpenses": 1472900000, "calculatedNetInterest": -154900000, "calculatedOtherIncome": 151100000, "calculatedIncomeNonControlling": -108200000, "calculatedEbitda": 1135600000}, {"date": "2017-05-28", "symbol": "CAG", "reportedCurrency": "USD", "cik": "0000023217", "fillingDate": "2017-07-21", "acceptedDate": "2017-07-21 12:13:08", "calendarYear": "2017", "period": "FY", "revenue": 7826900000, "costOfRevenue": 5484800000, "grossProfit": 2342100000, "grossProfitRatio": 0.2992372459, "researchAndDevelopmentExpenses": 44600000, "generalAndAdministrativeExpenses": 1417100000, "sellingAndMarketingExpenses": 328300000, "sellingGeneralAndAdministrativeExpenses": 1417100000, "otherExpenses": 0, "operatingExpenses": 1417100000, "costAndExpenses": 6901900000, "interestIncome": 3700000, "interestExpense": 195500000, "depreciationAndAmortization": 268000000, "ebitda": 1193000000, "ebitdaratio": 0.1524230538, "operatingIncome": 925000000, "operatingIncomeRatio": 0.1181821666, "totalOtherIncomeExpensesNet": -195500000, "incomeBeforeTax": 729500000, "incomeBeforeTaxRatio": 0.093204206, "incomeTaxExpense": 254700000, "netIncome": 639300000, "netIncomeRatio": 0.0816798477, "eps": 1.48, "epsdiluted": 1.46, "weightedAverageShsOut": 431900000, "weightedAverageShsOutDil": 436000000, "link": "https://www.sec.gov/Archives/edgar/data/23217/000162828017007184/0001628280-17-007184-index.htm", "finalLink": "https://www.sec.gov/Archives/edgar/data/23217/000162828017007184/cag-2017x10k.htm", "calculatedOtherExpenses": -44600000, "calculatedOperatingExpenses": 1417100000, "calculatedNetInterest": -191800000, "calculatedOtherIncome": -3700000, "calculatedIncomeNonControlling": -164500000, "calculatedEbitda": 1193000000}, {"date": "2016-05-29", "symbol": "CAG", "reportedCurrency": "USD", "cik": "0000023217", "fillingDate": "2016-07-15", "acceptedDate": "2016-07-15 14:11:01", "calendarYear": "2016", "period": "FY", "revenue": 11642900000, "costOfRevenue": 8552100000, "grossProfit": 3090800000, "grossProfitRatio": 0.2654665075, "researchAndDevelopmentExpenses": 59600000, "generalAndAdministrativeExpenses": 2209400000, "sellingAndMarketingExpenses": 347200000, "sellingGeneralAndAdministrativeExpenses": 2209400000, "otherExpenses": 0, "operatingExpenses": 2209400000, "costAndExpenses": 10761500000, "interestIncome": 1300000, "interestExpense": 297800000, "depreciationAndAmortization": 373900000, "ebitda": 1255300000, "ebitdaratio": 0.107816781, "operatingIncome": 584900000, "operatingIncomeRatio": 0.0502366249, "totalOtherIncomeExpensesNet": -297800000, "incomeBeforeTax": 583600000, "incomeBeforeTaxRatio": 0.0501249689, "incomeTaxExpense": 225400000, "netIncome": -677000000, "netIncomeRatio": -0.0581470252, "eps": -1.56, "epsdiluted": -1.54, "weightedAverageShsOut": 434400000, "weightedAverageShsOutDil": 438500000, "link": "https://www.sec.gov/Archives/edgar/data/23217/000162828016017613/0001628280-16-017613-index.htm", "finalLink": "https://www.sec.gov/Archives/edgar/data/23217/000162828016017613/cag-2016x10k.htm", "calculatedOtherExpenses": 236900000, "calculatedOperatingExpenses": 2505900000, "calculatedNetInterest": -296500000, "calculatedOtherIncome": 295200000, "calculatedIncomeNonControlling": 1035200000, "calculatedEbitda": 958800000}, {"date": "2015-05-31", "symbol": "CAG", "reportedCurrency": "USD", "cik": "0000023217", "fillingDate": "2015-07-17", "acceptedDate": "2015-07-17 11:41:34", "calendarYear": "2015", "period": "FY", "revenue": 15832400000, "costOfRevenue": 12523900000, "grossProfit": 3308500000, "grossProfitRatio": 0.208970213, "researchAndDevelopmentExpenses": 63100000, "generalAndAdministrativeExpenses": 3472100000, "sellingAndMarketingExpenses": 312600000, "sellingGeneralAndAdministrativeExpenses": 3472100000, "otherExpenses": 0, "operatingExpenses": 3472100000, "costAndExpenses": 15996000000, "interestIncome": 1200000, "interestExpense": 331900000, "depreciationAndAmortization": 592300000, "ebitda": 428700000, "ebitdaratio": 0.0270773856, "operatingIncome": -163600000, "operatingIncomeRatio": -0.0103332407, "totalOtherIncomeExpensesNet": -331900000, "incomeBeforeTax": -495500000, "incomeBeforeTaxRatio": -0.0312965817, "incomeTaxExpense": 234000000, "netIncome": -252600000, "netIncomeRatio": -0.0159546247, "eps": -0.59, "epsdiluted": -0.59, "weightedAverageShsOut": 426100000, "weightedAverageShsOutDil": 426100000, "link": "https://www.sec.gov/Archives/edgar/data/23217/000162828015005333/0001628280-15-005333-index.htm", "finalLink": "https://www.sec.gov/Archives/edgar/data/23217/000162828015005333/cag-2015x10k.htm", "calculatedOtherExpenses": -63100000, "calculatedOperatingExpenses": 3472100000, "calculatedNetInterest": -330700000, "calculatedOtherIncome": -1200000, "calculatedIncomeNonControlling": -476900000, "calculatedEbitda": 428700000}, {"date": "2014-05-25", "symbol": "CAG", "reportedCurrency": "USD", "cik": "0000023217", "fillingDate": "2014-07-16", "acceptedDate": "2014-07-16 15:17:50", "calendarYear": "2014", "period": "FY", "revenue": 17702600000, "costOfRevenue": 13980100000, "grossProfit": 3722500000, "grossProfitRatio": 0.2102798459, "researchAndDevelopmentExpenses": 86000000, "generalAndAdministrativeExpenses": 2767100000, "sellingAndMarketingExpenses": 395700000, "sellingGeneralAndAdministrativeExpenses": 2767100000, "otherExpenses": 0, "operatingExpenses": 2767100000, "costAndExpenses": 16747200000, "interestIncome": 2500000, "interestExpense": 379000000, "depreciationAndAmortization": 602900000, "ebitda": 1558300000, "ebitdaratio": 0.0880266176, "operatingIncome": 955400000, "operatingIncomeRatio": 0.0539694734, "totalOtherIncomeExpensesNet": -379000000, "incomeBeforeTax": 576400000, "incomeBeforeTaxRatio": 0.0325601889, "incomeTaxExpense": 298200000, "netIncome": 303100000, "netIncomeRatio": 0.0171217787, "eps": 0.72, "epsdiluted": 0.7, "weightedAverageShsOut": 421300000, "weightedAverageShsOutDil": 427500000, "link": "https://www.sec.gov/Archives/edgar/data/23217/000002321714000009/0000023217-14-000009-index.htm", "finalLink": "https://www.sec.gov/Archives/edgar/data/23217/000002321714000009/cag-2014x10k.htm", "calculatedOtherExpenses": -86000000, "calculatedOperatingExpenses": 2767100000, "calculatedNetInterest": -376500000, "calculatedOtherIncome": -2500000, "calculatedIncomeNonControlling": -24900000, "calculatedEbitda": 1558300000}, {"date": "2013-05-26", "symbol": "CAG", "reportedCurrency": "USD", "cik": "0000023217", "fillingDate": "2013-07-19", "acceptedDate": "2013-07-19 09:43:02", "calendarYear": "2013", "period": "FY", "revenue": 15491400000, "costOfRevenue": 11931400000, "grossProfit": 3560000000, "grossProfitRatio": 0.229804924, "researchAndDevelopmentExpenses": 91100000, "generalAndAdministrativeExpenses": 2135600000, "sellingAndMarketingExpenses": 463400000, "sellingGeneralAndAdministrativeExpenses": 2135600000, "otherExpenses": 0, "operatingExpenses": 2135600000, "costAndExpenses": 14067000000, "interestIncome": 3000000, "interestExpense": 275600000, "depreciationAndAmortization": 445200000, "ebitda": 1869600000, "ebitdaratio": 0.1206863163, "operatingIncome": 1424400000, "operatingIncomeRatio": 0.0919477904, "totalOtherIncomeExpensesNet": -275600000, "incomeBeforeTax": 1148800000, "incomeBeforeTaxRatio": 0.0741572744, "incomeTaxExpense": 400200000, "netIncome": 773900000, "netIncomeRatio": 0.0499567502, "eps": 1.88, "epsdiluted": 1.85, "weightedAverageShsOut": 410800000, "weightedAverageShsOutDil": 417600000, "link": "https://www.sec.gov/Archives/edgar/data/23217/000144530513001653/0001445305-13-001653-index.htm", "finalLink": "https://www.sec.gov/Archives/edgar/data/23217/000144530513001653/cag-2013x10k.htm", "calculatedOtherExpenses": -91100000, "calculatedOperatingExpenses": 2135600000, "calculatedNetInterest": -272600000, "calculatedOtherIncome": -3000000, "calculatedIncomeNonControlling": -25300000, "calculatedEbitda": 1869600000}, {"date": "2012-05-27", "symbol": "CAG", "reportedCurrency": "USD", "cik": "0000023217", "fillingDate": "2012-07-20", "acceptedDate": "2012-07-20 11:02:21", "calendarYear": "2012", "period": "FY", "revenue": 13262600000, "costOfRevenue": 10435700000, "grossProfit": 2826900000, "grossProfitRatio": 0.2131482515, "researchAndDevelopmentExpenses": 0, "generalAndAdministrativeExpenses": 0, "sellingAndMarketingExpenses": 0, "sellingGeneralAndAdministrativeExpenses": 1997700000, "otherExpenses": 0, "operatingExpenses": 1997700000, "costAndExpenses": 12433400000, "interestIncome": 4000000, "interestExpense": 204000000, "depreciationAndAmortization": 371800000, "ebitda": 1201000000, "ebitdaratio": 0.0905553964, "operatingIncome": 829200000, "operatingIncomeRatio": 0.0625216775, "totalOtherIncomeExpensesNet": -204000000, "incomeBeforeTax": 625200000, "incomeBeforeTaxRatio": 0.0471400781, "incomeTaxExpense": 195800000, "netIncome": 467900000, "netIncomeRatio": 0.0352796586, "eps": 1.13, "epsdiluted": 1.12, "weightedAverageShsOut": 412900000, "weightedAverageShsOutDil": 418300000, "link": "https://www.sec.gov/Archives/edgar/data/23217/000119312512308387/0001193125-12-308387-index.htm", "finalLink": "https://www.sec.gov/Archives/edgar/data/23217/000119312512308387/d357714d10k.htm", "calculatedOtherExpenses": 0, "calculatedOperatingExpenses": 1997700000, "calculatedNetInterest": -200000000, "calculatedOtherIncome": -4000000, "calculatedIncomeNonControlling": -38500000, "calculatedEbitda": 1201000000}, {"date": "2011-05-29", "symbol": "CAG", "reportedCurrency": "USD", "cik": "0000023217", "fillingDate": "2011-07-19", "acceptedDate": "2011-07-19 15:15:45", "calendarYear": "2011", "period": "FY", "revenue": 12303100000, "costOfRevenue": 9389600000, "grossProfit": 2913500000, "grossProfitRatio": 0.2368102348, "researchAndDevelopmentExpenses": 0, "generalAndAdministrativeExpenses": 0, "sellingAndMarketingExpenses": 0, "sellingGeneralAndAdministrativeExpenses": 1511100000, "otherExpenses": 0, "operatingExpenses": 1511100000, "costAndExpenses": 10900700000, "interestIncome": 42200000, "interestExpense": 177500000, "depreciationAndAmortization": 360900000, "ebitda": 1763300000, "ebitdaratio": 0.1433216019, "operatingIncome": 1402400000, "operatingIncomeRatio": 0.1139875316, "totalOtherIncomeExpensesNet": -177500000, "incomeBeforeTax": 1224900000, "incomeBeforeTaxRatio": 0.0995602734, "incomeTaxExpense": 421000000, "netIncome": 817000000, "netIncomeRatio": 0.0664060277, "eps": 1.9, "epsdiluted": 1.88, "weightedAverageShsOut": 429700000, "weightedAverageShsOutDil": 434300000, "link": "https://www.sec.gov/Archives/edgar/data/23217/000095012311066520/0000950123-11-066520-index.htm", "finalLink": "https://www.sec.gov/Archives/edgar/data/23217/000095012311066520/c64679e10vk.htm", "calculatedOtherExpenses": 0, "calculatedOperatingExpenses": 1511100000, "calculatedNetInterest": -135300000, "calculatedOtherIncome": -42200000, "calculatedIncomeNonControlling": -13100000, "calculatedEbitda": 1763300000}, {"date": "2010-05-30", "symbol": "CAG", "reportedCurrency": "USD", "cik": "0000023217", "fillingDate": "2010-07-22", "acceptedDate": "2010-07-22 11:36:17", "calendarYear": "2010", "period": "FY", "revenue": 12079400000, "costOfRevenue": 9014200000, "grossProfit": 3065200000, "grossProfitRatio": 0.2537543255, "researchAndDevelopmentExpenses": 0, "generalAndAdministrativeExpenses": 0, "sellingAndMarketingExpenses": 0, "sellingGeneralAndAdministrativeExpenses": 1820000000, "otherExpenses": 0, "operatingExpenses": 1820000000, "costAndExpenses": 10834200000, "interestIncome": 0, "interestExpense": 160400000, "depreciationAndAmortization": 326800000, "ebitda": 1572000000, "ebitdaratio": 0.1301389142, "operatingIncome": 1245200000, "operatingIncomeRatio": 0.1030845903, "totalOtherIncomeExpensesNet": -138300000, "incomeBeforeTax": 1084800000, "incomeBeforeTaxRatio": 0.0898057851, "incomeTaxExpense": 362100000, "netIncome": 725800000, "netIncomeRatio": 0.0600857658, "eps": 1.63, "epsdiluted": 1.62, "weightedAverageShsOut": 443600000, "weightedAverageShsOutDil": 447100000, "link": "https://www.sec.gov/Archives/edgar/data/23217/000095012310067148/0000950123-10-067148-index.htm", "finalLink": "https://www.sec.gov/Archives/edgar/data/23217/000095012310067148/c58842e10vk.htm", "calculatedOtherExpenses": 0, "calculatedOperatingExpenses": 1820000000, "calculatedNetInterest": -160400000, "calculatedOtherIncome": 0, "calculatedIncomeNonControlling": -3100000, "calculatedEbitda": 1572000000}, {"date": "2009-05-31", "symbol": "CAG", "reportedCurrency": "USD", "cik": "0000023217", "fillingDate": "2009-07-24", "acceptedDate": "2009-07-24 10:39:32", "calendarYear": "2009", "period": "FY", "revenue": 12731200000, "costOfRevenue": 9890600000, "grossProfit": 2840600000, "grossProfitRatio": 0.2231211512, "researchAndDevelopmentExpenses": 0, "generalAndAdministrativeExpenses": 0, "sellingAndMarketingExpenses": 0, "sellingGeneralAndAdministrativeExpenses": 1694800000, "otherExpenses": 0, "operatingExpenses": 1694800000, "costAndExpenses": 11585400000, "interestIncome": 0, "interestExpense": 186200000, "depreciationAndAmortization": 318900000, "ebitda": 1145800000, "ebitdaratio": 0.0899993716, "operatingIncome": 1145800000, "operatingIncomeRatio": 0.0899993716, "totalOtherIncomeExpensesNet": -162200000, "incomeBeforeTax": 959600000, "incomeBeforeTaxRatio": 0.0753738846, "incomeTaxExpense": 337200000, "netIncome": 978400000, "netIncomeRatio": 0.0768505718, "eps": 2.16, "epsdiluted": 2.15, "weightedAverageShsOut": 452900000, "weightedAverageShsOutDil": 455400000, "link": "https://www.sec.gov/Archives/edgar/data/23217/000095012309025102/0000950123-09-025102-index.htm", "finalLink": "https://www.sec.gov/Archives/edgar/data/23217/000095012309025102/c52384e10vk.htm", "calculatedOtherExpenses": 0, "calculatedOperatingExpenses": 1694800000, "calculatedNetInterest": -186200000, "calculatedOtherIncome": 0, "calculatedIncomeNonControlling": -356000000, "calculatedEbitda": 1464700000}, {"date": "2008-05-25", "symbol": "CAG", "reportedCurrency": "USD", "cik": "0000023217", "fillingDate": "2008-07-23", "acceptedDate": "2008-07-23 15:05:36", "calendarYear": "2008", "period": "FY", "revenue": 11605700000, "costOfRevenue": 8890100000, "grossProfit": 2715600000, "grossProfitRatio": 0.2339884712, "researchAndDevelopmentExpenses": 0, "generalAndAdministrativeExpenses": 0, "sellingAndMarketingExpenses": 0, "sellingGeneralAndAdministrativeExpenses": 1766100000, "otherExpenses": 0, "operatingExpenses": 1766100000, "costAndExpenses": 10656200000, "interestIncome": 0, "interestExpense": 253300000, "depreciationAndAmortization": 296700000, "ebitda": 1246200000, "ebitdaratio": 0.107378271, "operatingIncome": 949500000, "operatingIncomeRatio": 0.0818132469, "totalOtherIncomeExpensesNet": -253300000, "incomeBeforeTax": 696200000, "incomeBeforeTaxRatio": 0.0599877646, "incomeTaxExpense": 227200000, "netIncome": 930600000, "netIncomeRatio": 0.0801847368, "eps": 1.91, "epsdiluted": 1.9, "weightedAverageShsOut": 487225131, "weightedAverageShsOutDil": 489789474, "link": "https://www.sec.gov/Archives/edgar/data/23217/000119312508156175/0001193125-08-156175-index.htm", "finalLink": "https://www.sec.gov/Archives/edgar/data/23217/000119312508156175/d10k.htm", "calculatedOtherExpenses": 0, "calculatedOperatingExpenses": 1766100000, "calculatedNetInterest": -253300000, "calculatedOtherIncome": 0, "calculatedIncomeNonControlling": -461600000, "calculatedEbitda": 1246200000}, {"date": "2007-05-27", "symbol": "CAG", "reportedCurrency": "USD", "cik": "0000023217", "fillingDate": "2007-07-25", "acceptedDate": "2007-07-25 15:58:18", "calendarYear": "2007", "period": "FY", "revenue": 12028200000, "costOfRevenue": 8889700000, "grossProfit": 3138500000, "grossProfitRatio": 0.2609284847, "researchAndDevelopmentExpenses": 0, "generalAndAdministrativeExpenses": 0, "sellingAndMarketingExpenses": 0, "sellingGeneralAndAdministrativeExpenses": 1907800000, "otherExpenses": 0, "operatingExpenses": 1907800000, "costAndExpenses": 10797500000, "interestIncome": 0, "interestExpense": 225600000, "depreciationAndAmortization": 346000000, "ebitda": 1576700000, "ebitdaratio": 0.1310836202, "operatingIncome": 1230700000, "operatingIncomeRatio": 0.1023178863, "totalOtherIncomeExpensesNet": -225600000, "incomeBeforeTax": 1005100000, "incomeBeforeTaxRatio": 0.0835619627, "incomeTaxExpense": 365700000, "netIncome": 764600000, "netIncomeRatio": 0.0635672836, "eps": 1.52, "epsdiluted": 1.51, "weightedAverageShsOut": 504200000, "weightedAverageShsOutDil": 507100000, "link": "https://www.sec.gov/Archives/edgar/data/23217/000119312507161690/0001193125-07-161690-index.htm", "finalLink": "https://www.sec.gov/Archives/edgar/data/23217/000119312507161690/d10k.htm", "calculatedOtherExpenses": 0, "calculatedOperatingExpenses": 1907800000, "calculatedNetInterest": -225600000, "calculatedOtherIncome": 0, "calculatedIncomeNonControlling": -125200000, "calculatedEbitda": 1576700000}, {"date": "2006-05-28", "symbol": "CAG", "reportedCurrency": "USD", "cik": "0000023217", "fillingDate": "2006-07-28", "acceptedDate": "2006-07-28 12:34:27", "calendarYear": "2006", "period": "FY", "revenue": 11579400000, "costOfRevenue": 8769200000, "grossProfit": 2810200000, "grossProfitRatio": 0.242689604, "researchAndDevelopmentExpenses": 0, "generalAndAdministrativeExpenses": 0, "sellingAndMarketingExpenses": 0, "sellingGeneralAndAdministrativeExpenses": 1937600000, "otherExpenses": 0, "operatingExpenses": 1937600000, "costAndExpenses": 10706800000, "interestIncome": 0, "interestExpense": 246600000, "depreciationAndAmortization": 311200000, "ebitda": 854400000, "ebitdaratio": 0.0737862065, "operatingIncome": 872600000, "operatingIncomeRatio": 0.0753579633, "totalOtherIncomeExpensesNet": 82800000, "incomeBeforeTax": 955400000, "incomeBeforeTaxRatio": 0.0825085928, "incomeTaxExpense": 309700000, "netIncome": 533800000, "netIncomeRatio": 0.046099107, "eps": 1.03, "epsdiluted": 1.03, "weightedAverageShsOut": 518100000, "weightedAverageShsOutDil": 520200000, "link": "https://www.sec.gov/Archives/edgar/data/23217/000110465906049523/0001104659-06-049523-index.htm", "finalLink": "https://www.sec.gov/Archives/edgar/data/23217/000110465906049523/a06-16588_110k.htm", "calculatedOtherExpenses": 0, "calculatedOperatingExpenses": 1937600000, "calculatedNetInterest": -246600000, "calculatedOtherIncome": 329400000, "calculatedIncomeNonControlling": 111900000, "calculatedEbitda": 1183800000}, {"date": "2005-05-29", "symbol": "CAG", "reportedCurrency": "USD", "cik": "0000023217", "fillingDate": "2005-08-12", "acceptedDate": "2005-08-12 10:55:37", "calendarYear": "2005", "period": "FY", "revenue": 14566900000, "costOfRevenue": 11464900000, "grossProfit": 3102000000, "grossProfitRatio": 0.212948534, "researchAndDevelopmentExpenses": 0, "generalAndAdministrativeExpenses": 0, "sellingAndMarketingExpenses": 0, "sellingGeneralAndAdministrativeExpenses": 1834700000, "otherExpenses": 0, "operatingExpenses": 1834700000, "costAndExpenses": 13299600000, "interestIncome": 0, "interestExpense": 295000000, "depreciationAndAmortization": 350900000, "ebitda": 1432500000, "ebitdaratio": 0.0983393859, "operatingIncome": 1267300000, "operatingIncomeRatio": 0.0869986064, "totalOtherIncomeExpensesNet": -109300000, "incomeBeforeTax": 1158000000, "incomeBeforeTaxRatio": 0.0794952941, "incomeTaxExpense": 470000000, "netIncome": 641500000, "netIncomeRatio": 0.0440381962, "eps": 1.24, "epsdiluted": 1.23, "weightedAverageShsOut": 516200000, "weightedAverageShsOutDil": 520200000, "link": "https://www.sec.gov/Archives/edgar/data/23217/000110465905038863/0001104659-05-038863-index.htm", "finalLink": "https://www.sec.gov/Archives/edgar/data/23217/000110465905038863/a05-14105_110k.htm", "calculatedOtherExpenses": 0, "calculatedOperatingExpenses": 1834700000, "calculatedNetInterest": -295000000, "calculatedOtherIncome": 185700000, "calculatedIncomeNonControlling": 46500000, "calculatedEbitda": 1618200000}, {"date": "2004-05-30", "symbol": "CAG", "reportedCurrency": "USD", "cik": "0000023217", "fillingDate": "2004-08-05", "acceptedDate": "2004-08-05 12:02:51", "calendarYear": "2004", "period": "FY", "revenue": 14522100000, "costOfRevenue": 11326100000, "grossProfit": 3196000000, "grossProfitRatio": 0.2200783633, "researchAndDevelopmentExpenses": 0, "generalAndAdministrativeExpenses": 0, "sellingAndMarketingExpenses": 0, "sellingGeneralAndAdministrativeExpenses": 1813300000, "otherExpenses": 0, "operatingExpenses": 1813300000, "costAndExpenses": 13139400000, "interestIncome": 0, "interestExpense": 0, "depreciationAndAmortization": 352300000, "ebitda": 1735000000, "ebitdaratio": 0.119473079, "operatingIncome": 1382700000, "operatingIncomeRatio": 0.0952135022, "totalOtherIncomeExpensesNet": -231400000, "incomeBeforeTax": 1151300000, "incomeBeforeTaxRatio": 0.0792791676, "incomeTaxExpense": 355300000, "netIncome": 879800000, "netIncomeRatio": 0.0605835244, "eps": 1.54, "epsdiluted": 1.53, "weightedAverageShsOut": 527200000, "weightedAverageShsOutDil": 530700000, "link": "https://www.sec.gov/Archives/edgar/data/23217/000110465904022554/0001104659-04-022554-index.htm", "finalLink": "https://www.sec.gov/Archives/edgar/data/23217/000110465904022554/a04-7990_110k.htm", "calculatedOtherExpenses": 0, "calculatedOperatingExpenses": 1813300000, "calculatedNetInterest": 0, "calculatedOtherIncome": -231400000, "calculatedIncomeNonControlling": -83800000, "calculatedEbitda": 1735000000}, {"date": "2003-05-25", "symbol": "CAG", "reportedCurrency": "USD", "cik": "0000023217", "fillingDate": "2003-08-08", "acceptedDate": "2003-08-08 14:40:48", "calendarYear": "2003", "period": "FY", "revenue": 19839200000, "costOfRevenue": 16016300000, "grossProfit": 3822900000, "grossProfitRatio": 0.1926942619, "researchAndDevelopmentExpenses": 0, "generalAndAdministrativeExpenses": 0, "sellingAndMarketingExpenses": 0, "sellingGeneralAndAdministrativeExpenses": 2308400000, "otherExpenses": 0, "operatingExpenses": 2308400000, "costAndExpenses": 18324700000, "interestIncome": 0, "interestExpense": 0, "depreciationAndAmortization": 396700000, "ebitda": 1911200000, "ebitdaratio": 0.0963345296, "operatingIncome": 1514500000, "operatingIncomeRatio": 0.0763387637, "totalOtherIncomeExpensesNet": -276300000, "incomeBeforeTax": 1238200000, "incomeBeforeTaxRatio": 0.0624117908, "incomeTaxExpense": 436000000, "netIncome": 774800000, "netIncomeRatio": 0.0390539941, "eps": 1.44, "epsdiluted": 1.44, "weightedAverageShsOut": 528600000, "weightedAverageShsOutDil": 530700000, "link": "https://www.sec.gov/Archives/edgar/data/23217/000110465903017219/0001104659-03-017219-index.htm", "finalLink": "https://www.sec.gov/Archives/edgar/data/23217/000110465903017219/a03-1859_110k.htm", "calculatedOtherExpenses": 0, "calculatedOperatingExpenses": 2308400000, "calculatedNetInterest": 0, "calculatedOtherIncome": -276300000, "calculatedIncomeNonControlling": 27400000, "calculatedEbitda": 1911200000}, {"date": "2002-05-26", "symbol": "CAG", "reportedCurrency": "USD", "cik": "0000023217", "fillingDate": "2002-08-23", "acceptedDate": "2002-08-23 13:43:08", "calendarYear": "2002", "period": "FY", "revenue": 27629600000, "costOfRevenue": 23536500000, "grossProfit": 4093100000, "grossProfitRatio": 0.1481418479, "researchAndDevelopmentExpenses": 0, "generalAndAdministrativeExpenses": 0, "sellingAndMarketingExpenses": 0, "sellingGeneralAndAdministrativeExpenses": 2423400000, "otherExpenses": 0, "operatingExpenses": 2423400000, "costAndExpenses": 25959900000, "interestIncome": 0, "interestExpense": 0, "depreciationAndAmortization": 623200000, "ebitda": 2292900000, "ebitdaratio": 0.0829870863, "operatingIncome": 1669700000, "operatingIncomeRatio": 0.0604315661, "totalOtherIncomeExpensesNet": -401500000, "incomeBeforeTax": 1268200000, "incomeBeforeTaxRatio": 0.0459000492, "incomeTaxExpense": 483200000, "netIncome": 783000000, "netIncomeRatio": 0.0283391725, "eps": 1.48, "epsdiluted": 1.47, "weightedAverageShsOut": 525800000, "weightedAverageShsOutDil": 528000000, "link": "https://www.sec.gov/Archives/edgar/data/23217/000091205702033303/0000912057-02-033303-index.htm", "finalLink": "https://www.sec.gov/Archives/edgar/data/23217/000091205702033303/a2087784z10-k.htm", "calculatedOtherExpenses": 0, "calculatedOperatingExpenses": 2423400000, "calculatedNetInterest": 0, "calculatedOtherIncome": -401500000, "calculatedIncomeNonControlling": 2000000, "calculatedEbitda": 2292900000}, {"date": "2001-05-27", "symbol": "CAG", "reportedCurrency": "USD", "cik": "0000023217", "fillingDate": "2001-08-24", "acceptedDate": "2001-08-24 00:00:00", "calendarYear": "2001", "period": "FY", "revenue": 27194200000, "costOfRevenue": 23311700000, "grossProfit": 3882500000, "grossProfitRatio": 0.1427694141, "researchAndDevelopmentExpenses": 0, "generalAndAdministrativeExpenses": 0, "sellingAndMarketingExpenses": 0, "sellingGeneralAndAdministrativeExpenses": 2355100000, "otherExpenses": 0, "operatingExpenses": 2355100000, "costAndExpenses": 25666800000, "interestIncome": 0, "interestExpense": 0, "depreciationAndAmortization": 592900000, "ebitda": 2120300000, "ebitdaratio": 0.0779688316, "operatingIncome": 1527400000, "operatingIncomeRatio": 0.0561663884, "totalOtherIncomeExpensesNet": -423300000, "incomeBeforeTax": 1104100000, "incomeBeforeTaxRatio": 0.0406005692, "incomeTaxExpense": 421600000, "netIncome": 638600000, "netIncomeRatio": 0.0234829486, "eps": 1.25, "epsdiluted": 1.25, "weightedAverageShsOut": 511600000, "weightedAverageShsOutDil": 514300000, "link": "https://www.sec.gov/Archives/edgar/data/23217/000091205701530190/0000912057-01-530190-index.htm", "finalLink": "https://www.sec.gov/Archives/edgar/data/23217/000091205701530190/a2057835z10-k405.htm", "calculatedOtherExpenses": 0, "calculatedOperatingExpenses": 2355100000, "calculatedNetInterest": 0, "calculatedOtherIncome": -423300000, "calculatedIncomeNonControlling": 43900000, "calculatedEbitda": 2120300000}, {"date": "2000-05-28", "symbol": "CAG", "reportedCurrency": "USD", "cik": "0000023217", "fillingDate": "2000-08-25", "acceptedDate": "2000-08-25 00:00:00", "calendarYear": "2000", "period": "FY", "revenue": 25534600000, "costOfRevenue": 21709800000, "grossProfit": 3824800000, "grossProfitRatio": 0.1497889139, "researchAndDevelopmentExpenses": 0, "generalAndAdministrativeExpenses": 0, "sellingAndMarketingExpenses": 0, "sellingGeneralAndAdministrativeExpenses": 2108100000, "otherExpenses": 0, "operatingExpenses": 2581200000, "costAndExpenses": 24291000000, "interestIncome": 0, "interestExpense": 0, "depreciationAndAmortization": 536500000, "ebitda": 2102300000, "ebitdaratio": 0.0823314248, "operatingIncome": 1243600000, "operatingIncomeRatio": 0.0487025448, "totalOtherIncomeExpensesNet": -626000000, "incomeBeforeTax": 617600000, "incomeBeforeTaxRatio": 0.0241867897, "incomeTaxExpense": 235300000, "netIncome": 382300000, "netIncomeRatio": 0.0149718421, "eps": 0.8, "epsdiluted": 0.8, "weightedAverageShsOut": 475700000, "weightedAverageShsOutDil": 478600000, "link": "https://www.sec.gov/Archives/edgar/data/23217/000091205700039144/0000912057-00-039144-index.htm", "finalLink": "https://www.sec.gov/Archives/edgar/data/23217/000091205700039144/a10-k.txt", "calculatedOtherExpenses": 473100000, "calculatedOperatingExpenses": 2581200000, "calculatedNetInterest": 0, "calculatedOtherIncome": -626000000, "calculatedIncomeNonControlling": 0, "calculatedEbitda": 1780100000}, {"date": "1999-05-30", "symbol": "CAG", "reportedCurrency": "USD", "cik": "0000023217", "fillingDate": "1999-08-25", "acceptedDate": "1999-08-25 00:00:00", "calendarYear": "1999", "period": "FY", "revenue": 24594300000, "costOfRevenue": 20056400000, "grossProfit": 4537900000, "grossProfitRatio": 0.184510232, "researchAndDevelopmentExpenses": 0, "generalAndAdministrativeExpenses": 0, "sellingAndMarketingExpenses": 0, "sellingGeneralAndAdministrativeExpenses": 2598400000, "otherExpenses": 0, "operatingExpenses": 3098200000, "costAndExpenses": 23154600000, "interestIncome": 0, "interestExpense": 0, "depreciationAndAmortization": 499800000, "ebitda": 2342700000, "ebitdaratio": 0.0952537783, "operatingIncome": 1439700000, "operatingIncomeRatio": 0.0585379539, "totalOtherIncomeExpensesNet": -757400000, "incomeBeforeTax": 682300000, "incomeBeforeTaxRatio": 0.0277422004, "incomeTaxExpense": 323900000, "netIncome": 358400000, "netIncomeRatio": 0.0145724822, "eps": 0.66, "epsdiluted": 0.65, "weightedAverageShsOut": 471578947, "weightedAverageShsOutDil": 477866667, "link": "https://www.sec.gov/Archives/edgar/data/23217/000104746999033682/0001047469-99-033682-index.html", "finalLink": "https://www.sec.gov/Archives/edgar/data/23217/000104746999033682/", "calculatedOtherExpenses": 499800000, "calculatedOperatingExpenses": 3098200000, "calculatedNetInterest": 0, "calculatedOtherIncome": -757400000, "calculatedIncomeNonControlling": 0, "calculatedEbitda": 1939500000}, {"date": "1998-05-31", "symbol": "CAG", "reportedCurrency": "USD", "cik": "0000023217", "fillingDate": "1998-08-28", "acceptedDate": "1998-08-28 00:00:00", "calendarYear": "1998", "period": "FY", "revenue": 23840500000, "costOfRevenue": 19716100000, "grossProfit": 4124400000, "grossProfitRatio": 0.1729997274, "researchAndDevelopmentExpenses": 0, "generalAndAdministrativeExpenses": 0, "sellingAndMarketingExpenses": 0, "sellingGeneralAndAdministrativeExpenses": 2357700000, "otherExpenses": 0, "operatingExpenses": 2804000000, "costAndExpenses": 22520100000, "interestIncome": 0, "interestExpense": 0, "depreciationAndAmortization": 446300000, "ebitda": 1728900000, "ebitdaratio": 0.0725194522, "operatingIncome": 1320400000, "operatingIncomeRatio": 0.0553847444, "totalOtherIncomeExpensesNet": -299300000, "incomeBeforeTax": 1021100000, "incomeBeforeTaxRatio": 0.0428304775, "incomeTaxExpense": 393100000, "netIncome": 613200000, "netIncomeRatio": 0.0257209371, "eps": 1.35, "epsdiluted": 1.32, "weightedAverageShsOut": 450882353, "weightedAverageShsOutDil": 461052632, "link": "https://www.sec.gov/Archives/edgar/data/23217/000104746998033094/0001047469-98-033094-index.html", "finalLink": "https://www.sec.gov/Archives/edgar/data/23217/", "calculatedOtherExpenses": 446300000, "calculatedOperatingExpenses": 2804000000, "calculatedNetInterest": 0, "calculatedOtherIncome": -299300000, "calculatedIncomeNonControlling": 14800000, "calculatedEbitda": 1766700000}, {"date": "1997-05-25", "symbol": "CAG", "reportedCurrency": "USD", "cik": "0000023217", "fillingDate": "1997-08-22", "acceptedDate": "1997-08-22 00:00:00", "calendarYear": "1997", "period": "FY", "revenue": 24002100000, "costOfRevenue": 20028000000, "grossProfit": 3974100000, "grossProfitRatio": 0.1655730124, "researchAndDevelopmentExpenses": 0, "generalAndAdministrativeExpenses": 0, "sellingAndMarketingExpenses": 0, "sellingGeneralAndAdministrativeExpenses": 2265400000, "otherExpenses": 0, "operatingExpenses": 2679200000, "costAndExpenses": 22707200000, "interestIncome": 0, "interestExpense": 0, "depreciationAndAmortization": 413800000, "ebitda": 1665200000, "ebitdaratio": 0.0693772628, "operatingIncome": 1294900000, "operatingIncomeRatio": 0.0539494461, "totalOtherIncomeExpensesNet": -277200000, "incomeBeforeTax": 1017700000, "incomeBeforeTaxRatio": 0.0424004566, "incomeTaxExpense": 402700000, "netIncome": 615000000, "netIncomeRatio": 0.025622758, "eps": 1.36, "epsdiluted": 1.34, "weightedAverageShsOut": 452205882, "weightedAverageShsOutDil": 452205882, "link": "https://www.sec.gov/Archives/edgar/data/23217/000091205797028887/0000912057-97-028887-index.html", "finalLink": "https://www.sec.gov/Archives/edgar/data/23217/", "calculatedOtherExpenses": 413800000, "calculatedOperatingExpenses": 2679200000, "calculatedNetInterest": 0, "calculatedOtherIncome": -277200000, "calculatedIncomeNonControlling": 0, "calculatedEbitda": 1708700000}, {"date": "1996-05-26", "symbol": "CAG", "reportedCurrency": "USD", "cik": "0000023217", "fillingDate": "1996-08-26", "acceptedDate": "1996-08-26 00:00:00", "calendarYear": "1996", "period": "FY", "revenue": 24821600000, "costOfRevenue": 20914300000, "grossProfit": 3907300000, "grossProfitRatio": 0.1574153157, "researchAndDevelopmentExpenses": 0, "generalAndAdministrativeExpenses": 0, "sellingAndMarketingExpenses": 0, "sellingGeneralAndAdministrativeExpenses": 2278100000, "otherExpenses": 0, "operatingExpenses": 2686000000, "costAndExpenses": 23600300000, "interestIncome": 0, "interestExpense": 0, "depreciationAndAmortization": 407900000, "ebitda": 2137000000, "ebitdaratio": 0.0860943694, "operatingIncome": 1221300000, "operatingIncomeRatio": 0.0492031134, "totalOtherIncomeExpensesNet": -812700000, "incomeBeforeTax": 408600000, "incomeBeforeTaxRatio": 0.016461469, "incomeTaxExpense": 219700000, "netIncome": 188900000, "netIncomeRatio": 0.0076103072, "eps": 0.4, "epsdiluted": 0.39, "weightedAverageShsOut": 450750000, "weightedAverageShsOutDil": 450750000, "link": "https://www.sec.gov/Archives/edgar/data/23217/000002321796000029/0000023217-96-000029-index.html", "finalLink": "https://www.sec.gov/Archives/edgar/data/23217/", "calculatedOtherExpenses": 407900000, "calculatedOperatingExpenses": 2686000000, "calculatedNetInterest": 0, "calculatedOtherIncome": -812700000, "calculatedIncomeNonControlling": 0, "calculatedEbitda": 1629200000}, {"date": "1995-05-28", "symbol": "CAG", "reportedCurrency": "USD", "cik": "0000023217", "fillingDate": "1995-08-24", "acceptedDate": "1995-08-24 00:00:00", "calendarYear": "1995", "period": "FY", "revenue": 24108900000, "costOfRevenue": 20402600000, "grossProfit": 3706300000, "grossProfitRatio": 0.1537316095, "researchAndDevelopmentExpenses": 0, "generalAndAdministrativeExpenses": 0, "sellingAndMarketingExpenses": 0, "sellingGeneralAndAdministrativeExpenses": 2229900000, "otherExpenses": 0, "operatingExpenses": 2605700000, "costAndExpenses": 23008300000, "interestIncome": 0, "interestExpense": 0, "depreciationAndAmortization": 375800000, "ebitda": 1473000000, "ebitdaratio": 0.0610977689, "operatingIncome": 1100600000, "operatingIncomeRatio": 0.0456511911, "totalOtherIncomeExpensesNet": -274700000, "incomeBeforeTax": 825900000, "incomeBeforeTaxRatio": 0.0342570586, "incomeTaxExpense": 330300000, "netIncome": 495600000, "netIncomeRatio": 0.0205567239, "eps": 1.04, "epsdiluted": 1.04, "weightedAverageShsOut": 453461538, "weightedAverageShsOutDil": 453461538, "link": "https://www.sec.gov/Archives/edgar/data/23217/000002321795000021/0000023217-95-000021-index.html", "finalLink": "https://www.sec.gov/Archives/edgar/data/23217/", "calculatedOtherExpenses": 375800000, "calculatedOperatingExpenses": 2605700000, "calculatedNetInterest": 0, "calculatedOtherIncome": -274700000, "calculatedIncomeNonControlling": 0, "calculatedEbitda": 1476400000}, {"date": "1994-05-29", "symbol": "CAG", "reportedCurrency": "USD", "cik": "0000023217", "fillingDate": "1994-08-26", "acceptedDate": "1994-08-26 00:00:00", "calendarYear": "1994", "period": "FY", "revenue": 23512200000, "costOfRevenue": 20157400000, "grossProfit": 3354800000, "grossProfitRatio": 0.1426833729, "researchAndDevelopmentExpenses": 0, "generalAndAdministrativeExpenses": 0, "sellingAndMarketingExpenses": 0, "sellingGeneralAndAdministrativeExpenses": 2091000000, "otherExpenses": 0, "operatingExpenses": 2385800000, "costAndExpenses": 22543200000, "interestIncome": 0, "interestExpense": 0, "depreciationAndAmortization": 294800000, "ebitda": 1258600000, "ebitdaratio": 0.0535296569, "operatingIncome": 969000000, "operatingIncomeRatio": 0.0412126471, "totalOtherIncomeExpensesNet": -249000000, "incomeBeforeTax": 720000000, "incomeBeforeTaxRatio": 0.0306224003, "incomeTaxExpense": 282900000, "netIncome": 437100000, "netIncomeRatio": 0.0185903488, "eps": 0.91, "epsdiluted": 0.91, "weightedAverageShsOut": 453956044, "weightedAverageShsOutDil": 453956044, "link": "https://www.sec.gov/Archives/edgar/data/23217/000002321794000020/0000023217-94-000020-index.html", "finalLink": "https://www.sec.gov/Archives/edgar/data/23217/", "calculatedOtherExpenses": 294800000, "calculatedOperatingExpenses": 2385800000, "calculatedNetInterest": 0, "calculatedOtherIncome": -249000000, "calculatedIncomeNonControlling": 0, "calculatedEbitda": 1263800000}, {"date": "1993-05-31", "symbol": "CAG", "reportedCurrency": "USD", "cik": "0000023217", "fillingDate": "1993-05-31", "acceptedDate": "1993-05-30 20:00:00", "calendarYear": "1993", "period": "FY", "revenue": 21519100000, "costOfRevenue": 18363400000, "grossProfit": 3155700000, "grossProfitRatio": 0.1466464676, "researchAndDevelopmentExpenses": 0, "generalAndAdministrativeExpenses": 0, "sellingAndMarketingExpenses": 0, "sellingGeneralAndAdministrativeExpenses": 2014300000, "otherExpenses": 0, "operatingExpenses": 2291300000, "costAndExpenses": 20654700000, "interestIncome": 0, "interestExpense": 0, "depreciationAndAmortization": 277000000, "ebitda": 1116000000, "ebitdaratio": 0.051860905, "operatingIncome": 864400000, "operatingIncomeRatio": 0.0401689662, "totalOtherIncomeExpensesNet": -233000000, "incomeBeforeTax": 631400000, "incomeBeforeTaxRatio": 0.0293413758, "incomeTaxExpense": 239900000, "netIncome": 270300000, "netIncomeRatio": 0.0125609342, "eps": 0.54, "epsdiluted": 0.53, "weightedAverageShsOut": 456111111, "weightedAverageShsOutDil": 464716981, "link": "", "finalLink": "", "calculatedOtherExpenses": 277000000, "calculatedOperatingExpenses": 2291300000, "calculatedNetInterest": 0, "calculatedOtherIncome": -233000000, "calculatedIncomeNonControlling": 121200000, "calculatedEbitda": 1141400000}, {"date": "1992-05-31", "symbol": "CAG", "reportedCurrency": "USD", "cik": "0000023217", "fillingDate": "1992-05-31", "acceptedDate": "1992-05-30 20:00:00", "calendarYear": "1992", "period": "FY", "revenue": 21219000000, "costOfRevenue": 17875700000, "grossProfit": 3343300000, "grossProfitRatio": 0.1575616193, "researchAndDevelopmentExpenses": 0, "generalAndAdministrativeExpenses": 0, "sellingAndMarketingExpenses": 0, "sellingGeneralAndAdministrativeExpenses": 2136300000, "otherExpenses": 0, "operatingExpenses": 2455600000, "costAndExpenses": 20331300000, "interestIncome": 0, "interestExpense": 0, "depreciationAndAmortization": 319300000, "ebitda": 1189500000, "ebitdaratio": 0.0560582497, "operatingIncome": 887700000, "operatingIncomeRatio": 0.0418351477, "totalOtherIncomeExpensesNet": -300000000, "incomeBeforeTax": 587700000, "incomeBeforeTaxRatio": 0.0276968754, "incomeTaxExpense": 215300000, "netIncome": 372400000, "netIncomeRatio": 0.0175503087, "eps": 0.75, "epsdiluted": 0.75, "weightedAverageShsOut": 463866667, "weightedAverageShsOutDil": 463866667, "link": "", "finalLink": "", "calculatedOtherExpenses": 319300000, "calculatedOperatingExpenses": 2455600000, "calculatedNetInterest": 0, "calculatedOtherIncome": -300000000, "calculatedIncomeNonControlling": 0, "calculatedEbitda": 1207000000}, {"date": "1991-05-31", "symbol": "CAG", "reportedCurrency": "USD", "cik": "0000023217", "fillingDate": "1991-05-31", "acceptedDate": "1991-05-30 20:00:00", "calendarYear": "1991", "period": "FY", "revenue": 19504700000, "costOfRevenue": 16681400000, "grossProfit": 2823300000, "grossProfitRatio": 0.144749727, "researchAndDevelopmentExpenses": 0, "generalAndAdministrativeExpenses": 0, "sellingAndMarketingExpenses": 0, "sellingGeneralAndAdministrativeExpenses": 1782900000, "otherExpenses": 0, "operatingExpenses": 2033700000, "costAndExpenses": 18715100000, "interestIncome": 0, "interestExpense": 0, "depreciationAndAmortization": 250800000, "ebitda": 1016800000, "ebitdaratio": 0.0521310248, "operatingIncome": 789600000, "operatingIncomeRatio": 0.0404825504, "totalOtherIncomeExpensesNet": -274400000, "incomeBeforeTax": 515200000, "incomeBeforeTaxRatio": 0.0264141463, "incomeTaxExpense": 204000000, "netIncome": 311200000, "netIncomeRatio": 0.0159551288, "eps": 0.71, "epsdiluted": 0.71, "weightedAverageShsOut": 410845070, "weightedAverageShsOutDil": 410845070, "link": "", "finalLink": "", "calculatedOtherExpenses": 250800000, "calculatedOperatingExpenses": 2033700000, "calculatedNetInterest": 0, "calculatedOtherIncome": -274400000, "calculatedIncomeNonControlling": 0, "calculatedEbitda": 1040400000}, {"date": "1990-05-31", "symbol": "CAG", "reportedCurrency": "USD", "cik": "0000023217", "fillingDate": "1990-05-31", "acceptedDate": "1990-05-30 20:00:00", "calendarYear": "1990", "period": "FY", "revenue": 15501200000, "costOfRevenue": 13716900000, "grossProfit": 1784300000, "grossProfitRatio": 0.1151072175, "researchAndDevelopmentExpenses": 0, "generalAndAdministrativeExpenses": 0, "sellingAndMarketingExpenses": 0, "sellingGeneralAndAdministrativeExpenses": 1151300000, "otherExpenses": 0, "operatingExpenses": 1281000000, "costAndExpenses": 14997900000, "interestIncome": 0, "interestExpense": 0, "depreciationAndAmortization": 129700000, "ebitda": 608900000, "ebitdaratio": 0.0392808299, "operatingIncome": 503300000, "operatingIncomeRatio": 0.0324684541, "totalOtherIncomeExpensesNet": -146400000, "incomeBeforeTax": 356900000, "incomeBeforeTaxRatio": 0.0230240239, "incomeTaxExpense": 125200000, "netIncome": 231700000, "netIncomeRatio": 0.0149472299, "eps": 0.63, "epsdiluted": 0.63, "weightedAverageShsOut": 365714286, "weightedAverageShsOutDil": 365714286, "link": "", "finalLink": "", "calculatedOtherExpenses": 129700000, "calculatedOperatingExpenses": 1281000000, "calculatedNetInterest": 0, "calculatedOtherIncome": -146400000, "calculatedIncomeNonControlling": 0, "calculatedEbitda": 633000000}, {"date": "1989-05-31", "symbol": "CAG", "reportedCurrency": "USD", "cik": "0000023217", "fillingDate": "1989-05-31", "acceptedDate": "1989-05-30 20:00:00", "calendarYear": "1989", "period": "FY", "revenue": 11340400000, "costOfRevenue": 9772300000, "grossProfit": 1568100000, "grossProfitRatio": 0.1382755458, "researchAndDevelopmentExpenses": 0, "generalAndAdministrativeExpenses": 0, "sellingAndMarketingExpenses": 0, "sellingGeneralAndAdministrativeExpenses": 1022000000, "otherExpenses": 0, "operatingExpenses": 1123700000, "costAndExpenses": 10896000000, "interestIncome": 0, "interestExpense": 0, "depreciationAndAmortization": 101700000, "ebitda": 546100000, "ebitdaratio": 0.0481552679, "operatingIncome": 444400000, "operatingIncomeRatio": 0.0391873303, "totalOtherIncomeExpensesNet": -132200000, "incomeBeforeTax": 312200000, "incomeBeforeTaxRatio": 0.0275298931, "incomeTaxExpense": 114300000, "netIncome": 197900000, "netIncomeRatio": 0.0174508836, "eps": 0.55, "epsdiluted": 0.54, "weightedAverageShsOut": 358181818, "weightedAverageShsOutDil": 364814815, "link": "", "finalLink": "", "calculatedOtherExpenses": 101700000, "calculatedOperatingExpenses": 1123700000, "calculatedNetInterest": 0, "calculatedOtherIncome": -132200000, "calculatedIncomeNonControlling": 0, "calculatedEbitda": 546100000}, {"date": "1988-05-31", "symbol": "CAG", "reportedCurrency": "USD", "cik": "0000023217", "fillingDate": "1988-05-31", "acceptedDate": "1988-05-30 20:00:00", "calendarYear": "1988", "period": "FY", "revenue": 9475000000, "costOfRevenue": 8299800000, "grossProfit": 1175200000, "grossProfitRatio": 0.1240316623, "researchAndDevelopmentExpenses": 0, "generalAndAdministrativeExpenses": 0, "sellingAndMarketingExpenses": 0, "sellingGeneralAndAdministrativeExpenses": 788600000, "otherExpenses": 0, "operatingExpenses": 878100000, "costAndExpenses": 9177900000, "interestIncome": 0, "interestExpense": 0, "depreciationAndAmortization": 89500000, "ebitda": 376100000, "ebitdaratio": 0.0396939314, "operatingIncome": 297100000, "operatingIncomeRatio": 0.0313562005, "totalOtherIncomeExpensesNet": -57000000, "incomeBeforeTax": 240100000, "incomeBeforeTaxRatio": 0.0253403694, "incomeTaxExpense": 85400000, "netIncome": 154700000, "netIncomeRatio": 0.0163271768, "eps": 0.43, "epsdiluted": 0.43, "weightedAverageShsOut": 356976744, "weightedAverageShsOutDil": 356976744, "link": "", "finalLink": "", "calculatedOtherExpenses": 89500000, "calculatedOperatingExpenses": 878100000, "calculatedNetInterest": 0, "calculatedOtherIncome": -57000000, "calculatedIncomeNonControlling": 0, "calculatedEbitda": 386600000}, {"date": "1987-05-31", "symbol": "CAG", "reportedCurrency": "USD", "cik": "0000023217", "fillingDate": "1987-05-31", "acceptedDate": "1987-05-30 20:00:00", "calendarYear": "1987", "period": "FY", "revenue": 9001600000, "costOfRevenue": 7819800000, "grossProfit": 1181800000, "grossProfitRatio": 0.1312877711, "researchAndDevelopmentExpenses": 0, "generalAndAdministrativeExpenses": 0, "sellingAndMarketingExpenses": 0, "sellingGeneralAndAdministrativeExpenses": 782700000, "otherExpenses": 0, "operatingExpenses": 860100000, "costAndExpenses": 8679900000, "interestIncome": 0, "interestExpense": 0, "depreciationAndAmortization": 77400000, "ebitda": 389100000, "ebitdaratio": 0.0432256488, "operatingIncome": 321700000, "operatingIncomeRatio": 0.035738091, "totalOtherIncomeExpensesNet": -50200000, "incomeBeforeTax": 271500000, "incomeBeforeTaxRatio": 0.0301613047, "incomeTaxExpense": 122800000, "netIncome": 148700000, "netIncomeRatio": 0.0165192855, "eps": 0.41, "epsdiluted": 0.41, "weightedAverageShsOut": 359268293, "weightedAverageShsOutDil": 359268293, "link": "", "finalLink": "", "calculatedOtherExpenses": 77400000, "calculatedOperatingExpenses": 860100000, "calculatedNetInterest": 0, "calculatedOtherIncome": -50200000, "calculatedIncomeNonControlling": 0, "calculatedEbitda": 399100000}, {"date": "1986-05-31", "symbol": "CAG", "reportedCurrency": "USD", "cik": "0000023217", "fillingDate": "1986-05-31", "acceptedDate": "1986-05-30 20:00:00", "calendarYear": "1986", "period": "FY", "revenue": 5911000000, "costOfRevenue": 5096500000, "grossProfit": 814500000, "grossProfitRatio": 0.1377939435, "researchAndDevelopmentExpenses": 0, "generalAndAdministrativeExpenses": 0, "sellingAndMarketingExpenses": 0, "sellingGeneralAndAdministrativeExpenses": 540700000, "otherExpenses": 0, "operatingExpenses": 594300000, "costAndExpenses": 5690800000, "interestIncome": 0, "interestExpense": 0, "depreciationAndAmortization": 53600000, "ebitda": 270700000, "ebitdaratio": 0.0457959736, "operatingIncome": 220200000, "operatingIncomeRatio": 0.0372525799, "totalOtherIncomeExpensesNet": -39900000, "incomeBeforeTax": 180300000, "incomeBeforeTaxRatio": 0.0305024531, "incomeTaxExpense": 75000000, "netIncome": 105300000, "netIncomeRatio": 0.0178142446, "eps": 0.34, "epsdiluted": 0.34, "weightedAverageShsOut": 304705882, "weightedAverageShsOutDil": 304705882, "link": "", "finalLink": "", "calculatedOtherExpenses": 53600000, "calculatedOperatingExpenses": 594300000, "calculatedNetInterest": 0, "calculatedOtherIncome": -39900000, "calculatedIncomeNonControlling": 0, "calculatedEbitda": 273800000}]}