{"originalCurrency": "USD", "convertedCurrency": "USD", "report": [{"date": "2023-06-30", "symbol": "CAH", "reportedCurrency": "USD", "cik": "0000721371", "fillingDate": "2023-08-15", "acceptedDate": "2023-08-15 08:50:31", "calendarYear": "2023", "period": "FY", "revenue": 205012000000, "costOfRevenue": 198123000000, "grossProfit": 6889000000, "grossProfitRatio": 0.033602911, "researchAndDevelopmentExpenses": 0, "generalAndAdministrativeExpenses": 0, "sellingAndMarketingExpenses": 4834000000, "sellingGeneralAndAdministrativeExpenses": 4834000000, "otherExpenses": 4000000, "operatingExpenses": 5119000000, "costAndExpenses": 203242000000, "interestIncome": 93000000, "interestExpense": 93000000, "depreciationAndAmortization": 692000000, "ebitda": 2466000000, "ebitdaratio": 0.0120285642, "operatingIncome": 727000000, "operatingIncomeRatio": 0.0035461339, "totalOtherIncomeExpensesNet": -1039000000, "incomeBeforeTax": 638000000, "incomeBeforeTaxRatio": 0.003112013, "incomeTaxExpense": 376000000, "netIncome": 261000000, "netIncomeRatio": 0.0012730962, "eps": 1, "epsdiluted": 1, "weightedAverageShsOut": 261000000, "weightedAverageShsOutDil": 262000000, "link": "https://www.sec.gov/Archives/edgar/data/721371/000072137123000060/0000721371-23-000060-index.htm", "finalLink": "https://www.sec.gov/Archives/edgar/data/721371/000072137123000060/cah-20230630.htm", "calculatedOtherExpenses": 1328000000, "calculatedOperatingExpenses": 6162000000, "calculatedNetInterest": 0, "calculatedOtherIncome": -89000000, "calculatedIncomeNonControlling": 1000000, "calculatedEbitda": 1419000000}, {"date": "2022-06-30", "symbol": "CAH", "reportedCurrency": "USD", "cik": "0000721371", "fillingDate": "2022-08-11", "acceptedDate": "2022-08-11 16:17:06", "calendarYear": "2022", "period": "FY", "revenue": 181364000000, "costOfRevenue": 174819000000, "grossProfit": 6545000000, "grossProfitRatio": 0.0360876469, "researchAndDevelopmentExpenses": 0, "generalAndAdministrativeExpenses": 0, "sellingAndMarketingExpenses": 0, "sellingGeneralAndAdministrativeExpenses": 4557000000, "otherExpenses": 324000000, "operatingExpenses": 4881000000, "costAndExpenses": 179700000000, "interestIncome": 149000000, "interestExpense": 149000000, "depreciationAndAmortization": 692000000, "ebitda": 2340000000, "ebitdaratio": 0.0129022298, "operatingIncome": 1648000000, "operatingIncomeRatio": 0.0090866986, "totalOtherIncomeExpensesNet": -2417000000, "incomeBeforeTax": -769000000, "incomeBeforeTaxRatio": -0.0042400917, "incomeTaxExpense": 163000000, "netIncome": -932000000, "netIncomeRatio": -0.0051388368, "eps": -3.34, "epsdiluted": -3.34, "weightedAverageShsOut": 279000000, "weightedAverageShsOutDil": 279000000, "link": "https://www.sec.gov/Archives/edgar/data/721371/000072137122000058/0000721371-22-000058-index.htm", "finalLink": "https://www.sec.gov/Archives/edgar/data/721371/000072137122000058/cah-20220630.htm", "calculatedOtherExpenses": 340000000, "calculatedOperatingExpenses": 4897000000, "calculatedNetInterest": 0, "calculatedOtherIncome": -2417000000, "calculatedIncomeNonControlling": 0, "calculatedEbitda": 2340000000}, {"date": "2021-06-30", "symbol": "CAH", "reportedCurrency": "USD", "cik": "0000721371", "fillingDate": "2021-08-16", "acceptedDate": "2021-08-16 08:50:00", "calendarYear": "2021", "period": "FY", "revenue": 162467000000, "costOfRevenue": 155689000000, "grossProfit": 6778000000, "grossProfitRatio": 0.0417192414, "researchAndDevelopmentExpenses": 0, "generalAndAdministrativeExpenses": 0, "sellingAndMarketingExpenses": 4533000000, "sellingGeneralAndAdministrativeExpenses": 4533000000, "otherExpenses": 451000000, "operatingExpenses": 4984000000, "costAndExpenses": 160673000000, "interestIncome": 180000000, "interestExpense": 180000000, "depreciationAndAmortization": 783000000, "ebitda": 2624000000, "ebitdaratio": 0.0161509722, "operatingIncome": 1841000000, "operatingIncomeRatio": 0.0113315319, "totalOtherIncomeExpensesNet": -1518000000, "incomeBeforeTax": 323000000, "incomeBeforeTaxRatio": 0.001988096, "incomeTaxExpense": -289000000, "netIncome": 611000000, "netIncomeRatio": 0.0037607637, "eps": 2.09, "epsdiluted": 2.08, "weightedAverageShsOut": 292000000, "weightedAverageShsOutDil": 294000000, "link": "https://www.sec.gov/Archives/edgar/data/721371/000072137121000080/0000721371-21-000080-index.htm", "finalLink": "https://www.sec.gov/Archives/edgar/data/721371/000072137121000080/cah-20210630.htm", "calculatedOtherExpenses": 404000000, "calculatedOperatingExpenses": 4937000000, "calculatedNetInterest": 0, "calculatedOtherIncome": -1518000000, "calculatedIncomeNonControlling": 1000000, "calculatedEbitda": 2624000000}, {"date": "2020-06-30", "symbol": "CAH", "reportedCurrency": "USD", "cik": "0000721371", "fillingDate": "2020-08-13", "acceptedDate": "2020-08-13 10:04:19", "calendarYear": "2020", "period": "FY", "revenue": 152922000000, "costOfRevenue": 146054000000, "grossProfit": 6868000000, "grossProfitRatio": 0.0449117851, "researchAndDevelopmentExpenses": 0, "generalAndAdministrativeExpenses": 0, "sellingAndMarketingExpenses": 0, "sellingGeneralAndAdministrativeExpenses": 4572000000, "otherExpenses": 524000000, "operatingExpenses": 5096000000, "costAndExpenses": 151150000000, "interestIncome": 238000000, "interestExpense": 238000000, "depreciationAndAmortization": 913000000, "ebitda": 2686000000, "ebitdaratio": 0.01756451, "operatingIncome": 1773000000, "operatingIncomeRatio": 0.011594146, "totalOtherIncomeExpensesNet": -5545000000, "incomeBeforeTax": -3772000000, "incomeBeforeTaxRatio": -0.0246661697, "incomeTaxExpense": -79000000, "netIncome": -3693000000, "netIncomeRatio": -0.0241495664, "eps": -12.6, "epsdiluted": -12.6, "weightedAverageShsOut": 293000000, "weightedAverageShsOutDil": 293000000, "link": "https://www.sec.gov/Archives/edgar/data/721371/000072137120000089/0000721371-20-000089-index.htm", "finalLink": "https://www.sec.gov/Archives/edgar/data/721371/000072137120000089/a20q410k063020form10-k.htm", "calculatedOtherExpenses": 523000000, "calculatedOperatingExpenses": 5095000000, "calculatedNetInterest": 0, "calculatedOtherIncome": -5545000000, "calculatedIncomeNonControlling": 0, "calculatedEbitda": 2686000000}, {"date": "2019-06-30", "symbol": "CAH", "reportedCurrency": "USD", "cik": "0000721371", "fillingDate": "2019-08-20", "acceptedDate": "2019-08-20 16:30:26", "calendarYear": "2019", "period": "FY", "revenue": 145534000000, "costOfRevenue": 138700000000, "grossProfit": 6834000000, "grossProfitRatio": 0.0469580991, "researchAndDevelopmentExpenses": 0, "generalAndAdministrativeExpenses": 0, "sellingAndMarketingExpenses": 0, "sellingGeneralAndAdministrativeExpenses": 4480000000, "otherExpenses": 621000000, "operatingExpenses": 5101000000, "costAndExpenses": 143801000000, "interestIncome": 294000000, "interestExpense": 294000000, "depreciationAndAmortization": 658000000, "ebitda": 2718000000, "ebitdaratio": 0.0186760482, "operatingIncome": 2060000000, "operatingIncomeRatio": 0.014154768, "totalOtherIncomeExpensesNet": -309000000, "incomeBeforeTax": 1751000000, "incomeBeforeTaxRatio": 0.0120315528, "incomeTaxExpense": 386000000, "netIncome": 1363000000, "netIncomeRatio": 0.0093655091, "eps": 4.54, "epsdiluted": 4.53, "weightedAverageShsOut": 300000000, "weightedAverageShsOutDil": 301000000, "link": "https://www.sec.gov/Archives/edgar/data/721371/000072137119000090/0000721371-19-000090-index.htm", "finalLink": "https://www.sec.gov/Archives/edgar/data/721371/000072137119000090/a19q4_10kx063019xform10-k.htm", "calculatedOtherExpenses": 294000000, "calculatedOperatingExpenses": 4774000000, "calculatedNetInterest": 0, "calculatedOtherIncome": -309000000, "calculatedIncomeNonControlling": 2000000, "calculatedEbitda": 2718000000}, {"date": "2018-06-30", "symbol": "CAH", "reportedCurrency": "USD", "cik": "0000721371", "fillingDate": "2018-08-22", "acceptedDate": "2018-08-22 16:23:32", "calendarYear": "2018", "period": "FY", "revenue": 136809000000, "costOfRevenue": 129628000000, "grossProfit": 7181000000, "grossProfitRatio": 0.0524892368, "researchAndDevelopmentExpenses": 0, "generalAndAdministrativeExpenses": 4596000000, "sellingAndMarketingExpenses": 0, "sellingGeneralAndAdministrativeExpenses": 4596000000, "otherExpenses": -23000000, "operatingExpenses": 5303000000, "costAndExpenses": 134931000000, "interestIncome": 0, "interestExpense": 329000000, "depreciationAndAmortization": 1032000000, "ebitda": 2887000000, "ebitdaratio": 0.0211024129, "operatingIncome": 126000000, "operatingIncomeRatio": 0.000920992, "totalOtherIncomeExpensesNet": -1777000000, "incomeBeforeTax": -228000000, "incomeBeforeTaxRatio": -0.001666557, "incomeTaxExpense": -487000000, "netIncome": 256000000, "netIncomeRatio": 0.0018712219, "eps": 0.82, "epsdiluted": 0.81, "weightedAverageShsOut": 313000000, "weightedAverageShsOutDil": 315000000, "link": "https://www.sec.gov/Archives/edgar/data/721371/000072137118000077/0000721371-18-000077-index.htm", "finalLink": "https://www.sec.gov/Archives/edgar/data/721371/000072137118000077/a18q4_10kx063018xform10-k.htm", "calculatedOtherExpenses": 2459000000, "calculatedOperatingExpenses": 7055000000, "calculatedNetInterest": -329000000, "calculatedOtherIncome": -25000000, "calculatedIncomeNonControlling": 3000000, "calculatedEbitda": 1158000000}, {"date": "2017-06-30", "symbol": "CAH", "reportedCurrency": "USD", "cik": "0000721371", "fillingDate": "2017-08-10", "acceptedDate": "2017-08-10 17:26:53", "calendarYear": "2017", "period": "FY", "revenue": 129976000000, "costOfRevenue": 123432000000, "grossProfit": 6544000000, "grossProfitRatio": 0.0503477565, "researchAndDevelopmentExpenses": 0, "generalAndAdministrativeExpenses": 3775000000, "sellingAndMarketingExpenses": 0, "sellingGeneralAndAdministrativeExpenses": 3775000000, "otherExpenses": 5000000, "operatingExpenses": 4302000000, "costAndExpenses": 127734000000, "interestIncome": 0, "interestExpense": 201000000, "depreciationAndAmortization": 717000000, "ebitda": 2964000000, "ebitdaratio": 0.02280421, "operatingIncome": 2120000000, "operatingIncomeRatio": 0.0163107035, "totalOtherIncomeExpensesNet": -117000000, "incomeBeforeTax": 1924000000, "incomeBeforeTaxRatio": 0.0148027328, "incomeTaxExpense": 630000000, "netIncome": 1288000000, "netIncomeRatio": 0.0099095218, "eps": 4.06, "epsdiluted": 4.03, "weightedAverageShsOut": 317000000, "weightedAverageShsOutDil": 320000000, "link": "https://www.sec.gov/Archives/edgar/data/721371/000072137117000083/0000721371-17-000083-index.htm", "finalLink": "https://www.sec.gov/Archives/edgar/data/721371/000072137117000083/a17q4_10kx63017xform10-k.htm", "calculatedOtherExpenses": 649000000, "calculatedOperatingExpenses": 4424000000, "calculatedNetInterest": -201000000, "calculatedOtherIncome": 5000000, "calculatedIncomeNonControlling": 6000000, "calculatedEbitda": 2837000000}, {"date": "2016-06-30", "symbol": "CAH", "reportedCurrency": "USD", "cik": "0000721371", "fillingDate": "2016-08-12", "acceptedDate": "2016-08-12 06:51:59", "calendarYear": "2016", "period": "FY", "revenue": 121546000000, "costOfRevenue": 115003000000, "grossProfit": 6543000000, "grossProfitRatio": 0.0538314712, "researchAndDevelopmentExpenses": 0, "generalAndAdministrativeExpenses": 3648000000, "sellingAndMarketingExpenses": 0, "sellingGeneralAndAdministrativeExpenses": 3648000000, "otherExpenses": -5000000, "operatingExpenses": 4107000000, "costAndExpenses": 119110000000, "interestIncome": 0, "interestExpense": 178000000, "depreciationAndAmortization": 641000000, "ebitda": 3072000000, "ebitdaratio": 0.0252743817, "operatingIncome": 2459000000, "operatingIncomeRatio": 0.0202310236, "totalOtherIncomeExpensesNet": 18000000, "incomeBeforeTax": 2276000000, "incomeBeforeTaxRatio": 0.0187254208, "incomeTaxExpense": 845000000, "netIncome": 1427000000, "netIncomeRatio": 0.011740411, "eps": 4.36, "epsdiluted": 4.32, "weightedAverageShsOut": 327000000, "weightedAverageShsOutDil": 330000000, "link": "https://www.sec.gov/Archives/edgar/data/721371/000072137116000277/0000721371-16-000277-index.htm", "finalLink": "https://www.sec.gov/Archives/edgar/data/721371/000072137116000277/a16q4_10kx63016xform10-k.htm", "calculatedOtherExpenses": 436000000, "calculatedOperatingExpenses": 4084000000, "calculatedNetInterest": -178000000, "calculatedOtherIncome": -5000000, "calculatedIncomeNonControlling": 4000000, "calculatedEbitda": 3100000000}, {"date": "2015-06-30", "symbol": "CAH", "reportedCurrency": "USD", "cik": "0000721371", "fillingDate": "2015-08-13", "acceptedDate": "2015-08-13 08:58:08", "calendarYear": "2015", "period": "FY", "revenue": 102531000000, "costOfRevenue": 96819000000, "grossProfit": 5712000000, "grossProfitRatio": 0.0557099804, "researchAndDevelopmentExpenses": 0, "generalAndAdministrativeExpenses": 3240000000, "sellingAndMarketingExpenses": 0, "sellingGeneralAndAdministrativeExpenses": 3240000000, "otherExpenses": 7000000, "operatingExpenses": 3521000000, "costAndExpenses": 100340000000, "interestIncome": 0, "interestExpense": 141000000, "depreciationAndAmortization": 451000000, "ebitda": 2649000000, "ebitdaratio": 0.0258360886, "operatingIncome": 2161000000, "operatingIncomeRatio": 0.0210765525, "totalOtherIncomeExpensesNet": -83000000, "incomeBeforeTax": 1967000000, "incomeBeforeTaxRatio": 0.0191844418, "incomeTaxExpense": 755000000, "netIncome": 1215000000, "netIncomeRatio": 0.0118500746, "eps": 3.66, "epsdiluted": 3.62, "weightedAverageShsOut": 332000000, "weightedAverageShsOutDil": 335000000, "link": "https://www.sec.gov/Archives/edgar/data/721371/000072137115000107/0000721371-15-000107-index.htm", "finalLink": "https://www.sec.gov/Archives/edgar/data/721371/000072137115000107/a15q4_10kx63015xform10-k.htm", "calculatedOtherExpenses": 311000000, "calculatedOperatingExpenses": 3551000000, "calculatedNetInterest": -141000000, "calculatedOtherIncome": -53000000, "calculatedIncomeNonControlling": -3000000, "calculatedEbitda": 2612000000}, {"date": "2014-06-30", "symbol": "CAH", "reportedCurrency": "USD", "cik": "0000721371", "fillingDate": "2014-08-13", "acceptedDate": "2014-08-13 16:04:52", "calendarYear": "2014", "period": "FY", "revenue": 91084000000, "costOfRevenue": 85923000000, "grossProfit": 5161000000, "grossProfitRatio": 0.0566619823, "researchAndDevelopmentExpenses": 0, "generalAndAdministrativeExpenses": 3028000000, "sellingAndMarketingExpenses": 0, "sellingGeneralAndAdministrativeExpenses": 3028000000, "otherExpenses": 46000000, "operatingExpenses": 3251000000, "costAndExpenses": 89174000000, "interestIncome": 0, "interestExpense": 133000000, "depreciationAndAmortization": 459000000, "ebitda": 2415000000, "ebitdaratio": 0.0265139871, "operatingIncome": 1885000000, "operatingIncomeRatio": 0.0206951825, "totalOtherIncomeExpensesNet": 21000000, "incomeBeforeTax": 1798000000, "incomeBeforeTaxRatio": 0.0197400202, "incomeTaxExpense": 635000000, "netIncome": 1166000000, "netIncomeRatio": 0.0128013702, "eps": 3.42, "epsdiluted": 3.38, "weightedAverageShsOut": 341000000, "weightedAverageShsOutDil": 345000000, "link": "https://www.sec.gov/Archives/edgar/data/721371/000072137114000181/0000721371-14-000181-index.htm", "finalLink": "https://www.sec.gov/Archives/edgar/data/721371/000072137114000181/a14q4_10kx063014xform10-k.htm", "calculatedOtherExpenses": 248000000, "calculatedOperatingExpenses": 3276000000, "calculatedNetInterest": -133000000, "calculatedOtherIncome": 46000000, "calculatedIncomeNonControlling": -3000000, "calculatedEbitda": 2344000000}, {"date": "2013-06-30", "symbol": "CAH", "reportedCurrency": "USD", "cik": "0000721371", "fillingDate": "2013-08-20", "acceptedDate": "2013-08-20 16:10:48", "calendarYear": "2013", "period": "FY", "revenue": 101093000000, "costOfRevenue": 96172000000, "grossProfit": 4921000000, "grossProfitRatio": 0.04867795, "researchAndDevelopmentExpenses": 0, "generalAndAdministrativeExpenses": 2875000000, "sellingAndMarketingExpenses": 0, "sellingGeneralAndAdministrativeExpenses": 2875000000, "otherExpenses": 15000000, "operatingExpenses": 3033000000, "costAndExpenses": 99205000000, "interestIncome": 0, "interestExpense": 123000000, "depreciationAndAmortization": 397000000, "ebitda": 2300000000, "ebitdaratio": 0.022751328, "operatingIncome": 996000000, "operatingIncomeRatio": 0.0098523142, "totalOtherIncomeExpensesNet": -877000000, "incomeBeforeTax": 888000000, "incomeBeforeTaxRatio": 0.008783991, "incomeTaxExpense": 553000000, "netIncome": 334000000, "netIncomeRatio": 0.0033038885, "eps": 0.98, "epsdiluted": 0.97, "weightedAverageShsOut": 341000000, "weightedAverageShsOutDil": 344000000, "link": "https://www.sec.gov/Archives/edgar/data/721371/000072137113000154/0000721371-13-000154-index.htm", "finalLink": "https://www.sec.gov/Archives/edgar/data/721371/000072137113000154/a13q4_10kx063013xform10-k.htm", "calculatedOtherExpenses": 1050000000, "calculatedOperatingExpenses": 3925000000, "calculatedNetInterest": -123000000, "calculatedOtherIncome": 15000000, "calculatedIncomeNonControlling": 1000000, "calculatedEbitda": 1393000000}, {"date": "2012-06-30", "symbol": "CAH", "reportedCurrency": "USD", "cik": "0000721371", "fillingDate": "2012-08-22", "acceptedDate": "2012-08-22 07:54:24", "calendarYear": "2012", "period": "FY", "revenue": 107552000000, "costOfRevenue": 103011000000, "grossProfit": 4541000000, "grossProfitRatio": 0.0422214371, "researchAndDevelopmentExpenses": 0, "generalAndAdministrativeExpenses": 2677000000, "sellingAndMarketingExpenses": 0, "sellingGeneralAndAdministrativeExpenses": 2677000000, "otherExpenses": 1000000, "operatingExpenses": 2710000000, "costAndExpenses": 105721000000, "interestIncome": 0, "interestExpense": 95000000, "depreciationAndAmortization": 325000000, "ebitda": 2157000000, "ebitdaratio": 0.0200554151, "operatingIncome": 1792000000, "operatingIncomeRatio": 0.0166617078, "totalOtherIncomeExpensesNet": -38000000, "incomeBeforeTax": 1698000000, "incomeBeforeTaxRatio": 0.015787712, "incomeTaxExpense": 628000000, "netIncome": 1069000000, "netIncomeRatio": 0.0099393782, "eps": 3.1, "epsdiluted": 3.06, "weightedAverageShsOut": 345000000, "weightedAverageShsOutDil": 349000000, "link": "https://www.sec.gov/Archives/edgar/data/721371/000072137112000069/0000721371-12-000069-index.htm", "finalLink": "https://www.sec.gov/Archives/edgar/data/721371/000072137112000069/cah-20120630x10k.htm", "calculatedOtherExpenses": 72000000, "calculatedOperatingExpenses": 2749000000, "calculatedNetInterest": -95000000, "calculatedOtherIncome": 1000000, "calculatedIncomeNonControlling": 1000000, "calculatedEbitda": 2117000000}, {"date": "2011-06-30", "symbol": "CAH", "reportedCurrency": "USD", "cik": "0000721371", "fillingDate": "2011-08-26", "acceptedDate": "2011-08-26 08:14:14", "calendarYear": "2011", "period": "FY", "revenue": 102644200000, "costOfRevenue": 98482200000, "grossProfit": 4162000000, "grossProfitRatio": 0.0405478342, "researchAndDevelopmentExpenses": 0, "generalAndAdministrativeExpenses": 2594800000, "sellingAndMarketingExpenses": 2594800000, "sellingGeneralAndAdministrativeExpenses": 2594800000, "otherExpenses": 0, "operatingExpenses": 2594800000, "costAndExpenses": 101077000000, "interestIncome": 0, "interestExpense": 92800000, "depreciationAndAmortization": 313300000, "ebitda": 1880500000, "ebitdaratio": 0.0183205676, "operatingIncome": 1514000000, "operatingIncomeRatio": 0.014749981, "totalOtherIncomeExpensesNet": 43900000, "incomeBeforeTax": 1518300000, "incomeBeforeTaxRatio": 0.0147918733, "incomeTaxExpense": 552100000, "netIncome": 959000000, "netIncomeRatio": 0.0093429536, "eps": 2.75, "epsdiluted": 2.72, "weightedAverageShsOut": 348600000, "weightedAverageShsOutDil": 352500000, "link": "https://www.sec.gov/Archives/edgar/data/721371/000119312511233322/0001193125-11-233322-index.htm", "finalLink": "https://www.sec.gov/Archives/edgar/data/721371/000119312511233322/d10k.htm", "calculatedOtherExpenses": 53200000, "calculatedOperatingExpenses": 2648000000, "calculatedNetInterest": -92800000, "calculatedOtherIncome": 97100000, "calculatedIncomeNonControlling": 7200000, "calculatedEbitda": 1827300000}, {"date": "2010-06-30", "symbol": "CAH", "reportedCurrency": "USD", "cik": "0000721371", "fillingDate": "2010-08-26", "acceptedDate": "2010-08-26 16:01:59", "calendarYear": "2010", "period": "FY", "revenue": 98502800000, "costOfRevenue": 94722100000, "grossProfit": 3780700000, "grossProfitRatio": 0.0383816501, "researchAndDevelopmentExpenses": 0, "generalAndAdministrativeExpenses": 2408000000, "sellingAndMarketingExpenses": 2408000000, "sellingGeneralAndAdministrativeExpenses": 2345600000, "otherExpenses": 0, "operatingExpenses": 2345600000, "costAndExpenses": 97067700000, "interestIncome": 0, "interestExpense": 153500000, "depreciationAndAmortization": 254400000, "ebitda": 1804200000, "ebitdaratio": 0.0183162306, "operatingIncome": 1306900000, "operatingIncomeRatio": 0.0132676432, "totalOtherIncomeExpensesNet": -114700000, "incomeBeforeTax": 1211600000, "incomeBeforeTaxRatio": 0.012300158, "incomeTaxExpense": 624600000, "netIncome": 642200000, "netIncomeRatio": 0.0065196116, "eps": 1.79, "epsdiluted": 1.77, "weightedAverageShsOut": 358800000, "weightedAverageShsOutDil": 361400000, "link": "https://www.sec.gov/Archives/edgar/data/721371/000119312510198300/0001193125-10-198300-index.htm", "finalLink": "https://www.sec.gov/Archives/edgar/data/721371/000119312510198300/d10k.htm", "calculatedOtherExpenses": 128200000, "calculatedOperatingExpenses": 2473800000, "calculatedNetInterest": -153500000, "calculatedOtherIncome": 58200000, "calculatedIncomeNonControlling": -55200000, "calculatedEbitda": 1561300000}, {"date": "2009-06-30", "symbol": "CAH", "reportedCurrency": "USD", "cik": "0000721371", "fillingDate": "2009-08-27", "acceptedDate": "2009-08-27 16:44:28", "calendarYear": "2009", "period": "FY", "revenue": 99512400000, "costOfRevenue": 93986000000, "grossProfit": 5526400000, "grossProfitRatio": 0.0555347876, "researchAndDevelopmentExpenses": 0, "generalAndAdministrativeExpenses": 3438300000, "sellingAndMarketingExpenses": 0, "sellingGeneralAndAdministrativeExpenses": 3438300000, "otherExpenses": 0, "operatingExpenses": 3438300000, "costAndExpenses": 97424300000, "interestIncome": 0, "interestExpense": 218700000, "depreciationAndAmortization": 399400000, "ebitda": 2487500000, "ebitdaratio": 0.0249968848, "operatingIncome": 1885700000, "operatingIncomeRatio": 0.0189493973, "totalOtherIncomeExpensesNet": -202400000, "incomeBeforeTax": 1667000000, "incomeBeforeTaxRatio": 0.0167516812, "incomeTaxExpense": 524200000, "netIncome": 1151600000, "netIncomeRatio": 0.0115724272, "eps": 3.22, "epsdiluted": 3.18, "weightedAverageShsOut": 357600000, "weightedAverageShsOutDil": 361500000, "link": "https://www.sec.gov/Archives/edgar/data/721371/000119312509182992/0001193125-09-182992-index.htm", "finalLink": "https://www.sec.gov/Archives/edgar/data/721371/000119312509182992/d10k.htm", "calculatedOtherExpenses": 202400000, "calculatedOperatingExpenses": 3640700000, "calculatedNetInterest": -218700000, "calculatedOtherIncome": 0, "calculatedIncomeNonControlling": -8800000, "calculatedEbitda": 2285100000}, {"date": "2008-06-30", "symbol": "CAH", "reportedCurrency": "USD", "cik": "0000721371", "fillingDate": "2008-08-27", "acceptedDate": "2008-08-26 18:44:08", "calendarYear": "2008", "period": "FY", "revenue": 91091400000, "costOfRevenue": 85457300000, "grossProfit": 5634100000, "grossProfitRatio": 0.0618510639, "researchAndDevelopmentExpenses": 0, "generalAndAdministrativeExpenses": 3414800000, "sellingAndMarketingExpenses": 0, "sellingGeneralAndAdministrativeExpenses": 3414800000, "otherExpenses": 32400000, "operatingExpenses": 3447200000, "costAndExpenses": 88904500000, "interestIncome": 0, "interestExpense": 350500000, "depreciationAndAmortization": 381300000, "ebitda": 2666300000, "ebitdaratio": 0.0292706007, "operatingIncome": 2121200000, "operatingIncomeRatio": 0.0232865013, "totalOtherIncomeExpensesNet": -98100000, "incomeBeforeTax": 1949800000, "incomeBeforeTaxRatio": 0.0214048747, "incomeTaxExpense": 633900000, "netIncome": 1300600000, "netIncomeRatio": 0.014277967, "eps": 3.63, "epsdiluted": 3.57, "weightedAverageShsOut": 358200000, "weightedAverageShsOutDil": 364000000, "link": "https://www.sec.gov/Archives/edgar/data/721371/000119312508184519/0001193125-08-184519-index.htm", "finalLink": "https://www.sec.gov/Archives/edgar/data/721371/000119312508184519/d10k.htm", "calculatedOtherExpenses": 98100000, "calculatedOperatingExpenses": 3512900000, "calculatedNetInterest": -350500000, "calculatedOtherIncome": 179100000, "calculatedIncomeNonControlling": 15300000, "calculatedEbitda": 2502500000}, {"date": "2007-06-30", "symbol": "CAH", "reportedCurrency": "USD", "cik": "0000721371", "fillingDate": "2007-08-24", "acceptedDate": "2007-08-24 17:26:17", "calendarYear": "2007", "period": "FY", "revenue": 86852000000, "costOfRevenue": 81606700000, "grossProfit": 5245300000, "grossProfitRatio": 0.060393543, "researchAndDevelopmentExpenses": 0, "generalAndAdministrativeExpenses": 3082300000, "sellingAndMarketingExpenses": 0, "sellingGeneralAndAdministrativeExpenses": 3082300000, "otherExpenses": 647700000, "operatingExpenses": 3730000000, "costAndExpenses": 85336700000, "interestIncome": 0, "interestExpense": -39100000, "depreciationAndAmortization": 322100000, "ebitda": 2626700000, "ebitdaratio": 0.0302434026, "operatingIncome": 1373700000, "operatingIncomeRatio": 0.0158165615, "totalOtherIncomeExpensesNet": -789300000, "incomeBeforeTax": 1252300000, "incomeBeforeTaxRatio": 0.0144187814, "incomeTaxExpense": 412600000, "netIncome": 1931100000, "netIncomeRatio": 0.0222343757, "eps": 4.89, "epsdiluted": 4.77, "weightedAverageShsOut": 394900000, "weightedAverageShsOutDil": 404700000, "link": "https://www.sec.gov/Archives/edgar/data/721371/000095015207007107/0000950152-07-007107-index.htm", "finalLink": "https://www.sec.gov/Archives/edgar/data/721371/000095015207007107/l27624ae10vk.htm", "calculatedOtherExpenses": 789300000, "calculatedOperatingExpenses": 3871600000, "calculatedNetInterest": 39100000, "calculatedOtherIncome": -160500000, "calculatedIncomeNonControlling": -1091400000, "calculatedEbitda": 1695800000}, {"date": "2006-06-30", "symbol": "CAH", "reportedCurrency": "USD", "cik": "0000721371", "fillingDate": "2006-09-01", "acceptedDate": "2006-09-01 15:56:37", "calendarYear": "2006", "period": "FY", "revenue": 81363600000, "costOfRevenue": 76082700000, "grossProfit": 5280900000, "grossProfitRatio": 0.0649049452, "researchAndDevelopmentExpenses": 0, "generalAndAdministrativeExpenses": 3199300000, "sellingAndMarketingExpenses": 0, "sellingGeneralAndAdministrativeExpenses": 3199300000, "otherExpenses": 27700000, "operatingExpenses": 3227000000, "costAndExpenses": 79309700000, "interestIncome": 0, "interestExpense": 578400000, "depreciationAndAmortization": 392700000, "ebitda": 2561500000, "ebitdaratio": 0.031482137, "operatingIncome": 1966700000, "operatingIncomeRatio": 0.0241717426, "totalOtherIncomeExpensesNet": -114900000, "incomeBeforeTax": 1835000000, "incomeBeforeTaxRatio": 0.0225530827, "incomeTaxExpense": 590300000, "netIncome": 1000100000, "netIncomeRatio": 0.0122917373, "eps": 2.38, "epsdiluted": 2.33, "weightedAverageShsOut": 421200000, "weightedAverageShsOutDil": 428500000, "link": "https://www.sec.gov/Archives/edgar/data/721371/000119312506184453/0001193125-06-184453-index.htm", "finalLink": "https://www.sec.gov/Archives/edgar/data/721371/000119312506184453/d10k.htm", "calculatedOtherExpenses": 114900000, "calculatedOperatingExpenses": 3314200000, "calculatedNetInterest": -578400000, "calculatedOtherIncome": 446700000, "calculatedIncomeNonControlling": 244600000, "calculatedEbitda": 2359400000}, {"date": "2005-06-30", "symbol": "CAH", "reportedCurrency": "USD", "cik": "0000721371", "fillingDate": "2005-09-12", "acceptedDate": "2005-09-12 17:26:43", "calendarYear": "2005", "period": "FY", "revenue": 74910700000, "costOfRevenue": 69904200000, "grossProfit": 5006500000, "grossProfitRatio": 0.0668329091, "researchAndDevelopmentExpenses": 0, "generalAndAdministrativeExpenses": 2861500000, "sellingAndMarketingExpenses": 0, "sellingGeneralAndAdministrativeExpenses": 2861500000, "otherExpenses": 130300000, "operatingExpenses": 2991800000, "costAndExpenses": 72896000000, "interestIncome": 0, "interestExpense": 763600000, "depreciationAndAmortization": 409700000, "ebitda": 2806600000, "ebitdaratio": 0.0374659428, "operatingIncome": 1762800000, "operatingIncomeRatio": 0.0235320188, "totalOtherIncomeExpensesNet": -382200000, "incomeBeforeTax": 1629300000, "incomeBeforeTaxRatio": 0.0217498969, "incomeTaxExpense": 582600000, "netIncome": 1050700000, "netIncomeRatio": 0.0140260337, "eps": 2.44, "epsdiluted": 2.41, "weightedAverageShsOut": 430614754, "weightedAverageShsOutDil": 435975104, "link": "https://www.sec.gov/Archives/edgar/data/721371/000095015205007585/0000950152-05-007585-index.htm", "finalLink": "https://www.sec.gov/Archives/edgar/data/721371/000095015205007585/l15839ae10vk.htm", "calculatedOtherExpenses": 382200000, "calculatedOperatingExpenses": 3243700000, "calculatedNetInterest": -763600000, "calculatedOtherIncome": 630100000, "calculatedIncomeNonControlling": -4000000, "calculatedEbitda": 2172500000}, {"date": "2004-06-30", "symbol": "CAH", "reportedCurrency": "USD", "cik": "0000721371", "fillingDate": "2004-10-26", "acceptedDate": "2004-10-26 16:45:49", "calendarYear": "2004", "period": "FY", "revenue": 65053500000, "costOfRevenue": 60312300000, "grossProfit": 4741200000, "grossProfitRatio": 0.0728815513, "researchAndDevelopmentExpenses": 0, "generalAndAdministrativeExpenses": 2346500000, "sellingAndMarketingExpenses": 0, "sellingGeneralAndAdministrativeExpenses": 2346500000, "otherExpenses": 12700000, "operatingExpenses": 2359200000, "costAndExpenses": 62671500000, "interestIncome": 0, "interestExpense": 251200000, "depreciationAndAmortization": 299200000, "ebitda": 2738600000, "ebitdaratio": 0.0420976581, "operatingIncome": 2337300000, "operatingIncomeRatio": 0.0359288893, "totalOtherIncomeExpensesNet": -57400000, "incomeBeforeTax": 2238400000, "incomeBeforeTaxRatio": 0.0344086022, "incomeTaxExpense": 713700000, "netIncome": 1474500000, "netIncomeRatio": 0.0226659596, "eps": 3.39, "epsdiluted": 3.35, "weightedAverageShsOut": 424837758, "weightedAverageShsOutDil": 429910448, "link": "https://www.sec.gov/Archives/edgar/data/721371/000095015204007635/0000950152-04-007635-index.htm", "finalLink": "https://www.sec.gov/Archives/edgar/data/721371/000095015204007635/l09353be10vk.txt", "calculatedOtherExpenses": 57400000, "calculatedOperatingExpenses": 2403900000, "calculatedNetInterest": -251200000, "calculatedOtherIncome": 152300000, "calculatedIncomeNonControlling": 50200000, "calculatedEbitda": 2636500000}, {"date": "2003-06-30", "symbol": "CAH", "reportedCurrency": "USD", "cik": "0000721371", "fillingDate": "2003-09-29", "acceptedDate": "2003-09-29 16:03:22", "calendarYear": "2003", "period": "FY", "revenue": 56737000000, "costOfRevenue": 52227000000, "grossProfit": 4510000000, "grossProfitRatio": 0.0794895747, "researchAndDevelopmentExpenses": 0, "generalAndAdministrativeExpenses": 2228200000, "sellingAndMarketingExpenses": 0, "sellingGeneralAndAdministrativeExpenses": 2228200000, "otherExpenses": -34500000, "operatingExpenses": 2193700000, "costAndExpenses": 54420700000, "interestIncome": 0, "interestExpense": 235700000, "depreciationAndAmortization": 265800000, "ebitda": 2622000000, "ebitdaratio": 0.0462132295, "operatingIncome": 2241900000, "operatingIncomeRatio": 0.0395138975, "totalOtherIncomeExpensesNet": -39900000, "incomeBeforeTax": 2126600000, "incomeBeforeTaxRatio": 0.0374817139, "incomeTaxExpense": 714700000, "netIncome": 1405800000, "netIncomeRatio": 0.0247774821, "eps": 3.08, "epsdiluted": 3.03, "weightedAverageShsOut": 446461039, "weightedAverageShsOutDil": 453828383, "link": "https://www.sec.gov/Archives/edgar/data/721371/000095015203008493/0000950152-03-008493-index.htm", "finalLink": "https://www.sec.gov/Archives/edgar/data/721371/000095015203008493/l03213ae10vk.txt", "calculatedOtherExpenses": 39900000, "calculatedOperatingExpenses": 2268100000, "calculatedNetInterest": -235700000, "calculatedOtherIncome": 120400000, "calculatedIncomeNonControlling": 6100000, "calculatedEbitda": 2507700000}, {"date": "2002-06-30", "symbol": "CAH", "reportedCurrency": "USD", "cik": "0000721371", "fillingDate": "2002-09-30", "acceptedDate": "2002-09-30 10:48:24", "calendarYear": "2002", "period": "FY", "revenue": 51135700000, "costOfRevenue": 47089500000, "grossProfit": 4046200000, "grossProfitRatio": 0.0791267158, "researchAndDevelopmentExpenses": 0, "generalAndAdministrativeExpenses": 2073800000, "sellingAndMarketingExpenses": 0, "sellingGeneralAndAdministrativeExpenses": 2073800000, "otherExpenses": 138600000, "operatingExpenses": 2212400000, "costAndExpenses": 49301900000, "interestIncome": 0, "interestExpense": 341200000, "depreciationAndAmortization": 243500000, "ebitda": 2215900000, "ebitdaratio": 0.0433337179, "operatingIncome": 1833800000, "operatingIncomeRatio": 0.0358614432, "totalOtherIncomeExpensesNet": -138600000, "incomeBeforeTax": 1701300000, "incomeBeforeTaxRatio": 0.0332702984, "incomeTaxExpense": 575000000, "netIncome": 1056200000, "netIncomeRatio": 0.0206548458, "eps": 2.37, "epsdiluted": 2.33, "weightedAverageShsOut": 445654008, "weightedAverageShsOutDil": 453304721, "link": "https://www.sec.gov/Archives/edgar/data/721371/000095015202007264/0000950152-02-007264-index.htm", "finalLink": "https://www.sec.gov/Archives/edgar/data/721371/000095015202007264/l95974ae10vk.txt", "calculatedOtherExpenses": 138600000, "calculatedOperatingExpenses": 2212400000, "calculatedNetInterest": -341200000, "calculatedOtherIncome": 208700000, "calculatedIncomeNonControlling": 70100000, "calculatedEbitda": 2077300000}, {"date": "2001-06-30", "symbol": "CAH", "reportedCurrency": "USD", "cik": "0000721371", "fillingDate": "2001-08-24", "acceptedDate": "2001-08-24 00:00:00", "calendarYear": "2001", "period": "FY", "revenue": 47947600000, "costOfRevenue": 44336000000, "grossProfit": 3611600000, "grossProfitRatio": 0.0753238953, "researchAndDevelopmentExpenses": 0, "generalAndAdministrativeExpenses": 1999600000, "sellingAndMarketingExpenses": 0, "sellingGeneralAndAdministrativeExpenses": 1999600000, "otherExpenses": 124900000, "operatingExpenses": 2124500000, "costAndExpenses": 46460500000, "interestIncome": 0, "interestExpense": 279800000, "depreciationAndAmortization": 280600000, "ebitda": 1892600000, "ebitdaratio": 0.0394722572, "operatingIncome": 1487100000, "operatingIncomeRatio": 0.0310151082, "totalOtherIncomeExpensesNet": -124900000, "incomeBeforeTax": 1332200000, "incomeBeforeTaxRatio": 0.0277844981, "incomeTaxExpense": 474800000, "netIncome": 857400000, "netIncomeRatio": 0.0178820212, "eps": 1.9, "epsdiluted": 1.85, "weightedAverageShsOut": 451263158, "weightedAverageShsOutDil": 463459459, "link": "https://www.sec.gov/Archives/edgar/data/721371/000095015201504123/0000950152-01-504123-index.htm", "finalLink": "https://www.sec.gov/Archives/edgar/data/721371/000095015201504123/l89994ae10-k405.txt", "calculatedOtherExpenses": 124900000, "calculatedOperatingExpenses": 2124500000, "calculatedNetInterest": -279800000, "calculatedOtherIncome": 124900000, "calculatedIncomeNonControlling": 0, "calculatedEbitda": 1767700000}, {"date": "2000-06-30", "symbol": "CAH", "reportedCurrency": "USD", "cik": "0000721371", "fillingDate": "2000-09-06", "acceptedDate": "2000-09-06 00:00:00", "calendarYear": "2000", "period": "FY", "revenue": 29870600000, "costOfRevenue": 26737600000, "grossProfit": 3133000000, "grossProfitRatio": 0.1048857405, "researchAndDevelopmentExpenses": 0, "generalAndAdministrativeExpenses": 1627400000, "sellingAndMarketingExpenses": 0, "sellingGeneralAndAdministrativeExpenses": 1627400000, "otherExpenses": 245900000, "operatingExpenses": 1873300000, "costAndExpenses": 28610900000, "interestIncome": 0, "interestExpense": 246600000, "depreciationAndAmortization": 245900000, "ebitda": 1570300000, "ebitdaratio": 0.0525700856, "operatingIncome": 1259700000, "operatingIncomeRatio": 0.0421719015, "totalOtherIncomeExpensesNet": -64700000, "incomeBeforeTax": 1077800000, "incomeBeforeTaxRatio": 0.0360823017, "incomeTaxExpense": 398100000, "netIncome": 679700000, "netIncomeRatio": 0.0227548158, "eps": 1.61, "epsdiluted": 1.58, "weightedAverageShsOut": 445838509, "weightedAverageShsOutDil": 454303797, "link": "https://www.sec.gov/Archives/edgar/data/721371/000095015200006483/0000950152-00-006483-index.htm", "finalLink": "https://www.sec.gov/Archives/edgar/data/721371/000095015200006483/l83475ae10-k.txt", "calculatedOtherExpenses": 245900000, "calculatedOperatingExpenses": 1873300000, "calculatedNetInterest": -246600000, "calculatedOtherIncome": 64700000, "calculatedIncomeNonControlling": 0, "calculatedEbitda": 1505600000}, {"date": "1999-06-30", "symbol": "CAH", "reportedCurrency": "USD", "cik": "0000721371", "fillingDate": "1999-09-02", "acceptedDate": "1999-09-02 00:00:00", "calendarYear": "1999", "period": "FY", "revenue": 25033600000, "costOfRevenue": 22211700000, "grossProfit": 2821900000, "grossProfitRatio": 0.1127244983, "researchAndDevelopmentExpenses": 0, "generalAndAdministrativeExpenses": 1564800000, "sellingAndMarketingExpenses": 0, "sellingGeneralAndAdministrativeExpenses": 1564800000, "otherExpenses": 233500000, "operatingExpenses": 1798300000, "costAndExpenses": 24010000000, "interestIncome": 0, "interestExpense": 429400000, "depreciationAndAmortization": 233500000, "ebitda": 1422100000, "ebitdaratio": 0.0568076505, "operatingIncome": 1023600000, "operatingIncomeRatio": 0.0408890451, "totalOtherIncomeExpensesNet": -165000000, "incomeBeforeTax": 759200000, "incomeBeforeTaxRatio": 0.0303272402, "incomeTaxExpense": 302900000, "netIncome": 456300000, "netIncomeRatio": 0.0182275022, "eps": 1.15, "epsdiluted": 1.12, "weightedAverageShsOut": 416550000, "weightedAverageShsOutDil": 427800000, "link": "https://www.sec.gov/Archives/edgar/data/721371/000095015299007328/0000950152-99-007328-index.html", "finalLink": "https://www.sec.gov/Archives/edgar/data/721371/000095015299007328/", "calculatedOtherExpenses": 233500000, "calculatedOperatingExpenses": 1798300000, "calculatedNetInterest": -429400000, "calculatedOtherIncome": 165000000, "calculatedIncomeNonControlling": 0, "calculatedEbitda": 1257100000}, {"date": "1998-06-30", "symbol": "CAH", "reportedCurrency": "USD", "cik": "0000721371", "fillingDate": "1998-09-01", "acceptedDate": "1998-09-01 00:00:00", "calendarYear": "1998", "period": "FY", "revenue": 15918100000, "costOfRevenue": 14812300000, "grossProfit": 1105800000, "grossProfitRatio": 0.0694680898, "researchAndDevelopmentExpenses": 0, "generalAndAdministrativeExpenses": 567800000, "sellingAndMarketingExpenses": 0, "sellingGeneralAndAdministrativeExpenses": 567800000, "otherExpenses": 64300000, "operatingExpenses": 632100000, "costAndExpenses": 15444400000, "interestIncome": 0, "interestExpense": 119500000, "depreciationAndAmortization": 64300000, "ebitda": 586300000, "ebitdaratio": 0.0368322853, "operatingIncome": 473700000, "operatingIncomeRatio": 0.0297585767, "totalOtherIncomeExpensesNet": -48300000, "incomeBeforeTax": 402500000, "incomeBeforeTaxRatio": 0.0252856811, "incomeTaxExpense": 155400000, "netIncome": 247100000, "netIncomeRatio": 0.0155232094, "eps": 1.05, "epsdiluted": 1.02, "weightedAverageShsOut": 406800000, "weightedAverageShsOutDil": 416850000, "link": "https://www.sec.gov/Archives/edgar/data/721371/000095015298007270/0000950152-98-007270-index.html", "finalLink": "https://www.sec.gov/Archives/edgar/data/721371/", "calculatedOtherExpenses": 64300000, "calculatedOperatingExpenses": 632100000, "calculatedNetInterest": -119500000, "calculatedOtherIncome": 48300000, "calculatedIncomeNonControlling": 0, "calculatedEbitda": 538000000}, {"date": "1997-06-30", "symbol": "CAH", "reportedCurrency": "USD", "cik": "0000721371", "fillingDate": "1997-09-29", "acceptedDate": "1997-09-29 00:00:00", "calendarYear": "1997", "period": "FY", "revenue": 10968000000, "costOfRevenue": 10011800000, "grossProfit": 956200000, "grossProfitRatio": 0.0871808899, "researchAndDevelopmentExpenses": 0, "generalAndAdministrativeExpenses": 513600000, "sellingAndMarketingExpenses": 0, "sellingGeneralAndAdministrativeExpenses": 513600000, "otherExpenses": 51300000, "operatingExpenses": 564900000, "costAndExpenses": 10576700000, "interestIncome": 0, "interestExpense": 130100000, "depreciationAndAmortization": 51300000, "ebitda": 493700000, "ebitdaratio": 0.0450127644, "operatingIncome": 391300000, "operatingIncomeRatio": 0.0356765135, "totalOtherIncomeExpensesNet": -51100000, "incomeBeforeTax": 312300000, "incomeBeforeTaxRatio": 0.0284737418, "incomeTaxExpense": 131200000, "netIncome": 181100000, "netIncomeRatio": 0.0165116703, "eps": 0.84, "epsdiluted": 0.82, "weightedAverageShsOut": 233725490, "weightedAverageShsOutDil": 238400000, "link": "https://www.sec.gov/Archives/edgar/data/721371/000095015297006910/0000950152-97-006910-index.html", "finalLink": "https://www.sec.gov/Archives/edgar/data/721371/", "calculatedOtherExpenses": 51300000, "calculatedOperatingExpenses": 564900000, "calculatedNetInterest": -130100000, "calculatedOtherIncome": 51100000, "calculatedIncomeNonControlling": 0, "calculatedEbitda": 442600000}, {"date": "1996-06-30", "symbol": "CAH", "reportedCurrency": "USD", "cik": "0000721371", "fillingDate": "1996-08-26", "acceptedDate": "1996-08-26 00:00:00", "calendarYear": "1996", "period": "FY", "revenue": 8862400000, "costOfRevenue": 8114600000, "grossProfit": 747800000, "grossProfitRatio": 0.0843789493, "researchAndDevelopmentExpenses": 0, "generalAndAdministrativeExpenses": 433300000, "sellingAndMarketingExpenses": 0, "sellingGeneralAndAdministrativeExpenses": 433300000, "otherExpenses": 32500000, "operatingExpenses": 465800000, "costAndExpenses": 8580400000, "interestIncome": 0, "interestExpense": 136000000, "depreciationAndAmortization": 32500000, "ebitda": 370600000, "ebitdaratio": 0.041817115, "operatingIncome": 282000000, "operatingIncomeRatio": 0.0318198231, "totalOtherIncomeExpensesNet": -56100000, "incomeBeforeTax": 202100000, "incomeBeforeTaxRatio": 0.0228042065, "incomeTaxExpense": 90200000, "netIncome": 111900000, "netIncomeRatio": 0.0126263766, "eps": 0.51, "epsdiluted": 0.51, "weightedAverageShsOut": 230588235, "weightedAverageShsOutDil": 230588235, "link": "https://www.sec.gov/Archives/edgar/data/721371/000095015296004334/0000950152-96-004334-index.html", "finalLink": "https://www.sec.gov/Archives/edgar/data/721371/", "calculatedOtherExpenses": 32500000, "calculatedOperatingExpenses": 465800000, "calculatedNetInterest": -136000000, "calculatedOtherIncome": 56100000, "calculatedIncomeNonControlling": 0, "calculatedEbitda": 314500000}, {"date": "1995-06-30", "symbol": "CAH", "reportedCurrency": "USD", "cik": "0000721371", "fillingDate": "1995-09-21", "acceptedDate": "1995-09-21 00:00:00", "calendarYear": "1995", "period": "FY", "revenue": 7806100000, "costOfRevenue": 7320400000, "grossProfit": 485700000, "grossProfitRatio": 0.0622205711, "researchAndDevelopmentExpenses": 0, "generalAndAdministrativeExpenses": 300800000, "sellingAndMarketingExpenses": 0, "sellingGeneralAndAdministrativeExpenses": 300800000, "otherExpenses": 21200000, "operatingExpenses": 322000000, "costAndExpenses": 7642400000, "interestIncome": 0, "interestExpense": 15000000, "depreciationAndAmortization": 21200000, "ebitda": 182700000, "ebitdaratio": 0.0234047732, "operatingIncome": 163700000, "operatingIncomeRatio": 0.0209707793, "totalOtherIncomeExpensesNet": 2200000, "incomeBeforeTax": 146500000, "incomeBeforeTaxRatio": 0.0187673742, "incomeTaxExpense": 61500000, "netIncome": 85000000, "netIncomeRatio": 0.0108889202, "eps": 0.63, "epsdiluted": 0.62, "weightedAverageShsOut": 139555556, "weightedAverageShsOutDil": 142727273, "link": "https://www.sec.gov/Archives/edgar/data/721371/000095015295002183/0000950152-95-002183-index.html", "finalLink": "https://www.sec.gov/Archives/edgar/data/721371/", "calculatedOtherExpenses": 21200000, "calculatedOperatingExpenses": 322000000, "calculatedNetInterest": -15000000, "calculatedOtherIncome": -2200000, "calculatedIncomeNonControlling": 0, "calculatedEbitda": 184900000}, {"date": "1994-06-30", "symbol": "CAH", "reportedCurrency": "USD", "cik": "0000721371", "fillingDate": "1994-09-02", "acceptedDate": "1994-09-02 00:00:00", "calendarYear": "1994", "period": "FY", "revenue": 5790400000, "costOfRevenue": 5418200000, "grossProfit": 372200000, "grossProfitRatio": 0.0642788063, "researchAndDevelopmentExpenses": 0, "generalAndAdministrativeExpenses": 0, "sellingAndMarketingExpenses": 0, "sellingGeneralAndAdministrativeExpenses": 269200000, "otherExpenses": 17000000, "operatingExpenses": 286200000, "costAndExpenses": 5704400000, "interestIncome": 0, "interestExpense": 12400000, "depreciationAndAmortization": 17000000, "ebitda": 100100000, "ebitdaratio": 0.017287234, "operatingIncome": 86000000, "operatingIncomeRatio": 0.0148521691, "totalOtherIncomeExpensesNet": 2900000, "incomeBeforeTax": 70700000, "incomeBeforeTaxRatio": 0.0122098646, "incomeTaxExpense": 35600000, "netIncome": 35100000, "netIncomeRatio": 0.0060617574, "eps": 0.2, "epsdiluted": 0.2, "weightedAverageShsOut": 166185000, "weightedAverageShsOutDil": 166543593, "link": "https://www.sec.gov/Archives/edgar/data/721371/000095015294000897/0000950152-94-000897-index.html", "finalLink": "https://www.sec.gov/Archives/edgar/data/721371/", "calculatedOtherExpenses": 17000000, "calculatedOperatingExpenses": 286200000, "calculatedNetInterest": -12400000, "calculatedOtherIncome": -2900000, "calculatedIncomeNonControlling": 0, "calculatedEbitda": 103000000}, {"date": "1993-03-31", "symbol": "CAH", "reportedCurrency": "USD", "cik": "0000721371", "fillingDate": "1993-03-31", "acceptedDate": "1993-03-31 00:00:00", "calendarYear": "1993", "period": "FY", "revenue": 1966500000, "costOfRevenue": 1832500000, "grossProfit": 134000000, "grossProfitRatio": 0.0681413679, "researchAndDevelopmentExpenses": 0, "generalAndAdministrativeExpenses": 67800000, "sellingAndMarketingExpenses": 0, "sellingGeneralAndAdministrativeExpenses": 67800000, "otherExpenses": 7200000, "operatingExpenses": 75000000, "costAndExpenses": 1907500000, "interestIncome": 0, "interestExpense": -3300000, "depreciationAndAmortization": 7200000, "ebitda": 57900000, "ebitdaratio": 0.0294431732, "operatingIncome": 59000000, "operatingIncomeRatio": 0.0300025426, "totalOtherIncomeExpensesNet": 8300000, "incomeBeforeTax": 54000000, "incomeBeforeTaxRatio": 0.0274599542, "incomeTaxExpense": 20400000, "netIncome": 33600000, "netIncomeRatio": 0.0170861937, "eps": 0.42, "epsdiluted": 0.39, "weightedAverageShsOut": 80000000, "weightedAverageShsOutDil": 86153846, "link": null, "finalLink": null, "calculatedOtherExpenses": 7200000, "calculatedOperatingExpenses": 75000000, "calculatedNetInterest": 3300000, "calculatedOtherIncome": -8300000, "calculatedIncomeNonControlling": 0, "calculatedEbitda": 66200000}, {"date": "1992-03-31", "symbol": "CAH", "reportedCurrency": "USD", "cik": "0000721371", "fillingDate": "1992-03-31", "acceptedDate": "1992-03-31 00:00:00", "calendarYear": "1992", "period": "FY", "revenue": 1647600000, "costOfRevenue": 1532100000, "grossProfit": 115500000, "grossProfitRatio": 0.0701019665, "researchAndDevelopmentExpenses": 0, "generalAndAdministrativeExpenses": 62500000, "sellingAndMarketingExpenses": 0, "sellingGeneralAndAdministrativeExpenses": 62500000, "otherExpenses": 5600000, "operatingExpenses": 68100000, "costAndExpenses": 1600200000, "interestIncome": 0, "interestExpense": 1000000, "depreciationAndAmortization": 5600000, "ebitda": 47600000, "ebitdaratio": 0.0288905074, "operatingIncome": 47400000, "operatingIncomeRatio": 0.0287691187, "totalOtherIncomeExpensesNet": 5400000, "incomeBeforeTax": 41000000, "incomeBeforeTaxRatio": 0.0248846807, "incomeTaxExpense": 15800000, "netIncome": 25200000, "netIncomeRatio": 0.0152949745, "eps": 0.31, "epsdiluted": 0.3, "weightedAverageShsOut": 81290323, "weightedAverageShsOutDil": 84000000, "link": null, "finalLink": null, "calculatedOtherExpenses": 5600000, "calculatedOperatingExpenses": 68100000, "calculatedNetInterest": -1000000, "calculatedOtherIncome": -5400000, "calculatedIncomeNonControlling": 0, "calculatedEbitda": 53000000}, {"date": "1991-03-31", "symbol": "CAH", "reportedCurrency": "USD", "cik": "0000721371", "fillingDate": "1991-03-31", "acceptedDate": "1991-03-31 00:00:00", "calendarYear": "1991", "period": "FY", "revenue": 1184300000, "costOfRevenue": 1097200000, "grossProfit": 87100000, "grossProfitRatio": 0.0735455543, "researchAndDevelopmentExpenses": 0, "generalAndAdministrativeExpenses": 47800000, "sellingAndMarketingExpenses": 0, "sellingGeneralAndAdministrativeExpenses": 47800000, "otherExpenses": 4600000, "operatingExpenses": 52400000, "costAndExpenses": 1149600000, "interestIncome": 0, "interestExpense": 1700000, "depreciationAndAmortization": 4600000, "ebitda": 34800000, "ebitdaratio": 0.0293844465, "operatingIncome": 34700000, "operatingIncomeRatio": 0.0293000084, "totalOtherIncomeExpensesNet": 4500000, "incomeBeforeTax": 28500000, "incomeBeforeTaxRatio": 0.0240648484, "incomeTaxExpense": 11100000, "netIncome": 17400000, "netIncomeRatio": 0.0146922233, "eps": 0.25, "epsdiluted": 0.24, "weightedAverageShsOut": 69600000, "weightedAverageShsOutDil": 72500000, "link": null, "finalLink": null, "calculatedOtherExpenses": 4600000, "calculatedOperatingExpenses": 52400000, "calculatedNetInterest": -1700000, "calculatedOtherIncome": -4500000, "calculatedIncomeNonControlling": 0, "calculatedEbitda": 39300000}, {"date": "1990-03-31", "symbol": "CAH", "reportedCurrency": "USD", "cik": "0000721371", "fillingDate": "1990-03-31", "acceptedDate": "1990-03-31 00:00:00", "calendarYear": "1990", "period": "FY", "revenue": 873900000, "costOfRevenue": 810600000, "grossProfit": 63300000, "grossProfitRatio": 0.0724339169, "researchAndDevelopmentExpenses": 0, "generalAndAdministrativeExpenses": 35400000, "sellingAndMarketingExpenses": 0, "sellingGeneralAndAdministrativeExpenses": 35400000, "otherExpenses": 3100000, "operatingExpenses": 38500000, "costAndExpenses": 849100000, "interestIncome": 0, "interestExpense": 1800000, "depreciationAndAmortization": 3100000, "ebitda": 25900000, "ebitdaratio": 0.0296372583, "operatingIncome": 24800000, "operatingIncomeRatio": 0.028378533, "totalOtherIncomeExpensesNet": 2000000, "incomeBeforeTax": 21000000, "incomeBeforeTaxRatio": 0.0240302094, "incomeTaxExpense": 8200000, "netIncome": 12800000, "netIncomeRatio": 0.0146469848, "eps": 0.19, "epsdiluted": 0.19, "weightedAverageShsOut": 67368421, "weightedAverageShsOutDil": 67368421, "link": null, "finalLink": null, "calculatedOtherExpenses": 3100000, "calculatedOperatingExpenses": 38500000, "calculatedNetInterest": -1800000, "calculatedOtherIncome": -2000000, "calculatedIncomeNonControlling": 0, "calculatedEbitda": 27900000}, {"date": "1989-03-31", "symbol": "CAH", "reportedCurrency": "USD", "cik": "0000721371", "fillingDate": "1989-03-31", "acceptedDate": "1989-03-31 00:00:00", "calendarYear": "1989", "period": "FY", "revenue": 700400000, "costOfRevenue": 650100000, "grossProfit": 50300000, "grossProfitRatio": 0.0718161051, "researchAndDevelopmentExpenses": 0, "generalAndAdministrativeExpenses": 29300000, "sellingAndMarketingExpenses": 0, "sellingGeneralAndAdministrativeExpenses": 29300000, "otherExpenses": 2800000, "operatingExpenses": 32100000, "costAndExpenses": 682200000, "interestIncome": 0, "interestExpense": 2400000, "depreciationAndAmortization": 2800000, "ebitda": 19100000, "ebitdaratio": 0.0272701314, "operatingIncome": 18200000, "operatingIncomeRatio": 0.0259851513, "totalOtherIncomeExpensesNet": 1900000, "incomeBeforeTax": 13600000, "incomeBeforeTaxRatio": 0.0194174757, "incomeTaxExpense": 5100000, "netIncome": 8800000, "netIncomeRatio": 0.012564249, "eps": 0.19, "epsdiluted": 0.16, "weightedAverageShsOut": 46315789, "weightedAverageShsOutDil": 55000000, "link": null, "finalLink": null, "calculatedOtherExpenses": 2800000, "calculatedOperatingExpenses": 32100000, "calculatedNetInterest": -2400000, "calculatedOtherIncome": -2200000, "calculatedIncomeNonControlling": -300000, "calculatedEbitda": 21000000}, {"date": "1988-03-31", "symbol": "CAH", "reportedCurrency": "USD", "cik": "0000721371", "fillingDate": "1988-03-31", "acceptedDate": "1988-03-31 00:00:00", "calendarYear": "1988", "period": "FY", "revenue": 524600000, "costOfRevenue": 487400000, "grossProfit": 37200000, "grossProfitRatio": 0.0709111704, "researchAndDevelopmentExpenses": 0, "generalAndAdministrativeExpenses": 22200000, "sellingAndMarketingExpenses": 0, "sellingGeneralAndAdministrativeExpenses": 22200000, "otherExpenses": 2000000, "operatingExpenses": 24200000, "costAndExpenses": 511600000, "interestIncome": 0, "interestExpense": 2000000, "depreciationAndAmortization": 2000000, "ebitda": 14000000, "ebitdaratio": 0.0266869996, "operatingIncome": 13000000, "operatingIncomeRatio": 0.0247807854, "totalOtherIncomeExpensesNet": 1000000, "incomeBeforeTax": 8200000, "incomeBeforeTaxRatio": 0.0156309569, "incomeTaxExpense": 3400000, "netIncome": 6600000, "netIncomeRatio": 0.0125810141, "eps": 0.15, "epsdiluted": 0.13, "weightedAverageShsOut": 44000000, "weightedAverageShsOutDil": 50769231, "link": null, "finalLink": null, "calculatedOtherExpenses": 2000000, "calculatedOperatingExpenses": 24200000, "calculatedNetInterest": -2000000, "calculatedOtherIncome": -2800000, "calculatedIncomeNonControlling": -1800000, "calculatedEbitda": 15000000}, {"date": "1987-03-31", "symbol": "CAH", "reportedCurrency": "USD", "cik": "0000721371", "fillingDate": "1987-03-31", "acceptedDate": "1987-03-31 00:00:00", "calendarYear": "1987", "period": "FY", "revenue": 652300000, "costOfRevenue": 602100000, "grossProfit": 50200000, "grossProfitRatio": 0.0769584547, "researchAndDevelopmentExpenses": 0, "generalAndAdministrativeExpenses": 34200000, "sellingAndMarketingExpenses": 0, "sellingGeneralAndAdministrativeExpenses": 34200000, "otherExpenses": 3600000, "operatingExpenses": 37800000, "costAndExpenses": 639900000, "interestIncome": 0, "interestExpense": -1800000, "depreciationAndAmortization": 3600000, "ebitda": 12800000, "ebitdaratio": 0.0196228729, "operatingIncome": 12400000, "operatingIncomeRatio": 0.0190096581, "totalOtherIncomeExpensesNet": 3200000, "incomeBeforeTax": 11000000, "incomeBeforeTaxRatio": 0.0168634064, "incomeTaxExpense": 5600000, "netIncome": 5400000, "netIncomeRatio": 0.0082783995, "eps": 0.13, "epsdiluted": 0.11, "weightedAverageShsOut": 41538462, "weightedAverageShsOutDil": 49090909, "link": null, "finalLink": null, "calculatedOtherExpenses": 3600000, "calculatedOperatingExpenses": 37800000, "calculatedNetInterest": 1800000, "calculatedOtherIncome": -3200000, "calculatedIncomeNonControlling": 0, "calculatedEbitda": 16000000}, {"date": "1986-03-31", "symbol": "CAH", "reportedCurrency": "USD", "cik": "0000721371", "fillingDate": "1986-03-31", "acceptedDate": "1986-03-31 00:00:00", "calendarYear": "1986", "period": "FY", "revenue": 429000000, "costOfRevenue": 396400000, "grossProfit": 32600000, "grossProfitRatio": 0.075990676, "researchAndDevelopmentExpenses": 0, "generalAndAdministrativeExpenses": 22200000, "sellingAndMarketingExpenses": 0, "sellingGeneralAndAdministrativeExpenses": 22200000, "otherExpenses": 2000000, "operatingExpenses": 24200000, "costAndExpenses": 420600000, "interestIncome": 0, "interestExpense": -6500000, "depreciationAndAmortization": 2000000, "ebitda": 5500000, "ebitdaratio": 0.0128205128, "operatingIncome": 8400000, "operatingIncomeRatio": 0.0195804196, "totalOtherIncomeExpensesNet": 4900000, "incomeBeforeTax": 10000000, "incomeBeforeTaxRatio": 0.0233100233, "incomeTaxExpense": 4000000, "netIncome": 6000000, "netIncomeRatio": 0.013986014, "eps": 0.14, "epsdiluted": 0.12, "weightedAverageShsOut": 42857143, "weightedAverageShsOutDil": 50000000, "link": null, "finalLink": null, "calculatedOtherExpenses": 2000000, "calculatedOperatingExpenses": 24200000, "calculatedNetInterest": 6500000, "calculatedOtherIncome": -4900000, "calculatedIncomeNonControlling": 0, "calculatedEbitda": 10400000}]}