{"originalCurrency": "USD", "convertedCurrency": "USD", "report": [{"date": "2023-06-03", "symbol": "CALM", "reportedCurrency": "USD", "cik": "0000016160", "fillingDate": "2023-07-25", "acceptedDate": "2023-07-25 16:14:45", "calendarYear": "2023", "period": "FY", "revenue": 3146217000, "costOfRevenue": 1949760000, "grossProfit": 1196457000, "grossProfitRatio": 0.3802843224, "researchAndDevelopmentExpenses": 0, "generalAndAdministrativeExpenses": 154659000, "sellingAndMarketingExpenses": 77548000, "sellingGeneralAndAdministrativeExpenses": 232207000, "otherExpenses": 1869000, "operatingExpenses": 232207000, "costAndExpenses": 2181967000, "interestIncome": 18553000, "interestExpense": 583000, "depreciationAndAmortization": 72234000, "ebitda": 1057652000, "ebitdaratio": 0.3361662594, "operatingIncome": 967726000, "operatingIncomeRatio": 0.3075839969, "totalOtherIncomeExpensesNet": 16330000, "incomeBeforeTax": 998550000, "incomeBeforeTaxRatio": 0.3173811597, "incomeTaxExpense": 241818000, "netIncome": 758024000, "netIncomeRatio": 0.2409318874, "eps": 15.58, "epsdiluted": 15.52, "weightedAverageShsOut": 48648000, "weightedAverageShsOutDil": 48834000, "link": "https://www.sec.gov/Archives/edgar/data/16160/000156276223000287/0001562762-23-000287-index.htm", "finalLink": "https://www.sec.gov/Archives/edgar/data/16160/000156276223000287/calm-20230603_10K.htm", "calculatedOtherExpenses": -3476000, "calculatedOperatingExpenses": 228731000, "calculatedNetInterest": 17970000, "calculatedOtherIncome": 12854000, "calculatedIncomeNonControlling": -1292000, "calculatedEbitda": 1039960000}, {"date": "2022-05-28", "symbol": "CALM", "reportedCurrency": "USD", "cik": "0000016160", "fillingDate": "2022-07-19", "acceptedDate": "2022-07-19 16:08:35", "calendarYear": "2022", "period": "FY", "revenue": 1777159000, "costOfRevenue": 1440100000, "grossProfit": 337059000, "grossProfitRatio": 0.1896617016, "researchAndDevelopmentExpenses": 0, "generalAndAdministrativeExpenses": 135954000, "sellingAndMarketingExpenses": 62677000, "sellingGeneralAndAdministrativeExpenses": 198631000, "otherExpenses": 9820000, "operatingExpenses": 198631000, "costAndExpenses": 1638731000, "interestIncome": 988000, "interestExpense": 403000, "depreciationAndAmortization": 76037000, "ebitda": 219574000, "ebitdaratio": 0.1235533793, "operatingIncome": 143537000, "operatingIncomeRatio": 0.0807676747, "totalOtherIncomeExpensesNet": 22478000, "incomeBeforeTax": 166015000, "incomeBeforeTaxRatio": 0.0934159521, "incomeTaxExpense": 33574000, "netIncome": 132650000, "netIncomeRatio": 0.0746416049, "eps": 2.73, "epsdiluted": 2.72, "weightedAverageShsOut": 48581000, "weightedAverageShsOutDil": 48734000, "link": "https://www.sec.gov/Archives/edgar/data/16160/000156276222000297/0001562762-22-000297-index.htm", "finalLink": "https://www.sec.gov/Archives/edgar/data/16160/000156276222000297/calm-20210529_10K.htm", "calculatedOtherExpenses": -5109000, "calculatedOperatingExpenses": 193522000, "calculatedNetInterest": 585000, "calculatedOtherIncome": 21893000, "calculatedIncomeNonControlling": -209000, "calculatedEbitda": 219574000}, {"date": "2021-05-29", "symbol": "CALM", "reportedCurrency": "USD", "cik": "0000016160", "fillingDate": "2021-07-19", "acceptedDate": "2021-07-19 06:49:16", "calendarYear": "2021", "period": "FY", "revenue": 1348987000, "costOfRevenue": 1188326000, "grossProfit": 160661000, "grossProfitRatio": 0.1190975154, "researchAndDevelopmentExpenses": 0, "generalAndAdministrativeExpenses": 131273000, "sellingAndMarketingExpenses": 52670000, "sellingGeneralAndAdministrativeExpenses": 183943000, "otherExpenses": 4074000, "operatingExpenses": 183943000, "costAndExpenses": 1372269000, "interestIncome": 2828000, "interestExpense": 213000, "depreciationAndAmortization": 59477000, "ebitda": 43719000, "ebitdaratio": 0.032408763, "operatingIncome": -15758000, "operatingIncomeRatio": -0.0116813579, "totalOtherIncomeExpensesNet": 5809000, "incomeBeforeTax": -9949000, "incomeBeforeTaxRatio": -0.0073751637, "incomeTaxExpense": -12009000, "netIncome": 2060000, "netIncomeRatio": 0.0015270718, "eps": 0.0424, "epsdiluted": 0.0423, "weightedAverageShsOut": 48522000, "weightedAverageShsOutDil": 48656000, "link": "https://www.sec.gov/Archives/edgar/data/16160/000156276221000265/0001562762-21-000265-index.htm", "finalLink": "https://www.sec.gov/Archives/edgar/data/16160/000156276221000265/calm-20210529_10K.htm", "calculatedOtherExpenses": -7524000, "calculatedOperatingExpenses": 176419000, "calculatedNetInterest": 2615000, "calculatedOtherIncome": 3194000, "calculatedIncomeNonControlling": 0, "calculatedEbitda": 43719000}, {"date": "2020-05-30", "symbol": "CALM", "reportedCurrency": "USD", "cik": "0000016160", "fillingDate": "2020-07-20", "acceptedDate": "2020-07-20 06:50:09", "calendarYear": "2020", "period": "FY", "revenue": 1351609000, "costOfRevenue": 1172021000, "grossProfit": 179588000, "grossProfitRatio": 0.132869787, "researchAndDevelopmentExpenses": 0, "generalAndAdministrativeExpenses": 126007000, "sellingAndMarketingExpenses": 52230000, "sellingGeneralAndAdministrativeExpenses": 178237000, "otherExpenses": 18790000, "operatingExpenses": 178237000, "costAndExpenses": 1350258000, "interestIncome": 4962000, "interestExpense": 498000, "depreciationAndAmortization": 58103000, "ebitda": 1433000, "ebitdaratio": 0.0010602179, "operatingIncome": -56670000, "operatingIncomeRatio": -0.041927806, "totalOtherIncomeExpensesNet": 76729000, "incomeBeforeTax": 20059000, "incomeBeforeTaxRatio": 0.0148408304, "incomeTaxExpense": 1731000, "netIncome": 18391000, "netIncomeRatio": 0.0136067457, "eps": 0.38, "epsdiluted": 0.38, "weightedAverageShsOut": 48467000, "weightedAverageShsOutDil": 48584000, "link": "https://www.sec.gov/Archives/edgar/data/16160/000001616020000078/0000016160-20-000078-index.htm", "finalLink": "https://www.sec.gov/Archives/edgar/data/16160/000001616020000078/calm-20200530.htm", "calculatedOtherExpenses": 58021000, "calculatedOperatingExpenses": 236258000, "calculatedNetInterest": 4464000, "calculatedOtherIncome": 72265000, "calculatedIncomeNonControlling": -63000, "calculatedEbitda": 1433000}, {"date": "2019-06-01", "symbol": "CALM", "reportedCurrency": "USD", "cik": "0000016160", "fillingDate": "2019-07-22", "acceptedDate": "2019-07-22 07:31:43", "calendarYear": "2019", "period": "FY", "revenue": 1361188000, "costOfRevenue": 1138329000, "grossProfit": 222859000, "grossProfitRatio": 0.1637238941, "researchAndDevelopmentExpenses": 0, "generalAndAdministrativeExpenses": 121200000, "sellingAndMarketingExpenses": 53595000, "sellingGeneralAndAdministrativeExpenses": 174795000, "otherExpenses": 25024000, "operatingExpenses": 174795000, "costAndExpenses": 1313124000, "interestIncome": 7978000, "interestExpense": 644000, "depreciationAndAmortization": 54650000, "ebitda": 50347000, "ebitdaratio": 0.0369875432, "operatingIncome": 55398000, "operatingIncomeRatio": 0.0406982724, "totalOtherIncomeExpensesNet": 75108000, "incomeBeforeTax": 70805000, "incomeBeforeTaxRatio": 0.0520170616, "incomeTaxExpense": 15743000, "netIncome": 54229000, "netIncomeRatio": 0.0398394638, "eps": 1.12, "epsdiluted": 1.12, "weightedAverageShsOut": 48467000, "weightedAverageShsOutDil": 48589000, "link": "https://www.sec.gov/Archives/edgar/data/16160/000001616019000048/0000016160-19-000048-index.htm", "finalLink": "https://www.sec.gov/Archives/edgar/data/16160/000001616019000048/calm-2019x06x01x10k.htm", "calculatedOtherExpenses": -7334000, "calculatedOperatingExpenses": 167461000, "calculatedNetInterest": 7334000, "calculatedOtherIncome": 8073000, "calculatedIncomeNonControlling": 833000, "calculatedEbitda": 110048000}, {"date": "2018-06-02", "symbol": "CALM", "reportedCurrency": "USD", "cik": "0000016160", "fillingDate": "2018-07-23", "acceptedDate": "2018-07-23 07:27:47", "calendarYear": "2018", "period": "FY", "revenue": 1502932000, "costOfRevenue": 1141886000, "grossProfit": 361046000, "grossProfitRatio": 0.2402277681, "researchAndDevelopmentExpenses": 0, "generalAndAdministrativeExpenses": 123972000, "sellingAndMarketingExpenses": 53177000, "sellingGeneralAndAdministrativeExpenses": 177149000, "otherExpenses": -573000, "operatingExpenses": 177149000, "costAndExpenses": 1319035000, "interestIncome": 3697000, "interestExpense": 265000, "depreciationAndAmortization": 54026000, "ebitda": 102675000, "ebitdaratio": 0.0683164641, "operatingIncome": 102675000, "operatingIncomeRatio": 0.0683164641, "totalOtherIncomeExpensesNet": -69993000, "incomeBeforeTax": 117337000, "incomeBeforeTaxRatio": 0.0780720618, "incomeTaxExpense": -8859000, "netIncome": 125932000, "netIncomeRatio": 0.0837908834, "eps": 2.6, "epsdiluted": 2.6, "weightedAverageShsOut": 48353000, "weightedAverageShsOutDil": 48468000, "link": "https://www.sec.gov/Archives/edgar/data/16160/000001616018000071/0000016160-18-000071-index.htm", "finalLink": "https://www.sec.gov/Archives/edgar/data/16160/000001616018000071/calm-2018x06x02x10k.htm", "calculatedOtherExpenses": 81222000, "calculatedOperatingExpenses": 258371000, "calculatedNetInterest": 3432000, "calculatedOtherIncome": 11230000, "calculatedIncomeNonControlling": 264000, "calculatedEbitda": 156701000}, {"date": "2017-06-03", "symbol": "CALM", "reportedCurrency": "USD", "cik": "0000016160", "fillingDate": "2017-07-24", "acceptedDate": "2017-07-24 07:26:46", "calendarYear": "2017", "period": "FY", "revenue": 1074513000, "costOfRevenue": 1028963000, "grossProfit": 45550000, "grossProfitRatio": 0.0423912973, "researchAndDevelopmentExpenses": 0, "generalAndAdministrativeExpenses": 120698000, "sellingAndMarketingExpenses": 53282000, "sellingGeneralAndAdministrativeExpenses": 173980000, "otherExpenses": 5960000, "operatingExpenses": 173980000, "costAndExpenses": 1202943000, "interestIncome": 3103000, "interestExpense": 318000, "depreciationAndAmortization": 49113000, "ebitda": -132094000, "ebitdaratio": -0.1229338314, "operatingIncome": -132094000, "operatingIncomeRatio": -0.1229338314, "totalOtherIncomeExpensesNet": 11351000, "incomeBeforeTax": -114294000, "incomeBeforeTaxRatio": -0.1063681873, "incomeTaxExpense": -39867000, "netIncome": -74278000, "netIncomeRatio": -0.0691271302, "eps": -1.54, "epsdiluted": -1.54, "weightedAverageShsOut": 48232467, "weightedAverageShsOutDil": 48362000, "link": "https://www.sec.gov/Archives/edgar/data/16160/000001616017000017/0000016160-17-000017-index.htm", "finalLink": "https://www.sec.gov/Archives/edgar/data/16160/000001616017000017/calm-2017x06x03x10k.htm", "calculatedOtherExpenses": 3664000, "calculatedOperatingExpenses": 177644000, "calculatedNetInterest": 2785000, "calculatedOtherIncome": 15015000, "calculatedIncomeNonControlling": -149000, "calculatedEbitda": -82981000}, {"date": "2016-05-28", "symbol": "CALM", "reportedCurrency": "USD", "cik": "0000016160", "fillingDate": "2016-07-18", "acceptedDate": "2016-07-18 07:13:52", "calendarYear": "2016", "period": "FY", "revenue": 1908650000, "costOfRevenue": 1260576000, "grossProfit": 648074000, "grossProfitRatio": 0.3395457522, "researchAndDevelopmentExpenses": 0, "generalAndAdministrativeExpenses": 128131000, "sellingAndMarketingExpenses": 49629000, "sellingGeneralAndAdministrativeExpenses": 177760000, "otherExpenses": 1831000, "operatingExpenses": 177760000, "costAndExpenses": 1438336000, "interestIncome": 4314000, "interestExpense": 1156000, "depreciationAndAmortization": 44592000, "ebitda": 470314000, "ebitdaratio": 0.2464118618, "operatingIncome": 470314000, "operatingIncomeRatio": 0.2464118618, "totalOtherIncomeExpensesNet": 13777000, "incomeBeforeTax": 487249000, "incomeBeforeTaxRatio": 0.2552846253, "incomeTaxExpense": 169202000, "netIncome": 316041000, "netIncomeRatio": 0.1655835276, "eps": 6.56, "epsdiluted": 6.53, "weightedAverageShsOut": 48195000, "weightedAverageShsOutDil": 48365000, "link": "https://www.sec.gov/Archives/edgar/data/16160/000001616016000061/0000016160-16-000061-index.htm", "finalLink": "https://www.sec.gov/Archives/edgar/data/16160/000001616016000061/calm-20160528x10k.htm", "calculatedOtherExpenses": 0, "calculatedOperatingExpenses": 177760000, "calculatedNetInterest": 3158000, "calculatedOtherIncome": 13777000, "calculatedIncomeNonControlling": 2006000, "calculatedEbitda": 514906000}, {"date": "2015-05-30", "symbol": "CALM", "reportedCurrency": "USD", "cik": "0000016160", "fillingDate": "2015-07-20", "acceptedDate": "2015-07-20 07:40:53", "calendarYear": "2015", "period": "FY", "revenue": 1576128000, "costOfRevenue": 1180407000, "grossProfit": 395721000, "grossProfitRatio": 0.2510716135, "researchAndDevelopmentExpenses": 0, "generalAndAdministrativeExpenses": 113387000, "sellingAndMarketingExpenses": 46999000, "sellingGeneralAndAdministrativeExpenses": 160386000, "otherExpenses": 2179000, "operatingExpenses": 160386000, "costAndExpenses": 1340793000, "interestIncome": 1798000, "interestExpense": 2313000, "depreciationAndAmortization": 40708000, "ebitda": 235335000, "ebitdaratio": 0.1493121117, "operatingIncome": 235335000, "operatingIncomeRatio": 0.1493121117, "totalOtherIncomeExpensesNet": 11729000, "incomeBeforeTax": 246549000, "incomeBeforeTaxRatio": 0.1564270161, "incomeTaxExpense": 84268000, "netIncome": 161254000, "netIncomeRatio": 0.1023102185, "eps": 3.35, "epsdiluted": 3.33, "weightedAverageShsOut": 48136000, "weightedAverageShsOutDil": 48437000, "link": "https://www.sec.gov/Archives/edgar/data/16160/000001616015000019/0000016160-15-000019-index.htm", "finalLink": "https://www.sec.gov/Archives/edgar/data/16160/000001616015000019/calm-20150530x10k.htm", "calculatedOtherExpenses": 0, "calculatedOperatingExpenses": 160386000, "calculatedNetInterest": -515000, "calculatedOtherIncome": 11729000, "calculatedIncomeNonControlling": 1027000, "calculatedEbitda": 276043000}, {"date": "2014-05-31", "symbol": "CALM", "reportedCurrency": "USD", "cik": "0000016160", "fillingDate": "2014-07-28", "acceptedDate": "2014-07-28 07:53:20", "calendarYear": "2014", "period": "FY", "revenue": 1440907000, "costOfRevenue": 1138143000, "grossProfit": 302764000, "grossProfitRatio": 0.2101204311, "researchAndDevelopmentExpenses": 0, "generalAndAdministrativeExpenses": 113666000, "sellingAndMarketingExpenses": 43046000, "sellingGeneralAndAdministrativeExpenses": 156712000, "otherExpenses": 8795000, "operatingExpenses": 156712000, "costAndExpenses": 1294855000, "interestIncome": 1099000, "interestExpense": 3755000, "depreciationAndAmortization": 37203000, "ebitda": 146052000, "ebitdaratio": 0.1013611565, "operatingIncome": 146052000, "operatingIncomeRatio": 0.1013611565, "totalOtherIncomeExpensesNet": 18446000, "incomeBeforeTax": 161842000, "incomeBeforeTaxRatio": 0.1123195321, "incomeTaxExpense": 52035000, "netIncome": 109207000, "netIncomeRatio": 0.075790457, "eps": 2.27, "epsdiluted": 2.26, "weightedAverageShsOut": 48095000, "weightedAverageShsOutDil": 48297000, "link": "https://www.sec.gov/Archives/edgar/data/16160/000001616014000015/0000016160-14-000015-index.htm", "finalLink": "https://www.sec.gov/Archives/edgar/data/16160/000001616014000015/calm-20140531x10k.htm", "calculatedOtherExpenses": 0, "calculatedOperatingExpenses": 156712000, "calculatedNetInterest": -2656000, "calculatedOtherIncome": 18446000, "calculatedIncomeNonControlling": 600000, "calculatedEbitda": 183255000}, {"date": "2013-06-01", "symbol": "CALM", "reportedCurrency": "USD", "cik": "0000016160", "fillingDate": "2013-08-05", "acceptedDate": "2013-08-05 12:30:00", "calendarYear": "2013", "period": "FY", "revenue": 1288104000, "costOfRevenue": 1073555000, "grossProfit": 214549000, "grossProfitRatio": 0.1665618615, "researchAndDevelopmentExpenses": 0, "generalAndAdministrativeExpenses": 88841000, "sellingAndMarketingExpenses": 38115000, "sellingGeneralAndAdministrativeExpenses": 126956000, "otherExpenses": 2101000, "operatingExpenses": 126956000, "costAndExpenses": 1200511000, "interestIncome": 582000, "interestExpense": 4488000, "depreciationAndAmortization": 34173000, "ebitda": 59593000, "ebitdaratio": 0.0462641215, "operatingIncome": 59593000, "operatingIncomeRatio": 0.0462641215, "totalOtherIncomeExpensesNet": -8119000, "incomeBeforeTax": 75568000, "incomeBeforeTaxRatio": 0.0586660704, "incomeTaxExpense": 24807000, "netIncome": 50423000, "netIncomeRatio": 0.0391451311, "eps": 1.05, "epsdiluted": 1.05, "weightedAverageShsOut": 47967000, "weightedAverageShsOutDil": 48088000, "link": "https://www.sec.gov/Archives/edgar/data/16160/000114420413042925/0001144204-13-042925-index.htm", "finalLink": "https://www.sec.gov/Archives/edgar/data/16160/000114420413042925/v351771_10k.htm", "calculatedOtherExpenses": 28000000, "calculatedOperatingExpenses": 154956000, "calculatedNetInterest": -3906000, "calculatedOtherIncome": 19881000, "calculatedIncomeNonControlling": 338000, "calculatedEbitda": 93766000}, {"date": "2012-06-02", "symbol": "CALM", "reportedCurrency": "USD", "cik": "0000016160", "fillingDate": "2012-08-06", "acceptedDate": "2012-08-06 15:46:46", "calendarYear": "2012", "period": "FY", "revenue": 1113116000, "costOfRevenue": 911334000, "grossProfit": 201782000, "grossProfitRatio": 0.1812767043, "researchAndDevelopmentExpenses": 0, "generalAndAdministrativeExpenses": 77921000, "sellingAndMarketingExpenses": 35209000, "sellingGeneralAndAdministrativeExpenses": 113130000, "otherExpenses": 0, "operatingExpenses": 113130000, "costAndExpenses": 1024464000, "interestIncome": 1289000, "interestExpense": 5047000, "depreciationAndAmortization": 30752000, "ebitda": 88652000, "ebitdaratio": 0.079643092, "operatingIncome": 88652000, "operatingIncomeRatio": 0.079643092, "totalOtherIncomeExpensesNet": 54183000, "incomeBeforeTax": 139077000, "incomeBeforeTaxRatio": 0.1249438513, "incomeTaxExpense": 49110000, "netIncome": 89735000, "netIncomeRatio": 0.0806160364, "eps": 1.88, "epsdiluted": 1.88, "weightedAverageShsOut": 47750000, "weightedAverageShsOutDil": 47884000, "link": "https://www.sec.gov/Archives/edgar/data/16160/000114420412043035/0001144204-12-043035-index.htm", "finalLink": "https://www.sec.gov/Archives/edgar/data/16160/000114420412043035/v320372_10k.htm", "calculatedOtherExpenses": 0, "calculatedOperatingExpenses": 113130000, "calculatedNetInterest": -3758000, "calculatedOtherIncome": 54183000, "calculatedIncomeNonControlling": 232000, "calculatedEbitda": 119404000}, {"date": "2011-05-28", "symbol": "CALM", "reportedCurrency": "USD", "cik": "0000016160", "fillingDate": "2011-08-04", "acceptedDate": "2011-08-04 11:20:26", "calendarYear": "2011", "period": "FY", "revenue": 941981000, "costOfRevenue": 757050000, "grossProfit": 184931000, "grossProfitRatio": 0.1963213695, "researchAndDevelopmentExpenses": 0, "generalAndAdministrativeExpenses": 0, "sellingAndMarketingExpenses": 0, "sellingGeneralAndAdministrativeExpenses": 101448000, "otherExpenses": 0, "operatingExpenses": 101448000, "costAndExpenses": 858498000, "interestIncome": 834000, "interestExpense": 6856000, "depreciationAndAmortization": 30754000, "ebitda": 119772000, "ebitdaratio": 0.1271490614, "operatingIncome": 83483000, "operatingIncomeRatio": 0.0886249298, "totalOtherIncomeExpensesNet": 14210000, "incomeBeforeTax": 91671000, "incomeBeforeTaxRatio": 0.0973172495, "incomeTaxExpense": 33403000, "netIncome": 60839000, "netIncomeRatio": 0.0645862284, "eps": 1.27, "epsdiluted": 1.27, "weightedAverageShsOut": 47710000, "weightedAverageShsOutDil": 47884000, "link": "https://www.sec.gov/Archives/edgar/data/16160/000114420411043870/0001144204-11-043870-index.htm", "finalLink": "https://www.sec.gov/Archives/edgar/data/16160/000114420411043870/v230732_10k.htm", "calculatedOtherExpenses": 0, "calculatedOperatingExpenses": 101448000, "calculatedNetInterest": -6022000, "calculatedOtherIncome": 14210000, "calculatedIncomeNonControlling": -2571000, "calculatedEbitda": 114237000}, {"date": "2010-05-29", "symbol": "CALM", "reportedCurrency": "USD", "cik": "0000016160", "fillingDate": "2010-08-02", "acceptedDate": "2010-08-02 17:16:44", "calendarYear": "2010", "period": "FY", "revenue": 910143000, "costOfRevenue": 715499000, "grossProfit": 194644000, "grossProfitRatio": 0.2138608988, "researchAndDevelopmentExpenses": 0, "generalAndAdministrativeExpenses": 0, "sellingAndMarketingExpenses": 0, "sellingGeneralAndAdministrativeExpenses": 92040000, "otherExpenses": 0, "operatingExpenses": 92040000, "costAndExpenses": 807539000, "interestIncome": 888000, "interestExpense": 7616000, "depreciationAndAmortization": 31785000, "ebitda": 138784000, "ebitdaratio": 0.152485928, "operatingIncome": 102604000, "operatingIncomeRatio": 0.112733933, "totalOtherIncomeExpensesNet": 7617000, "incomeBeforeTax": 103493000, "incomeBeforeTaxRatio": 0.1137107026, "incomeTaxExpense": 37961000, "netIncome": 67823000, "netIncomeRatio": 0.0745190591, "eps": 1.43, "epsdiluted": 1.42, "weightedAverageShsOut": 47624000, "weightedAverageShsOutDil": 47754000, "link": "https://www.sec.gov/Archives/edgar/data/16160/000114420410040719/0001144204-10-040719-index.htm", "finalLink": "https://www.sec.gov/Archives/edgar/data/16160/000114420410040719/v192050_10k.htm", "calculatedOtherExpenses": 0, "calculatedOperatingExpenses": 92040000, "calculatedNetInterest": -6728000, "calculatedOtherIncome": 7617000, "calculatedIncomeNonControlling": -2291000, "calculatedEbitda": 134389000}, {"date": "2009-05-30", "symbol": "CALM", "reportedCurrency": "USD", "cik": "0000016160", "fillingDate": "2009-08-11", "acceptedDate": "2009-08-11 15:00:50", "calendarYear": "2009", "period": "FY", "revenue": 928812000, "costOfRevenue": 724085000, "grossProfit": 204727000, "grossProfitRatio": 0.2204181255, "researchAndDevelopmentExpenses": 0, "generalAndAdministrativeExpenses": 0, "sellingAndMarketingExpenses": 0, "sellingGeneralAndAdministrativeExpenses": 83253000, "otherExpenses": 0, "operatingExpenses": 83253000, "costAndExpenses": 807338000, "interestIncome": 2054000, "interestExpense": 7096000, "depreciationAndAmortization": 28076000, "ebitda": 121474000, "ebitdaratio": 0.1307842707, "operatingIncome": 121474000, "operatingIncomeRatio": 0.1307842707, "totalOtherIncomeExpensesNet": 4902000, "incomeBeforeTax": 121010000, "incomeBeforeTaxRatio": 0.1302847078, "incomeTaxExpense": 41510000, "netIncome": 79500000, "netIncomeRatio": 0.0855932094, "eps": 1.67, "epsdiluted": 1.67, "weightedAverageShsOut": 47538000, "weightedAverageShsOutDil": 47622000, "link": "https://www.sec.gov/Archives/edgar/data/16160/000114420409042014/0001144204-09-042014-index.htm", "finalLink": "https://www.sec.gov/Archives/edgar/data/16160/000114420409042014/v157161_10k.htm", "calculatedOtherExpenses": 0, "calculatedOperatingExpenses": 83253000, "calculatedNetInterest": -5042000, "calculatedOtherIncome": 4578000, "calculatedIncomeNonControlling": 0, "calculatedEbitda": 149550000}, {"date": "2008-05-31", "symbol": "CALM", "reportedCurrency": "USD", "cik": "0000016160", "fillingDate": "2008-08-05", "acceptedDate": "2008-08-04 17:41:08", "calendarYear": "2008", "period": "FY", "revenue": 915939000, "costOfRevenue": 617383000, "grossProfit": 298556000, "grossProfitRatio": 0.3259562045, "researchAndDevelopmentExpenses": 0, "generalAndAdministrativeExpenses": 0, "sellingAndMarketingExpenses": 0, "sellingGeneralAndAdministrativeExpenses": 74919000, "otherExpenses": 0, "operatingExpenses": 74919000, "costAndExpenses": 692302000, "interestIncome": 0, "interestExpense": -3152000, "depreciationAndAmortization": 25320000, "ebitda": 243258000, "ebitdaratio": 0.2655831884, "operatingIncome": 223637000, "operatingIncomeRatio": 0.2441614562, "totalOtherIncomeExpensesNet": 12023000, "incomeBeforeTax": 231391000, "incomeBeforeTaxRatio": 0.2526270854, "incomeTaxExpense": 79530000, "netIncome": 151861000, "netIncomeRatio": 0.165798159, "eps": 3.21, "epsdiluted": 3.2, "weightedAverageShsOut": 47354000, "weightedAverageShsOutDil": 47466000, "link": "https://www.sec.gov/Archives/edgar/data/16160/000114420408043734/0001144204-08-043734-index.htm", "finalLink": "https://www.sec.gov/Archives/edgar/data/16160/000114420408043734/v121640_10k.htm", "calculatedOtherExpenses": 0, "calculatedOperatingExpenses": 74919000, "calculatedNetInterest": 3152000, "calculatedOtherIncome": 4602000, "calculatedIncomeNonControlling": 0, "calculatedEbitda": 248957000}, {"date": "2007-06-02", "symbol": "CALM", "reportedCurrency": "USD", "cik": "0000016160", "fillingDate": "2007-08-16", "acceptedDate": "2007-08-16 10:22:10", "calendarYear": "2007", "period": "FY", "revenue": 598128000, "costOfRevenue": 479504000, "grossProfit": 118624000, "grossProfitRatio": 0.198325442, "researchAndDevelopmentExpenses": 0, "generalAndAdministrativeExpenses": 0, "sellingAndMarketingExpenses": 0, "sellingGeneralAndAdministrativeExpenses": 60394000, "otherExpenses": 0, "operatingExpenses": 60394000, "costAndExpenses": 539898000, "interestIncome": 1112000, "interestExpense": -6987000, "depreciationAndAmortization": 21476000, "ebitda": 77785000, "ebitdaratio": 0.1300474146, "operatingIncome": 58230000, "operatingIncomeRatio": 0.0973537437, "totalOtherIncomeExpensesNet": 3620000, "incomeBeforeTax": 56261000, "incomeBeforeTaxRatio": 0.0940618062, "incomeTaxExpense": 19605000, "netIncome": 36656000, "netIncomeRatio": 0.0612845411, "eps": 0.78, "epsdiluted": 0.78, "weightedAverageShsOut": 47052000, "weightedAverageShsOutDil": 47198000, "link": "https://www.sec.gov/Archives/edgar/data/16160/000114420407044438/0001144204-07-044438-index.htm", "finalLink": "https://www.sec.gov/Archives/edgar/data/16160/000114420407044438/v084606_10k.htm", "calculatedOtherExpenses": 0, "calculatedOperatingExpenses": 60394000, "calculatedNetInterest": 8099000, "calculatedOtherIncome": -10068000, "calculatedIncomeNonControlling": 0, "calculatedEbitda": 79706000}, {"date": "2006-06-03", "symbol": "CALM", "reportedCurrency": "USD", "cik": "0000016160", "fillingDate": "2006-08-17", "acceptedDate": "2006-08-17 15:01:14", "calendarYear": "2006", "period": "FY", "revenue": 477555000, "costOfRevenue": 415338000, "grossProfit": 62217000, "grossProfitRatio": 0.1302823759, "researchAndDevelopmentExpenses": 0, "generalAndAdministrativeExpenses": 0, "sellingAndMarketingExpenses": 0, "sellingGeneralAndAdministrativeExpenses": 57702000, "otherExpenses": 0, "operatingExpenses": 57702000, "costAndExpenses": 473040000, "interestIncome": 1083000, "interestExpense": -7949000, "depreciationAndAmortization": 20569000, "ebitda": 23619000, "ebitdaratio": 0.0494581776, "operatingIncome": 4515000, "operatingIncomeRatio": 0.0094544084, "totalOtherIncomeExpensesNet": 708000, "incomeBeforeTax": -1478000, "incomeBeforeTaxRatio": -0.0030949315, "incomeTaxExpense": -465000, "netIncome": -1013000, "netIncomeRatio": -0.0021212216, "eps": -0.0216, "epsdiluted": -0.0216, "weightedAverageShsOut": 46992000, "weightedAverageShsOutDil": 46992000, "link": "https://www.sec.gov/Archives/edgar/data/16160/000114420406034408/0001144204-06-034408-index.htm", "finalLink": "https://www.sec.gov/Archives/edgar/data/16160/000114420406034408/v050647_10k.htm", "calculatedOtherExpenses": 0, "calculatedOperatingExpenses": 57702000, "calculatedNetInterest": 9032000, "calculatedOtherIncome": -15025000, "calculatedIncomeNonControlling": 0, "calculatedEbitda": 25084000}, {"date": "2005-05-28", "symbol": "CALM", "reportedCurrency": "USD", "cik": "0000016160", "fillingDate": "2005-08-11", "acceptedDate": "2005-08-11 12:57:11", "calendarYear": "2005", "period": "FY", "revenue": 375266000, "costOfRevenue": 339833000, "grossProfit": 35433000, "grossProfitRatio": 0.094421024, "researchAndDevelopmentExpenses": 0, "generalAndAdministrativeExpenses": 0, "sellingAndMarketingExpenses": 0, "sellingGeneralAndAdministrativeExpenses": 47758000, "otherExpenses": 0, "operatingExpenses": 47758000, "costAndExpenses": 387591000, "interestIncome": 1684000, "interestExpense": -5906000, "depreciationAndAmortization": 16441000, "ebitda": 2889000, "ebitdaratio": 0.0076985392, "operatingIncome": -12325000, "operatingIncomeRatio": -0.0328433698, "totalOtherIncomeExpensesNet": 1139000, "incomeBeforeTax": -15408000, "incomeBeforeTaxRatio": -0.0410588756, "incomeTaxExpense": -5050000, "netIncome": -10358000, "netIncomeRatio": -0.0276017545, "eps": -0.22, "epsdiluted": -0.22, "weightedAverageShsOut": 47668000, "weightedAverageShsOutDil": 47668000, "link": "https://www.sec.gov/Archives/edgar/data/16160/000089706905001989/0000897069-05-001989-index.htm", "finalLink": "https://www.sec.gov/Archives/edgar/data/16160/000089706905001989/cmw1639.htm", "calculatedOtherExpenses": 0, "calculatedOperatingExpenses": 47758000, "calculatedNetInterest": 7590000, "calculatedOtherIncome": -10673000, "calculatedIncomeNonControlling": 0, "calculatedEbitda": 4116000}, {"date": "2004-05-29", "symbol": "CALM", "reportedCurrency": "USD", "cik": "0000016160", "fillingDate": "2004-08-18", "acceptedDate": "2004-08-18 11:35:30", "calendarYear": "2004", "period": "FY", "revenue": 572331000, "costOfRevenue": 396704000, "grossProfit": 175627000, "grossProfitRatio": 0.3068626372, "researchAndDevelopmentExpenses": 0, "generalAndAdministrativeExpenses": 0, "sellingAndMarketingExpenses": 0, "sellingGeneralAndAdministrativeExpenses": 69305000, "otherExpenses": 0, "operatingExpenses": 69305000, "costAndExpenses": 466009000, "interestIncome": 1091000, "interestExpense": -7618000, "depreciationAndAmortization": 16842000, "ebitda": 122640000, "ebitdaratio": 0.2142815958, "operatingIncome": 106322000, "operatingIncomeRatio": 0.1857701225, "totalOtherIncomeExpensesNet": 6447000, "incomeBeforeTax": 106242000, "incomeBeforeTaxRatio": 0.1856303433, "incomeTaxExpense": 39800000, "netIncome": 66442000, "netIncomeRatio": 0.1160901646, "eps": 1.39, "epsdiluted": 1.37, "weightedAverageShsOut": 47748000, "weightedAverageShsOutDil": 48684000, "link": "https://www.sec.gov/Archives/edgar/data/16160/000089706904001485/0000897069-04-001485-index.htm", "finalLink": "https://www.sec.gov/Archives/edgar/data/16160/000089706904001485/cmw887.htm", "calculatedOtherExpenses": 0, "calculatedOperatingExpenses": 69305000, "calculatedNetInterest": 8709000, "calculatedOtherIncome": -8789000, "calculatedIncomeNonControlling": 0, "calculatedEbitda": 123164000}, {"date": "2003-05-31", "symbol": "CALM", "reportedCurrency": "USD", "cik": "0000016160", "fillingDate": "2003-08-12", "acceptedDate": "2003-08-12 11:24:59", "calendarYear": "2003", "period": "FY", "revenue": 387462000, "costOfRevenue": 315169000, "grossProfit": 72293000, "grossProfitRatio": 0.1865808776, "researchAndDevelopmentExpenses": 0, "generalAndAdministrativeExpenses": 0, "sellingAndMarketingExpenses": 0, "sellingGeneralAndAdministrativeExpenses": 46029000, "otherExpenses": 0, "operatingExpenses": 46029000, "costAndExpenses": 361198000, "interestIncome": 0, "interestExpense": 0, "depreciationAndAmortization": 16624000, "ebitda": 42361000, "ebitdaratio": 0.109329431, "operatingIncome": 26264000, "operatingIncomeRatio": 0.0677847118, "totalOtherIncomeExpensesNet": 969000, "incomeBeforeTax": 19137000, "incomeBeforeTaxRatio": 0.0493906499, "incomeTaxExpense": 6925000, "netIncome": 12212000, "netIncomeRatio": 0.0315179295, "eps": 0.26, "epsdiluted": 0.26, "weightedAverageShsOut": 47056000, "weightedAverageShsOutDil": 47448000, "link": "https://www.sec.gov/Archives/edgar/data/16160/000089706903000875/0000897069-03-000875-index.htm", "finalLink": "https://www.sec.gov/Archives/edgar/data/16160/000089706903000875/sdc503.txt", "calculatedOtherExpenses": 0, "calculatedOperatingExpenses": 46029000, "calculatedNetInterest": 0, "calculatedOtherIncome": -7127000, "calculatedIncomeNonControlling": 0, "calculatedEbitda": 42888000}, {"date": "2002-06-01", "symbol": "CALM", "reportedCurrency": "USD", "cik": "0000016160", "fillingDate": "2002-08-16", "acceptedDate": "2002-08-16 15:11:19", "calendarYear": "2002", "period": "FY", "revenue": 326171000, "costOfRevenue": 291767000, "grossProfit": 34404000, "grossProfitRatio": 0.1054784147, "researchAndDevelopmentExpenses": 0, "generalAndAdministrativeExpenses": 0, "sellingAndMarketingExpenses": 0, "sellingGeneralAndAdministrativeExpenses": 42332000, "otherExpenses": 0, "operatingExpenses": 42332000, "costAndExpenses": 334099000, "interestIncome": 0, "interestExpense": 0, "depreciationAndAmortization": 17310000, "ebitda": 8835000, "ebitdaratio": 0.0270870188, "operatingIncome": -7928000, "operatingIncomeRatio": -0.0243062688, "totalOtherIncomeExpensesNet": 67000, "incomeBeforeTax": -16364000, "incomeBeforeTaxRatio": -0.0501700029, "incomeTaxExpense": -5790000, "netIncome": -10574000, "netIncomeRatio": -0.032418578, "eps": -0.11, "epsdiluted": -0.11, "weightedAverageShsOut": 94112000, "weightedAverageShsOutDil": 94112000, "link": "https://www.sec.gov/Archives/edgar/data/16160/000089706902000611/0000897069-02-000611-index.htm", "finalLink": "https://www.sec.gov/Archives/edgar/data/16160/000089706902000611/sdc180a.txt", "calculatedOtherExpenses": 0, "calculatedOperatingExpenses": 42332000, "calculatedNetInterest": 0, "calculatedOtherIncome": -8436000, "calculatedIncomeNonControlling": 0, "calculatedEbitda": 9382000}, {"date": "2001-06-02", "symbol": "CALM", "reportedCurrency": "USD", "cik": "0000016160", "fillingDate": "2001-08-13", "acceptedDate": "2001-08-13 00:00:00", "calendarYear": "2001", "period": "FY", "revenue": 358412000, "costOfRevenue": 299417000, "grossProfit": 58995000, "grossProfitRatio": 0.1646010736, "researchAndDevelopmentExpenses": 0, "generalAndAdministrativeExpenses": 0, "sellingAndMarketingExpenses": 0, "sellingGeneralAndAdministrativeExpenses": 42337000, "otherExpenses": 0, "operatingExpenses": 42337000, "costAndExpenses": 341754000, "interestIncome": 0, "interestExpense": 0, "depreciationAndAmortization": 17542000, "ebitda": 31822000, "ebitdaratio": 0.0887860898, "operatingIncome": 16658000, "operatingIncomeRatio": 0.0464772385, "totalOtherIncomeExpensesNet": 2793000, "incomeBeforeTax": 10715000, "incomeBeforeTaxRatio": 0.0298957624, "incomeTaxExpense": 3891000, "netIncome": 6824000, "netIncomeRatio": 0.0190395411, "eps": 0.0712, "epsdiluted": 0.07, "weightedAverageShsOut": 96408000, "weightedAverageShsOutDil": 96960000, "link": "https://www.sec.gov/Archives/edgar/data/16160/000089706901500362/0000897069-01-500362-index.htm", "finalLink": "https://www.sec.gov/Archives/edgar/data/16160/000089706901500362/slp69a.txt", "calculatedOtherExpenses": 0, "calculatedOperatingExpenses": 42337000, "calculatedNetInterest": 0, "calculatedOtherIncome": -5943000, "calculatedIncomeNonControlling": 0, "calculatedEbitda": 34200000}, {"date": "2000-06-03", "symbol": "CALM", "reportedCurrency": "USD", "cik": "0000016160", "fillingDate": "2000-08-21", "acceptedDate": "2000-08-21 00:00:00", "calendarYear": "2000", "period": "FY", "revenue": 287055000, "costOfRevenue": 253131000, "grossProfit": 33924000, "grossProfitRatio": 0.118179443, "researchAndDevelopmentExpenses": 0, "generalAndAdministrativeExpenses": 0, "sellingAndMarketingExpenses": 0, "sellingGeneralAndAdministrativeExpenses": 40059000, "otherExpenses": 15806000, "operatingExpenses": 55865000, "costAndExpenses": 308996000, "interestIncome": 0, "interestExpense": 0, "depreciationAndAmortization": 15806000, "ebitda": -8042000, "ebitdaratio": -0.0280155371, "operatingIncome": -21941000, "operatingIncomeRatio": -0.0764348296, "totalOtherIncomeExpensesNet": 1907000, "incomeBeforeTax": -27012000, "incomeBeforeTaxRatio": -0.0941004337, "incomeTaxExpense": -9633000, "netIncome": -17379000, "netIncomeRatio": -0.0605424048, "eps": -0.18, "epsdiluted": -0.18, "weightedAverageShsOut": 98896000, "weightedAverageShsOutDil": 98896000, "link": "https://www.sec.gov/Archives/edgar/data/16160/000090445600000047/0000904456-00-000047-index.htm", "finalLink": "https://www.sec.gov/Archives/edgar/data/16160/000090445600000047/0000904456-00-000047-0001.txt", "calculatedOtherExpenses": 15806000, "calculatedOperatingExpenses": 55865000, "calculatedNetInterest": 0, "calculatedOtherIncome": -5071000, "calculatedIncomeNonControlling": 0, "calculatedEbitda": -6135000}, {"date": "1999-05-29", "symbol": "CALM", "reportedCurrency": "USD", "cik": "0000016160", "fillingDate": "1999-08-25", "acceptedDate": "1999-08-25 00:00:00", "calendarYear": "1999", "period": "FY", "revenue": 288000000, "costOfRevenue": 229800000, "grossProfit": 58200000, "grossProfitRatio": 0.2020833333, "researchAndDevelopmentExpenses": 0, "generalAndAdministrativeExpenses": 0, "sellingAndMarketingExpenses": 0, "sellingGeneralAndAdministrativeExpenses": 36400000, "otherExpenses": 12200000, "operatingExpenses": 48600000, "costAndExpenses": 278400000, "interestIncome": 0, "interestExpense": 0, "depreciationAndAmortization": 12200000, "ebitda": 20300000, "ebitdaratio": 0.0704861111, "operatingIncome": 9600000, "operatingIncomeRatio": 0.0333333333, "totalOtherIncomeExpensesNet": 1500000, "incomeBeforeTax": 8000000, "incomeBeforeTaxRatio": 0.0277777778, "incomeTaxExpense": 2900000, "netIncome": 5100000, "netIncomeRatio": 0.0177083333, "eps": 0.0488, "epsdiluted": 0.0488, "weightedAverageShsOut": 50028000, "weightedAverageShsOutDil": 50028000, "link": "https://www.sec.gov/Archives/edgar/data/16160/000090445699000086/0000904456-99-000086-index.html", "finalLink": "https://www.sec.gov/Archives/edgar/data/16160/000090445699000086/", "calculatedOtherExpenses": 12200000, "calculatedOperatingExpenses": 48600000, "calculatedNetInterest": 0, "calculatedOtherIncome": -1600000, "calculatedIncomeNonControlling": 0, "calculatedEbitda": 21800000}, {"date": "1998-05-30", "symbol": "CALM", "reportedCurrency": "USD", "cik": "0000016160", "fillingDate": "1998-08-27", "acceptedDate": "1998-08-27 00:00:00", "calendarYear": "1998", "period": "FY", "revenue": 309100000, "costOfRevenue": 252600000, "grossProfit": 56500000, "grossProfitRatio": 0.1827887415, "researchAndDevelopmentExpenses": 0, "generalAndAdministrativeExpenses": 0, "sellingAndMarketingExpenses": 0, "sellingGeneralAndAdministrativeExpenses": 34100000, "otherExpenses": 12000000, "operatingExpenses": 46100000, "costAndExpenses": 298700000, "interestIncome": 0, "interestExpense": 0, "depreciationAndAmortization": 12000000, "ebitda": 19800000, "ebitdaratio": 0.0640569395, "operatingIncome": 10400000, "operatingIncomeRatio": 0.0336460692, "totalOtherIncomeExpensesNet": 2600000, "incomeBeforeTax": 8300000, "incomeBeforeTaxRatio": 0.0268521514, "incomeTaxExpense": 2900000, "netIncome": 5400000, "netIncomeRatio": 0.0174700744, "eps": 0.0513, "epsdiluted": 0.05, "weightedAverageShsOut": 52628000, "weightedAverageShsOutDil": 52628000, "link": "https://www.sec.gov/Archives/edgar/data/16160/000001616098000003/0000016160-98-000003-index.html", "finalLink": "https://www.sec.gov/Archives/edgar/data/16160/", "calculatedOtherExpenses": 12000000, "calculatedOperatingExpenses": 46100000, "calculatedNetInterest": 0, "calculatedOtherIncome": -2100000, "calculatedIncomeNonControlling": 0, "calculatedEbitda": 22400000}, {"date": "1997-05-31", "symbol": "CALM", "reportedCurrency": "USD", "cik": "0000016160", "fillingDate": "1997-08-26", "acceptedDate": "1997-08-26 00:00:00", "calendarYear": "1997", "period": "FY", "revenue": 292500000, "costOfRevenue": 225700000, "grossProfit": 66800000, "grossProfitRatio": 0.2283760684, "researchAndDevelopmentExpenses": 0, "generalAndAdministrativeExpenses": 0, "sellingAndMarketingExpenses": 0, "sellingGeneralAndAdministrativeExpenses": 28900000, "otherExpenses": 10600000, "operatingExpenses": 39500000, "costAndExpenses": 265200000, "interestIncome": 0, "interestExpense": 0, "depreciationAndAmortization": 10600000, "ebitda": 36600000, "ebitdaratio": 0.1251282051, "operatingIncome": 27300000, "operatingIncomeRatio": 0.0933333333, "totalOtherIncomeExpensesNet": 1300000, "incomeBeforeTax": 24300000, "incomeBeforeTaxRatio": 0.0830769231, "incomeTaxExpense": 9500000, "netIncome": 14800000, "netIncomeRatio": 0.0505982906, "eps": 0.3, "epsdiluted": 0.3, "weightedAverageShsOut": 48925620, "weightedAverageShsOutDil": 88000000, "link": "https://www.sec.gov/Archives/edgar/data/16160/000001616097000002/0000016160-97-000002-index.html", "finalLink": "https://www.sec.gov/Archives/edgar/data/16160/", "calculatedOtherExpenses": 10600000, "calculatedOperatingExpenses": 39500000, "calculatedNetInterest": 0, "calculatedOtherIncome": -3000000, "calculatedIncomeNonControlling": 0, "calculatedEbitda": 37900000}, {"date": "1996-05-31", "symbol": "CALM", "reportedCurrency": "USD", "cik": "0000016160", "fillingDate": "1996-05-31", "acceptedDate": "1996-05-30 20:00:00", "calendarYear": "1996", "period": "FY", "revenue": 282800000, "costOfRevenue": 220400000, "grossProfit": 62400000, "grossProfitRatio": 0.2206506365, "researchAndDevelopmentExpenses": 0, "generalAndAdministrativeExpenses": 0, "sellingAndMarketingExpenses": 0, "sellingGeneralAndAdministrativeExpenses": 29700000, "otherExpenses": 10400000, "operatingExpenses": 40100000, "costAndExpenses": 260500000, "interestIncome": 0, "interestExpense": 0, "depreciationAndAmortization": 10400000, "ebitda": 32200000, "ebitdaratio": 0.1138613861, "operatingIncome": 22300000, "operatingIncomeRatio": 0.078854314, "totalOtherIncomeExpensesNet": 500000, "incomeBeforeTax": 17400000, "incomeBeforeTaxRatio": 0.0615275813, "incomeTaxExpense": 6500000, "netIncome": 10900000, "netIncomeRatio": 0.03854314, "eps": 0.12, "epsdiluted": 0.12, "weightedAverageShsOut": 92765957, "weightedAverageShsOutDil": 92765957, "link": "", "finalLink": "", "calculatedOtherExpenses": 10400000, "calculatedOperatingExpenses": 40100000, "calculatedNetInterest": 0, "calculatedOtherIncome": -4900000, "calculatedIncomeNonControlling": 0, "calculatedEbitda": 32700000}]}