{"originalCurrency": "USD", "convertedCurrency": "USD", "report": [{"date": "2023-12-31", "symbol": "CALX", "reportedCurrency": "USD", "cik": "0001406666", "fillingDate": "2024-02-23", "acceptedDate": "2024-02-22 19:39:03", "calendarYear": "2023", "period": "FY", "revenue": 1039593000, "costOfRevenue": 524495000, "grossProfit": 515098000, "grossProfitRatio": 0.4954804428, "researchAndDevelopmentExpenses": 177772000, "generalAndAdministrativeExpenses": 100395000, "sellingAndMarketingExpenses": 214564000, "sellingGeneralAndAdministrativeExpenses": 308459000, "otherExpenses": -3282000, "operatingExpenses": 489513000, "costAndExpenses": 1014008000, "interestIncome": 9704000, "interestExpense": 9704000, "depreciationAndAmortization": 23131000, "ebitda": 48716000, "ebitdaratio": 0.0468606464, "operatingIncome": 25585000, "operatingIncomeRatio": 0.0246105928, "totalOtherIncomeExpensesNet": 9172000, "incomeBeforeTax": 34757000, "incomeBeforeTaxRatio": 0.0334332763, "incomeTaxExpense": 5432000, "netIncome": 29325000, "netIncomeRatio": 0.0282081545, "eps": 0.44, "epsdiluted": 0.42, "weightedAverageShsOut": 65980000, "weightedAverageShsOutDil": 69320000, "link": "https://www.sec.gov/Archives/edgar/data/1406666/000140666624000012/0001406666-24-000012-index.htm", "finalLink": "https://www.sec.gov/Archives/edgar/data/1406666/000140666624000012/calx-20231231.htm", "calculatedOtherExpenses": 3282000, "calculatedOperatingExpenses": 489513000, "calculatedNetInterest": 0, "calculatedOtherIncome": 9172000, "calculatedIncomeNonControlling": 0, "calculatedEbitda": 48716000}, {"date": "2022-12-31", "symbol": "CALX", "reportedCurrency": "USD", "cik": "0001406666", "fillingDate": "2023-02-21", "acceptedDate": "2023-02-21 16:01:31", "calendarYear": "2022", "period": "FY", "revenue": 867827000, "costOfRevenue": 432399000, "grossProfit": 435428000, "grossProfitRatio": 0.5017451635, "researchAndDevelopmentExpenses": 131994000, "generalAndAdministrativeExpenses": 76275000, "sellingAndMarketingExpenses": 174549000, "sellingGeneralAndAdministrativeExpenses": 250824000, "otherExpenses": -577000, "operatingExpenses": 382818000, "costAndExpenses": 815217000, "interestIncome": 2009000, "interestExpense": 2009000, "depreciationAndAmortization": 14315000, "ebitda": 66925000, "ebitdaratio": 0.0771179048, "operatingIncome": 52610000, "operatingIncomeRatio": 0.0606226817, "totalOtherIncomeExpensesNet": 1432000, "incomeBeforeTax": 54042000, "incomeBeforeTaxRatio": 0.0622727802, "incomeTaxExpense": 13032000, "netIncome": 41010000, "netIncomeRatio": 0.0472559623, "eps": 0.63, "epsdiluted": 0.6, "weightedAverageShsOut": 65058000, "weightedAverageShsOutDil": 68911000, "link": "https://www.sec.gov/Archives/edgar/data/1406666/000140666623000026/0001406666-23-000026-index.htm", "finalLink": "https://www.sec.gov/Archives/edgar/data/1406666/000140666623000026/calx-20221231.htm", "calculatedOtherExpenses": 0, "calculatedOperatingExpenses": 382818000, "calculatedNetInterest": 0, "calculatedOtherIncome": 1432000, "calculatedIncomeNonControlling": 0, "calculatedEbitda": 66925000}, {"date": "2021-12-31", "symbol": "CALX", "reportedCurrency": "USD", "cik": "0001406666", "fillingDate": "2022-02-22", "acceptedDate": "2022-02-22 16:15:05", "calendarYear": "2021", "period": "FY", "revenue": 679394000, "costOfRevenue": 322807000, "grossProfit": 356587000, "grossProfitRatio": 0.5248603903, "researchAndDevelopmentExpenses": 101747000, "generalAndAdministrativeExpenses": 55779000, "sellingAndMarketingExpenses": 125909000, "sellingGeneralAndAdministrativeExpenses": 181688000, "otherExpenses": -882000, "operatingExpenses": 283435000, "costAndExpenses": 606242000, "interestIncome": 402000, "interestExpense": 402000, "depreciationAndAmortization": 13344000, "ebitda": 87282000, "ebitdaratio": 0.1284703721, "operatingIncome": 73938000, "operatingIncomeRatio": 0.1088293391, "totalOtherIncomeExpensesNet": -1284000, "incomeBeforeTax": 72654000, "incomeBeforeTaxRatio": 0.1069394195, "incomeTaxExpense": -165724000, "netIncome": 238378000, "netIncomeRatio": 0.3508685682, "eps": 3.77, "epsdiluted": 3.51, "weightedAverageShsOut": 63277000, "weightedAverageShsOutDil": 67856000, "link": "https://www.sec.gov/Archives/edgar/data/1406666/000162828022003338/0001628280-22-003338-index.htm", "finalLink": "https://www.sec.gov/Archives/edgar/data/1406666/000162828022003338/calx-20211231.htm", "calculatedOtherExpenses": -786000, "calculatedOperatingExpenses": 282649000, "calculatedNetInterest": 0, "calculatedOtherIncome": -1284000, "calculatedIncomeNonControlling": 0, "calculatedEbitda": 87282000}, {"date": "2020-12-31", "symbol": "CALX", "reportedCurrency": "USD", "cik": "0001406666", "fillingDate": "2021-02-22", "acceptedDate": "2021-02-22 16:40:31", "calendarYear": "2020", "period": "FY", "revenue": 541239000, "costOfRevenue": 274220000, "grossProfit": 267019000, "grossProfitRatio": 0.4933476708, "researchAndDevelopmentExpenses": 85258000, "generalAndAdministrativeExpenses": 44444000, "sellingAndMarketingExpenses": 94185000, "sellingGeneralAndAdministrativeExpenses": 138629000, "otherExpenses": -977000, "operatingExpenses": 223887000, "costAndExpenses": 498107000, "interestIncome": 1585000, "interestExpense": 1585000, "depreciationAndAmortization": 19027000, "ebitda": 55873000, "ebitdaratio": 0.1032316592, "operatingIncome": 36846000, "operatingIncomeRatio": 0.0680771341, "totalOtherIncomeExpensesNet": -2562000, "incomeBeforeTax": 34284000, "incomeBeforeTaxRatio": 0.0633435506, "incomeTaxExpense": 800000, "netIncome": 33484000, "netIncomeRatio": 0.0618654605, "eps": 0.57, "epsdiluted": 0.54, "weightedAverageShsOut": 59074000, "weightedAverageShsOutDil": 61998000, "link": "https://www.sec.gov/Archives/edgar/data/1406666/000140666621000029/0001406666-21-000029-index.htm", "finalLink": "https://www.sec.gov/Archives/edgar/data/1406666/000140666621000029/calx-20201231.htm", "calculatedOtherExpenses": 6286000, "calculatedOperatingExpenses": 230173000, "calculatedNetInterest": 0, "calculatedOtherIncome": -2562000, "calculatedIncomeNonControlling": 0, "calculatedEbitda": 55873000}, {"date": "2019-12-31", "symbol": "CALX", "reportedCurrency": "USD", "cik": "0001406666", "fillingDate": "2020-02-21", "acceptedDate": "2020-02-21 16:52:42", "calendarYear": "2019", "period": "FY", "revenue": 424330000, "costOfRevenue": 236405000, "grossProfit": 187925000, "grossProfitRatio": 0.4428746494, "researchAndDevelopmentExpenses": 81184000, "generalAndAdministrativeExpenses": 37115000, "sellingAndMarketingExpenses": 82553000, "sellingGeneralAndAdministrativeExpenses": 119668000, "otherExpenses": -173000, "operatingExpenses": 200852000, "costAndExpenses": 437257000, "interestIncome": -1131000, "interestExpense": -958000, "depreciationAndAmortization": 12790000, "ebitda": -137000, "ebitdaratio": -0.0003228619, "operatingIncome": -12927000, "operatingIncomeRatio": -0.030464497, "totalOtherIncomeExpensesNet": -3605000, "incomeBeforeTax": -16532000, "incomeBeforeTaxRatio": -0.0389602432, "incomeTaxExpense": 1162000, "netIncome": -17694000, "netIncomeRatio": -0.0416986779, "eps": -0.32, "epsdiluted": -0.32, "weightedAverageShsOut": 54993000, "weightedAverageShsOutDil": 54993000, "link": "https://www.sec.gov/Archives/edgar/data/1406666/000140666620000018/0001406666-20-000018-index.htm", "finalLink": "https://www.sec.gov/Archives/edgar/data/1406666/000140666620000018/a2019form10-k.htm", "calculatedOtherExpenses": 0, "calculatedOperatingExpenses": 200852000, "calculatedNetInterest": -173000, "calculatedOtherIncome": -3432000, "calculatedIncomeNonControlling": 0, "calculatedEbitda": -137000}, {"date": "2018-12-31", "symbol": "CALX", "reportedCurrency": "USD", "cik": "0001406666", "fillingDate": "2019-03-01", "acceptedDate": "2019-03-01 16:28:19", "calendarYear": "2018", "period": "FY", "revenue": 441320000, "costOfRevenue": 243938000, "grossProfit": 197382000, "grossProfitRatio": 0.4472536935, "researchAndDevelopmentExpenses": 89963000, "generalAndAdministrativeExpenses": 40500000, "sellingAndMarketingExpenses": 86432000, "sellingGeneralAndAdministrativeExpenses": 126932000, "otherExpenses": 378000, "operatingExpenses": 216895000, "costAndExpenses": 460833000, "interestIncome": -254000, "interestExpense": -632000, "depreciationAndAmortization": 9187000, "ebitda": -11325000, "ebitdaratio": -0.0256616514, "operatingIncome": -18514000, "operatingIncomeRatio": -0.0419514185, "totalOtherIncomeExpensesNet": 1377000, "incomeBeforeTax": -18768000, "incomeBeforeTaxRatio": -0.0425269646, "incomeTaxExpense": 530000, "netIncome": -19298000, "netIncomeRatio": -0.0437279072, "eps": -0.37, "epsdiluted": -0.37, "weightedAverageShsOut": 52156756, "weightedAverageShsOutDil": 52609000, "link": "https://www.sec.gov/Archives/edgar/data/1406666/000140666619000029/0001406666-19-000029-index.htm", "finalLink": "https://www.sec.gov/Archives/edgar/data/1406666/000140666619000029/a2018form10-k.htm", "calculatedOtherExpenses": -999000, "calculatedOperatingExpenses": 215896000, "calculatedNetInterest": 378000, "calculatedOtherIncome": -632000, "calculatedIncomeNonControlling": 0, "calculatedEbitda": -9327000}, {"date": "2017-12-31", "symbol": "CALX", "reportedCurrency": "USD", "cik": "0001406666", "fillingDate": "2018-03-14", "acceptedDate": "2018-03-13 21:31:50", "calendarYear": "2017", "period": "FY", "revenue": 510367000, "costOfRevenue": 337477000, "grossProfit": 172890000, "grossProfitRatio": 0.3387562284, "researchAndDevelopmentExpenses": 127541000, "generalAndAdministrativeExpenses": 39875000, "sellingAndMarketingExpenses": 82781000, "sellingGeneralAndAdministrativeExpenses": 122656000, "otherExpenses": -73000, "operatingExpenses": 250197000, "costAndExpenses": 587674000, "interestIncome": -233000, "interestExpense": -160000, "depreciationAndAmortization": 10991000, "ebitda": -62067000, "ebitdaratio": -0.1216124867, "operatingIncome": -81556000, "operatingIncomeRatio": -0.1597987331, "totalOtherIncomeExpensesNet": -4322000, "incomeBeforeTax": -81789000, "incomeBeforeTaxRatio": -0.1602552673, "incomeTaxExpense": 1243000, "netIncome": -83032000, "netIncomeRatio": -0.1626907696, "eps": -1.66, "epsdiluted": -1.66, "weightedAverageShsOut": 50155000, "weightedAverageShsOutDil": 50155000, "link": "https://www.sec.gov/Archives/edgar/data/1406666/000140666618000017/0001406666-18-000017-index.htm", "finalLink": "https://www.sec.gov/Archives/edgar/data/1406666/000140666618000017/a2017form10-k.htm", "calculatedOtherExpenses": 4249000, "calculatedOperatingExpenses": 254446000, "calculatedNetInterest": -73000, "calculatedOtherIncome": -160000, "calculatedIncomeNonControlling": 0, "calculatedEbitda": -70565000}, {"date": "2016-12-31", "symbol": "CALX", "reportedCurrency": "USD", "cik": "0001406666", "fillingDate": "2017-02-28", "acceptedDate": "2017-02-28 16:49:42", "calendarYear": "2016", "period": "FY", "revenue": 458787000, "costOfRevenue": 257569000, "grossProfit": 201218000, "grossProfitRatio": 0.4385869696, "researchAndDevelopmentExpenses": 106869000, "generalAndAdministrativeExpenses": 41592000, "sellingAndMarketingExpenses": 83675000, "sellingGeneralAndAdministrativeExpenses": 125267000, "otherExpenses": 912000, "operatingExpenses": 233837000, "costAndExpenses": 491406000, "interestIncome": 737000, "interestExpense": 585000, "depreciationAndAmortization": 14124000, "ebitda": -16846000, "ebitdaratio": -0.0367185644, "operatingIncome": -28119000, "operatingIncomeRatio": -0.0612898796, "totalOtherIncomeExpensesNet": 5412000, "incomeBeforeTax": -27055000, "incomeBeforeTaxRatio": -0.0589707206, "incomeTaxExpense": 347000, "netIncome": -27402000, "netIncomeRatio": -0.0597270629, "eps": -0.56, "epsdiluted": -0.56, "weightedAverageShsOut": 48730000, "weightedAverageShsOutDil": 48730000, "link": "https://www.sec.gov/Archives/edgar/data/1406666/000140666617000012/0001406666-17-000012-index.htm", "finalLink": "https://www.sec.gov/Archives/edgar/data/1406666/000140666617000012/calx-20161231x10k.htm", "calculatedOtherExpenses": -2799000, "calculatedOperatingExpenses": 229337000, "calculatedNetInterest": 152000, "calculatedOtherIncome": 912000, "calculatedIncomeNonControlling": 0, "calculatedEbitda": -13995000}, {"date": "2015-12-31", "symbol": "CALX", "reportedCurrency": "USD", "cik": "0001406666", "fillingDate": "2016-02-26", "acceptedDate": "2016-02-25 20:36:19", "calendarYear": "2015", "period": "FY", "revenue": 407463000, "costOfRevenue": 217034000, "grossProfit": 190429000, "grossProfitRatio": 0.4673528639, "researchAndDevelopmentExpenses": 89714000, "generalAndAdministrativeExpenses": 38454000, "sellingAndMarketingExpenses": 78563000, "sellingGeneralAndAdministrativeExpenses": 117017000, "otherExpenses": 571000, "operatingExpenses": 216939000, "costAndExpenses": 433973000, "interestIncome": 1285000, "interestExpense": 1144000, "depreciationAndAmortization": 28823000, "ebitda": 4169000, "ebitdaratio": 0.0102316039, "operatingIncome": -26510000, "operatingIncomeRatio": -0.0650611221, "totalOtherIncomeExpensesNet": 571000, "incomeBeforeTax": -25798000, "incomeBeforeTaxRatio": -0.0633137242, "incomeTaxExpense": 535000, "netIncome": -26333000, "netIncomeRatio": -0.0646267268, "eps": -0.51, "epsdiluted": -0.51, "weightedAverageShsOut": 51489000, "weightedAverageShsOutDil": 51489000, "link": "https://www.sec.gov/Archives/edgar/data/1406666/000140666616000041/0001406666-16-000041-index.htm", "finalLink": "https://www.sec.gov/Archives/edgar/data/1406666/000140666616000041/calx-20151231x10k.htm", "calculatedOtherExpenses": 10208000, "calculatedOperatingExpenses": 216939000, "calculatedNetInterest": 141000, "calculatedOtherIncome": 571000, "calculatedIncomeNonControlling": 0, "calculatedEbitda": 2313000}, {"date": "2014-12-31", "symbol": "CALX", "reportedCurrency": "USD", "cik": "0001406666", "fillingDate": "2015-03-04", "acceptedDate": "2015-03-04 17:30:44", "calendarYear": "2014", "period": "FY", "revenue": 401227000, "costOfRevenue": 223438000, "grossProfit": 177789000, "grossProfitRatio": 0.4431132501, "researchAndDevelopmentExpenses": 80311000, "generalAndAdministrativeExpenses": 30118000, "sellingAndMarketingExpenses": 76283000, "sellingGeneralAndAdministrativeExpenses": 106401000, "otherExpenses": 228000, "operatingExpenses": 196920000, "costAndExpenses": 420358000, "interestIncome": 729000, "interestExpense": 806000, "depreciationAndAmortization": 27824000, "ebitda": 9650000, "ebitdaratio": 0.0240512229, "operatingIncome": -19131000, "operatingIncomeRatio": -0.0476812378, "totalOtherIncomeExpensesNet": 228000, "incomeBeforeTax": -18980000, "incomeBeforeTaxRatio": -0.0473048922, "incomeTaxExpense": 581000, "netIncome": -19561000, "netIncomeRatio": -0.0487529503, "eps": -0.38, "epsdiluted": -0.38, "weightedAverageShsOut": 50808000, "weightedAverageShsOutDil": 50808000, "link": "https://www.sec.gov/Archives/edgar/data/1406666/000140666615000004/0001406666-15-000004-index.htm", "finalLink": "https://www.sec.gov/Archives/edgar/data/1406666/000140666615000004/calx-20141231x10k.htm", "calculatedOtherExpenses": 10208000, "calculatedOperatingExpenses": 196920000, "calculatedNetInterest": -77000, "calculatedOtherIncome": 228000, "calculatedIncomeNonControlling": 0, "calculatedEbitda": 8693000}, {"date": "2013-12-31", "symbol": "CALX", "reportedCurrency": "USD", "cik": "0001406666", "fillingDate": "2014-02-20", "acceptedDate": "2014-02-20 17:28:39", "calendarYear": "2013", "period": "FY", "revenue": 382618000, "costOfRevenue": 211544000, "grossProfit": 171074000, "grossProfitRatio": 0.4471143543, "researchAndDevelopmentExpenses": 79299000, "generalAndAdministrativeExpenses": 31945000, "sellingAndMarketingExpenses": 68075000, "sellingGeneralAndAdministrativeExpenses": 100020000, "otherExpenses": 1334000, "operatingExpenses": 189527000, "costAndExpenses": 401071000, "interestIncome": 7000, "interestExpense": 167000, "depreciationAndAmortization": 28742000, "ebitda": 11630000, "ebitdaratio": 0.0303958517, "operatingIncome": -18453000, "operatingIncomeRatio": -0.048228259, "totalOtherIncomeExpensesNet": 1334000, "incomeBeforeTax": -17279000, "incomeBeforeTaxRatio": -0.0451599245, "incomeTaxExpense": -14000, "netIncome": -17265000, "netIncomeRatio": -0.0451233345, "eps": -0.35, "epsdiluted": -0.35, "weightedAverageShsOut": 49419000, "weightedAverageShsOutDil": 49419000, "link": "https://www.sec.gov/Archives/edgar/data/1406666/000140666614000039/0001406666-14-000039-index.htm", "finalLink": "https://www.sec.gov/Archives/edgar/data/1406666/000140666614000039/calx-20131231x10k.htm", "calculatedOtherExpenses": 10208000, "calculatedOperatingExpenses": 189527000, "calculatedNetInterest": -160000, "calculatedOtherIncome": 1334000, "calculatedIncomeNonControlling": 0, "calculatedEbitda": 10289000}, {"date": "2012-12-31", "symbol": "CALX", "reportedCurrency": "USD", "cik": "0001406666", "fillingDate": "2013-02-22", "acceptedDate": "2013-02-21 19:17:34", "calendarYear": "2012", "period": "FY", "revenue": 330218000, "costOfRevenue": 192642000, "grossProfit": 137576000, "grossProfitRatio": 0.4166217468, "researchAndDevelopmentExpenses": 66748000, "generalAndAdministrativeExpenses": 26114000, "sellingAndMarketingExpenses": 62129000, "sellingGeneralAndAdministrativeExpenses": 88243000, "otherExpenses": -3000, "operatingExpenses": 165199000, "costAndExpenses": 357841000, "interestIncome": 15000, "interestExpense": 185000, "depreciationAndAmortization": 26309000, "ebitda": -1302000, "ebitdaratio": -0.0039428499, "operatingIncome": -29024000, "operatingIncomeRatio": -0.0878934522, "totalOtherIncomeExpensesNet": -375000, "incomeBeforeTax": -28168000, "incomeBeforeTaxRatio": -0.0853012253, "incomeTaxExpense": 158000, "netIncome": -28326000, "netIncomeRatio": -0.085779697, "eps": -0.59, "epsdiluted": -0.59, "weightedAverageShsOut": 48180000, "weightedAverageShsOutDil": 48180000, "link": "https://www.sec.gov/Archives/edgar/data/1406666/000140666613000010/0001406666-13-000010-index.htm", "finalLink": "https://www.sec.gov/Archives/edgar/data/1406666/000140666613000010/calx-20121231x10k.htm", "calculatedOtherExpenses": 11609000, "calculatedOperatingExpenses": 166600000, "calculatedNetInterest": -170000, "calculatedOtherIncome": 1026000, "calculatedIncomeNonControlling": 0, "calculatedEbitda": -2715000}, {"date": "2011-12-31", "symbol": "CALX", "reportedCurrency": "USD", "cik": "0001406666", "fillingDate": "2012-02-24", "acceptedDate": "2012-02-23 21:08:27", "calendarYear": "2011", "period": "FY", "revenue": 344669000, "costOfRevenue": 225216000, "grossProfit": 119453000, "grossProfitRatio": 0.346573089, "researchAndDevelopmentExpenses": 67725000, "generalAndAdministrativeExpenses": 27002000, "sellingAndMarketingExpenses": 55551000, "sellingGeneralAndAdministrativeExpenses": 82553000, "otherExpenses": 21496000, "operatingExpenses": 171774000, "costAndExpenses": 396990000, "interestIncome": 87000, "interestExpense": 184000, "depreciationAndAmortization": 26075000, "ebitda": -26159000, "ebitdaratio": -0.0758960046, "operatingIncome": -52321000, "operatingIncomeRatio": -0.1518007131, "totalOtherIncomeExpensesNet": 92000, "incomeBeforeTax": -52326000, "incomeBeforeTaxRatio": -0.1518152198, "incomeTaxExpense": 224000, "netIncome": -52550000, "netIncomeRatio": -0.1524651187, "eps": -1.15, "epsdiluted": -1.15, "weightedAverageShsOut": 45546000, "weightedAverageShsOutDil": 45546000, "link": "https://www.sec.gov/Archives/edgar/data/1406666/000119312512076050/0001193125-12-076050-index.htm", "finalLink": "https://www.sec.gov/Archives/edgar/data/1406666/000119312512076050/d247371d10k.htm", "calculatedOtherExpenses": 21496000, "calculatedOperatingExpenses": 171774000, "calculatedNetInterest": -97000, "calculatedOtherIncome": 92000, "calculatedIncomeNonControlling": 0, "calculatedEbitda": -26246000}, {"date": "2010-12-31", "symbol": "CALX", "reportedCurrency": "USD", "cik": "0001406666", "fillingDate": "2011-02-24", "acceptedDate": "2011-02-24 17:04:11", "calendarYear": "2010", "period": "FY", "revenue": 287043000, "costOfRevenue": 174313000, "grossProfit": 112730000, "grossProfitRatio": 0.3927286156, "researchAndDevelopmentExpenses": 55412000, "generalAndAdministrativeExpenses": 27998000, "sellingAndMarketingExpenses": 42121000, "sellingGeneralAndAdministrativeExpenses": 70119000, "otherExpenses": 740000, "operatingExpenses": 126271000, "costAndExpenses": 300584000, "interestIncome": 384000, "interestExpense": 1188000, "depreciationAndAmortization": 11195000, "ebitda": -1962000, "ebitdaratio": -0.0068352128, "operatingIncome": -17483000, "operatingIncomeRatio": -0.0609072508, "totalOtherIncomeExpensesNet": -4127000, "incomeBeforeTax": -18472000, "incomeBeforeTaxRatio": -0.0643527276, "incomeTaxExpense": 81000, "netIncome": -18553000, "netIncomeRatio": -0.0646349153, "eps": -0.62, "epsdiluted": -0.62, "weightedAverageShsOut": 29778000, "weightedAverageShsOutDil": 29778000, "link": "https://www.sec.gov/Archives/edgar/data/1406666/000119312511045511/0001193125-11-045511-index.htm", "finalLink": "https://www.sec.gov/Archives/edgar/data/1406666/000119312511045511/d10k.htm", "calculatedOtherExpenses": 4682000, "calculatedOperatingExpenses": 130213000, "calculatedNetInterest": -804000, "calculatedOtherIncome": -185000, "calculatedIncomeNonControlling": 0, "calculatedEbitda": -6288000}, {"date": "2009-12-31", "symbol": "CALX", "reportedCurrency": "USD", "cik": "0001406666", "fillingDate": "2009-12-31", "acceptedDate": "2009-12-30 19:00:00", "calendarYear": "2009", "period": "FY", "revenue": 232947000, "costOfRevenue": 156303000, "grossProfit": 76644000, "grossProfitRatio": 0.3290190473, "researchAndDevelopmentExpenses": 46132000, "generalAndAdministrativeExpenses": 15613000, "sellingAndMarketingExpenses": 33486000, "sellingGeneralAndAdministrativeExpenses": 49099000, "otherExpenses": 740000, "operatingExpenses": 95971000, "costAndExpenses": 252274000, "interestIncome": 245000, "interestExpense": 3867000, "depreciationAndAmortization": 11122000, "ebitda": -7960000, "ebitdaratio": -0.0341708629, "operatingIncome": -19327000, "operatingIncomeRatio": -0.0829673703, "totalOtherIncomeExpensesNet": 156000, "incomeBeforeTax": -22793000, "incomeBeforeTaxRatio": -0.0978462912, "incomeTaxExpense": -352000, "netIncome": -22441000, "netIncomeRatio": -0.0963352179, "eps": -5.55, "epsdiluted": -5.55, "weightedAverageShsOut": 4040000, "weightedAverageShsOutDil": 4040000, "link": "", "finalLink": "", "calculatedOtherExpenses": 740000, "calculatedOperatingExpenses": 95971000, "calculatedNetInterest": -3622000, "calculatedOtherIncome": 156000, "calculatedIncomeNonControlling": 0, "calculatedEbitda": -8205000}, {"date": "2008-12-31", "symbol": "CALX", "reportedCurrency": "USD", "cik": "0001406666", "fillingDate": "2008-12-31", "acceptedDate": "2008-12-30 19:00:00", "calendarYear": "2008", "period": "FY", "revenue": 250463000, "costOfRevenue": 171365000, "grossProfit": 79098000, "grossProfitRatio": 0.3158071252, "researchAndDevelopmentExpenses": 44348000, "generalAndAdministrativeExpenses": 15253000, "sellingAndMarketingExpenses": 31627000, "sellingGeneralAndAdministrativeExpenses": 46880000, "otherExpenses": 740000, "operatingExpenses": 91968000, "costAndExpenses": 263333000, "interestIncome": 620000, "interestExpense": 2089000, "depreciationAndAmortization": 11603000, "ebitda": -647000, "ebitdaratio": -0.0025832159, "operatingIncome": -12870000, "operatingIncomeRatio": -0.0513848353, "totalOtherIncomeExpensesNet": 1339000, "incomeBeforeTax": -13000000, "incomeBeforeTaxRatio": -0.051903874, "incomeTaxExpense": -81000, "netIncome": -12919000, "netIncomeRatio": -0.051580473, "eps": -3.25, "epsdiluted": -3.25, "weightedAverageShsOut": 3975000, "weightedAverageShsOutDil": 3975000, "link": "", "finalLink": "", "calculatedOtherExpenses": 740000, "calculatedOperatingExpenses": 91968000, "calculatedNetInterest": -1469000, "calculatedOtherIncome": 1339000, "calculatedIncomeNonControlling": 0, "calculatedEbitda": -1267000}, {"date": "2007-12-31", "symbol": "CALX", "reportedCurrency": "USD", "cik": "0001406666", "fillingDate": "2007-12-31", "acceptedDate": "2007-12-30 19:00:00", "calendarYear": "2007", "period": "FY", "revenue": 193819000, "costOfRevenue": 133465000, "grossProfit": 60354000, "grossProfitRatio": 0.3113936198, "researchAndDevelopmentExpenses": 44439000, "generalAndAdministrativeExpenses": 12103000, "sellingAndMarketingExpenses": 28439000, "sellingGeneralAndAdministrativeExpenses": 40542000, "otherExpenses": 740000, "operatingExpenses": 85721000, "costAndExpenses": 219186000, "interestIncome": 1094000, "interestExpense": 2330000, "depreciationAndAmortization": 12381000, "ebitda": -11892000, "ebitdaratio": -0.0613562138, "operatingIncome": -25367000, "operatingIncomeRatio": -0.1308798415, "totalOtherIncomeExpensesNet": 1766000, "incomeBeforeTax": -24837000, "incomeBeforeTaxRatio": -0.1281453315, "incomeTaxExpense": 102000, "netIncome": -24939000, "netIncomeRatio": -0.1286715957, "eps": -6.17, "epsdiluted": -6.17, "weightedAverageShsOut": 4040000, "weightedAverageShsOutDil": 4040000, "link": "", "finalLink": "", "calculatedOtherExpenses": 740000, "calculatedOperatingExpenses": 85721000, "calculatedNetInterest": -1236000, "calculatedOtherIncome": 1766000, "calculatedIncomeNonControlling": 0, "calculatedEbitda": -12986000}]}