{"originalCurrency": "USD", "convertedCurrency": "USD", "report": [{"date": "2023-12-31", "symbol": "CAR", "reportedCurrency": "USD", "cik": "0000723612", "fillingDate": "2024-02-16", "acceptedDate": "2024-02-16 06:35:55", "calendarYear": "2023", "period": "FY", "revenue": 12008000000, "costOfRevenue": 8081000000, "grossProfit": 3927000000, "grossProfitRatio": 0.3270319787, "researchAndDevelopmentExpenses": 0, "generalAndAdministrativeExpenses": 1322000000, "sellingAndMarketingExpenses": 86000000, "sellingGeneralAndAdministrativeExpenses": 1408000000, "otherExpenses": -167000000, "operatingExpenses": 1575000000, "costAndExpenses": 9656000000, "interestIncome": 34000000, "interestExpense": 1069000000, "depreciationAndAmortization": 3450000000, "ebitda": 5802000000, "ebitdaratio": 0.4831778814, "operatingIncome": 2352000000, "operatingIncomeRatio": 0.1958694204, "totalOtherIncomeExpensesNet": -438000000, "incomeBeforeTax": 1914000000, "incomeBeforeTaxRatio": 0.1593937375, "incomeTaxExpense": 279000000, "netIncome": 1632000000, "netIncomeRatio": 0.1359093937, "eps": 42.61, "epsdiluted": 42.06, "weightedAverageShsOut": 38300000, "weightedAverageShsOutDil": 38800000, "link": "https://www.sec.gov/Archives/edgar/data/723612/000072361224000007/0000723612-24-000007-index.htm", "finalLink": "https://www.sec.gov/Archives/edgar/data/723612/000072361224000007/car-20231231.htm", "calculatedOtherExpenses": 167000000, "calculatedOperatingExpenses": 1575000000, "calculatedNetInterest": -1035000000, "calculatedOtherIncome": 597000000, "calculatedIncomeNonControlling": 3000000, "calculatedEbitda": 5802000000}, {"date": "2022-12-31", "symbol": "CAR", "reportedCurrency": "USD", "cik": "0000723612", "fillingDate": "2023-02-16", "acceptedDate": "2023-02-16 08:14:58", "calendarYear": "2022", "period": "FY", "revenue": 11994000000, "costOfRevenue": 1230000000, "grossProfit": 10764000000, "grossProfitRatio": 0.8974487244, "researchAndDevelopmentExpenses": 0, "generalAndAdministrativeExpenses": 1284000000, "sellingAndMarketingExpenses": 64000000, "sellingGeneralAndAdministrativeExpenses": 1348000000, "otherExpenses": 5510000000, "operatingExpenses": 6858000000, "costAndExpenses": 8088000000, "interestIncome": 1000000, "interestExpense": 250000000, "depreciationAndAmortization": 225000000, "ebitda": 4138000000, "ebitdaratio": 0.3450058363, "operatingIncome": 3913000000, "operatingIncomeRatio": 0.3262464566, "totalOtherIncomeExpensesNet": -277000000, "incomeBeforeTax": 3636000000, "incomeBeforeTaxRatio": 0.3031515758, "incomeTaxExpense": 880000000, "netIncome": 2764000000, "netIncomeRatio": 0.2304485576, "eps": 58.44, "epsdiluted": 57.11, "weightedAverageShsOut": 47300000, "weightedAverageShsOutDil": 48400000, "link": "https://www.sec.gov/Archives/edgar/data/723612/000072361223000015/0000723612-23-000015-index.htm", "finalLink": "https://www.sec.gov/Archives/edgar/data/723612/000072361223000015/car-20221231.htm", "calculatedOtherExpenses": 5503000000, "calculatedOperatingExpenses": 6851000000, "calculatedNetInterest": -249000000, "calculatedOtherIncome": -28000000, "calculatedIncomeNonControlling": -8000000, "calculatedEbitda": 4138000000}, {"date": "2021-12-31", "symbol": "CAR", "reportedCurrency": "USD", "cik": "0000723612", "fillingDate": "2022-02-17", "acceptedDate": "2022-02-17 16:12:19", "calendarYear": "2021", "period": "FY", "revenue": 9313000000, "costOfRevenue": 1510000000, "grossProfit": 7803000000, "grossProfitRatio": 0.8378610544, "researchAndDevelopmentExpenses": 0, "generalAndAdministrativeExpenses": 1064000000, "sellingAndMarketingExpenses": 81000000, "sellingGeneralAndAdministrativeExpenses": 1145000000, "otherExpenses": 4527000000, "operatingExpenses": 5672000000, "costAndExpenses": 7182000000, "interestIncome": 1000000, "interestExpense": 218000000, "depreciationAndAmortization": 272000000, "ebitda": 2403000000, "ebitdaratio": 0.2580264147, "operatingIncome": 2131000000, "operatingIncomeRatio": 0.2288199291, "totalOtherIncomeExpensesNet": -423000000, "incomeBeforeTax": 1708000000, "incomeBeforeTaxRatio": 0.183399549, "incomeTaxExpense": 425000000, "netIncome": 1285000000, "netIncomeRatio": 0.1379791689, "eps": 19.8, "epsdiluted": 19.44, "weightedAverageShsOut": 64900000, "weightedAverageShsOutDil": 66099999, "link": "https://www.sec.gov/Archives/edgar/data/723612/000072361222000006/0000723612-22-000006-index.htm", "finalLink": "https://www.sec.gov/Archives/edgar/data/723612/000072361222000006/car-20211231.htm", "calculatedOtherExpenses": 4527000000, "calculatedOperatingExpenses": 5672000000, "calculatedNetInterest": -217000000, "calculatedOtherIncome": -206000000, "calculatedIncomeNonControlling": -2000000, "calculatedEbitda": 2403000000}, {"date": "2020-12-31", "symbol": "CAR", "reportedCurrency": "USD", "cik": "0000723612", "fillingDate": "2021-02-17", "acceptedDate": "2021-02-17 08:32:17", "calendarYear": "2020", "period": "FY", "revenue": 5402000000, "costOfRevenue": 1686000000, "grossProfit": 3716000000, "grossProfitRatio": 0.6878933728, "researchAndDevelopmentExpenses": 0, "generalAndAdministrativeExpenses": 703000000, "sellingAndMarketingExpenses": 54000000, "sellingGeneralAndAdministrativeExpenses": 703000000, "otherExpenses": 3542000000, "operatingExpenses": 4245000000, "costAndExpenses": 5931000000, "interestIncome": 12000000, "interestExpense": 231000000, "depreciationAndAmortization": 220000000, "ebitda": -309000000, "ebitdaratio": -0.0572010367, "operatingIncome": -529000000, "operatingIncomeRatio": -0.0979266938, "totalOtherIncomeExpensesNet": -427000000, "incomeBeforeTax": -956000000, "incomeBeforeTaxRatio": -0.176971492, "incomeTaxExpense": -272000000, "netIncome": -684000000, "netIncomeRatio": -0.1266197705, "eps": -9.7, "epsdiluted": -9.7, "weightedAverageShsOut": 70500000, "weightedAverageShsOutDil": 70500000, "link": "https://www.sec.gov/Archives/edgar/data/723612/000072361221000005/0000723612-21-000005-index.htm", "finalLink": "https://www.sec.gov/Archives/edgar/data/723612/000072361221000005/car-20201231.htm", "calculatedOtherExpenses": 3542000000, "calculatedOperatingExpenses": 4245000000, "calculatedNetInterest": -219000000, "calculatedOtherIncome": -208000000, "calculatedIncomeNonControlling": 0, "calculatedEbitda": -309000000}, {"date": "2019-12-31", "symbol": "CAR", "reportedCurrency": "USD", "cik": "0000723612", "fillingDate": "2020-02-20", "acceptedDate": "2020-02-20 16:21:11", "calendarYear": "2019", "period": "FY", "revenue": 9172000000, "costOfRevenue": 2407000000, "grossProfit": 6765000000, "grossProfitRatio": 0.7375708679, "researchAndDevelopmentExpenses": 0, "generalAndAdministrativeExpenses": 1237000000, "sellingAndMarketingExpenses": 121000000, "sellingGeneralAndAdministrativeExpenses": 1237000000, "otherExpenses": 4949000000, "operatingExpenses": 6186000000, "costAndExpenses": 8593000000, "interestIncome": 15000000, "interestExpense": 178000000, "depreciationAndAmortization": 207000000, "ebitda": 786000000, "ebitdaratio": 0.0856955953, "operatingIncome": 579000000, "operatingIncomeRatio": 0.063126908, "totalOtherIncomeExpensesNet": -292000000, "incomeBeforeTax": 287000000, "incomeBeforeTaxRatio": 0.0312908853, "incomeTaxExpense": -15000000, "netIncome": 302000000, "netIncomeRatio": 0.0329262974, "eps": 4.02, "epsdiluted": 3.99, "weightedAverageShsOut": 75200000, "weightedAverageShsOutDil": 75700000, "link": "https://www.sec.gov/Archives/edgar/data/723612/000072361220000011/0000723612-20-000011-index.htm", "finalLink": "https://www.sec.gov/Archives/edgar/data/723612/000072361220000011/car-20191231x10k.htm", "calculatedOtherExpenses": 4949000000, "calculatedOperatingExpenses": 6186000000, "calculatedNetInterest": -163000000, "calculatedOtherIncome": -129000000, "calculatedIncomeNonControlling": 0, "calculatedEbitda": 786000000}, {"date": "2018-12-31", "symbol": "CAR", "reportedCurrency": "USD", "cik": "0000723612", "fillingDate": "2019-02-21", "acceptedDate": "2019-02-21 16:02:14", "calendarYear": "2018", "period": "FY", "revenue": 9124000000, "costOfRevenue": 2493000000, "grossProfit": 6631000000, "grossProfitRatio": 0.7267645769, "researchAndDevelopmentExpenses": 0, "generalAndAdministrativeExpenses": 1220000000, "sellingAndMarketingExpenses": 116000000, "sellingGeneralAndAdministrativeExpenses": 1220000000, "otherExpenses": 4895000000, "operatingExpenses": 6054000000, "costAndExpenses": 8547000000, "interestIncome": 0, "interestExpense": 188000000, "depreciationAndAmortization": 195000000, "ebitda": 772000000, "ebitdaratio": 0.0846120123, "operatingIncome": 516000000, "operatingIncomeRatio": 0.0565541429, "totalOtherIncomeExpensesNet": -122000000, "incomeBeforeTax": 267000000, "incomeBeforeTaxRatio": 0.0292634809, "incomeTaxExpense": 102000000, "netIncome": 165000000, "netIncomeRatio": 0.0180841736, "eps": 2.08, "epsdiluted": 2.06, "weightedAverageShsOut": 79300000, "weightedAverageShsOutDil": 80100000, "link": "https://www.sec.gov/Archives/edgar/data/723612/000072361219000025/0000723612-19-000025-index.htm", "finalLink": "https://www.sec.gov/Archives/edgar/data/723612/000072361219000025/car-20181231x10k.htm", "calculatedOtherExpenses": 4895000000, "calculatedOperatingExpenses": 6115000000, "calculatedNetInterest": -188000000, "calculatedOtherIncome": -61000000, "calculatedIncomeNonControlling": 0, "calculatedEbitda": 711000000}, {"date": "2017-12-31", "symbol": "CAR", "reportedCurrency": "USD", "cik": "0000723612", "fillingDate": "2018-02-22", "acceptedDate": "2018-02-22 17:24:52", "calendarYear": "2017", "period": "FY", "revenue": 8848000000, "costOfRevenue": 2507000000, "grossProfit": 6341000000, "grossProfitRatio": 0.716659132, "researchAndDevelopmentExpenses": 0, "generalAndAdministrativeExpenses": 1120000000, "sellingAndMarketingExpenses": 111000000, "sellingGeneralAndAdministrativeExpenses": 1120000000, "otherExpenses": 4745000000, "operatingExpenses": 5807000000, "costAndExpenses": 8314000000, "interestIncome": 0, "interestExpense": 188000000, "depreciationAndAmortization": 201000000, "ebitda": 735000000, "ebitdaratio": 0.0830696203, "operatingIncome": 476000000, "operatingIncomeRatio": 0.0537974684, "totalOtherIncomeExpensesNet": -135000000, "incomeBeforeTax": 211000000, "incomeBeforeTaxRatio": 0.0238471971, "incomeTaxExpense": -150000000, "netIncome": 361000000, "netIncomeRatio": 0.0408001808, "eps": 4.32, "epsdiluted": 4.25, "weightedAverageShsOut": 83400000, "weightedAverageShsOutDil": 84800000, "link": "https://www.sec.gov/Archives/edgar/data/723612/000072361218000024/0000723612-18-000024-index.htm", "finalLink": "https://www.sec.gov/Archives/edgar/data/723612/000072361218000024/car-20171231x10k.htm", "calculatedOtherExpenses": 4745000000, "calculatedOperatingExpenses": 5865000000, "calculatedNetInterest": -188000000, "calculatedOtherIncome": -77000000, "calculatedIncomeNonControlling": 0, "calculatedEbitda": 677000000}, {"date": "2016-12-31", "symbol": "CAR", "reportedCurrency": "USD", "cik": "0000723612", "fillingDate": "2017-02-21", "acceptedDate": "2017-02-21 17:29:49", "calendarYear": "2016", "period": "FY", "revenue": 8659000000, "costOfRevenue": 2331000000, "grossProfit": 6328000000, "grossProfitRatio": 0.7308003234, "researchAndDevelopmentExpenses": 0, "generalAndAdministrativeExpenses": 1134000000, "sellingAndMarketingExpenses": 127000000, "sellingGeneralAndAdministrativeExpenses": 1134000000, "otherExpenses": 4609000000, "operatingExpenses": 5684000000, "costAndExpenses": 8015000000, "interestIncome": 0, "interestExpense": 203000000, "depreciationAndAmortization": 194000000, "ebitda": 838000000, "ebitdaratio": 0.0967779189, "operatingIncome": 585000000, "operatingIncomeRatio": 0.0675597644, "totalOtherIncomeExpensesNet": -162000000, "incomeBeforeTax": 279000000, "incomeBeforeTaxRatio": 0.0322208107, "incomeTaxExpense": 116000000, "netIncome": 163000000, "netIncomeRatio": 0.0188243446, "eps": 1.78, "epsdiluted": 1.75, "weightedAverageShsOut": 92000000, "weightedAverageShsOutDil": 93300000, "link": "https://www.sec.gov/Archives/edgar/data/723612/000072361217000035/0000723612-17-000035-index.htm", "finalLink": "https://www.sec.gov/Archives/edgar/data/723612/000072361217000035/car-20161231x10k.htm", "calculatedOtherExpenses": 4609000000, "calculatedOperatingExpenses": 5743000000, "calculatedNetInterest": -203000000, "calculatedOtherIncome": -103000000, "calculatedIncomeNonControlling": 0, "calculatedEbitda": 779000000}, {"date": "2015-12-31", "symbol": "CAR", "reportedCurrency": "USD", "cik": "0000723612", "fillingDate": "2016-02-24", "acceptedDate": "2016-02-24 16:35:49", "calendarYear": "2015", "period": "FY", "revenue": 8502000000, "costOfRevenue": 2222000000, "grossProfit": 6280000000, "grossProfitRatio": 0.7386497295, "researchAndDevelopmentExpenses": 0, "generalAndAdministrativeExpenses": 1093000000, "sellingAndMarketingExpenses": 123000000, "sellingGeneralAndAdministrativeExpenses": 1093000000, "otherExpenses": 4502000000, "operatingExpenses": 5540000000, "costAndExpenses": 7762000000, "interestIncome": 0, "interestExpense": 194000000, "depreciationAndAmortization": 163000000, "ebitda": 903000000, "ebitdaratio": 0.1062103035, "operatingIncome": 685000000, "operatingIncomeRatio": 0.0805692778, "totalOtherIncomeExpensesNet": -164000000, "incomeBeforeTax": 382000000, "incomeBeforeTaxRatio": 0.0449306046, "incomeTaxExpense": 69000000, "netIncome": 313000000, "netIncomeRatio": 0.0368148671, "eps": 3.02, "epsdiluted": 2.98, "weightedAverageShsOut": 103400000, "weightedAverageShsOutDil": 105000000, "link": "https://www.sec.gov/Archives/edgar/data/723612/000072361216000244/0000723612-16-000244-index.htm", "finalLink": "https://www.sec.gov/Archives/edgar/data/723612/000072361216000244/car-20151231x10k.htm", "calculatedOtherExpenses": 4502000000, "calculatedOperatingExpenses": 5595000000, "calculatedNetInterest": -194000000, "calculatedOtherIncome": -109000000, "calculatedIncomeNonControlling": 0, "calculatedEbitda": 848000000}, {"date": "2014-12-31", "symbol": "CAR", "reportedCurrency": "USD", "cik": "0000723612", "fillingDate": "2015-02-23", "acceptedDate": "2015-02-23 17:21:24", "calendarYear": "2014", "period": "FY", "revenue": 8492000000, "costOfRevenue": 2285000000, "grossProfit": 6207000000, "grossProfitRatio": 0.7309232219, "researchAndDevelopmentExpenses": 0, "generalAndAdministrativeExpenses": 1080000000, "sellingAndMarketingExpenses": 112000000, "sellingGeneralAndAdministrativeExpenses": 1080000000, "otherExpenses": 4431000000, "operatingExpenses": 5511000000, "costAndExpenses": 7796000000, "interestIncome": 0, "interestExpense": 209000000, "depreciationAndAmortization": 2020000000, "ebitda": 2716000000, "ebitdaratio": 0.3198304286, "operatingIncome": 696000000, "operatingIncomeRatio": 0.0819594913, "totalOtherIncomeExpensesNet": -95000000, "incomeBeforeTax": 392000000, "incomeBeforeTaxRatio": 0.0461610928, "incomeTaxExpense": 147000000, "netIncome": 245000000, "netIncomeRatio": 0.028850683, "eps": 2.32, "epsdiluted": 2.22, "weightedAverageShsOut": 105400000, "weightedAverageShsOutDil": 110600000, "link": "https://www.sec.gov/Archives/edgar/data/723612/000072361215000047/0000723612-15-000047-index.htm", "finalLink": "https://www.sec.gov/Archives/edgar/data/723612/000072361215000047/car-20141231x10k.htm", "calculatedOtherExpenses": 4431000000, "calculatedOperatingExpenses": 5511000000, "calculatedNetInterest": -209000000, "calculatedOtherIncome": -95000000, "calculatedIncomeNonControlling": 0, "calculatedEbitda": 2716000000}, {"date": "2013-12-31", "symbol": "CAR", "reportedCurrency": "USD", "cik": "0000723612", "fillingDate": "2014-02-21", "acceptedDate": "2014-02-20 17:43:06", "calendarYear": "2013", "period": "FY", "revenue": 7937000000, "costOfRevenue": 2075000000, "grossProfit": 5862000000, "grossProfitRatio": 0.7385662089, "researchAndDevelopmentExpenses": 0, "generalAndAdministrativeExpenses": 1019000000, "sellingAndMarketingExpenses": 116000000, "sellingGeneralAndAdministrativeExpenses": 1019000000, "otherExpenses": 4226000000, "operatingExpenses": 5221000000, "costAndExpenses": 7296000000, "interestIncome": 0, "interestExpense": 228000000, "depreciationAndAmortization": 128000000, "ebitda": 769000000, "ebitdaratio": 0.0968879929, "operatingIncome": 617000000, "operatingIncomeRatio": 0.0777371803, "totalOtherIncomeExpensesNet": -316000000, "incomeBeforeTax": 97000000, "incomeBeforeTaxRatio": 0.0122212423, "incomeTaxExpense": 81000000, "netIncome": 16000000, "netIncomeRatio": 0.002015875, "eps": 0.15, "epsdiluted": 0.15, "weightedAverageShsOut": 107600000, "weightedAverageShsOutDil": 111400000, "link": "https://www.sec.gov/Archives/edgar/data/723612/000072361214000041/0000723612-14-000041-index.htm", "finalLink": "https://www.sec.gov/Archives/edgar/data/723612/000072361214000041/car-20131231x10k.htm", "calculatedOtherExpenses": 4226000000, "calculatedOperatingExpenses": 5245000000, "calculatedNetInterest": -228000000, "calculatedOtherIncome": -292000000, "calculatedIncomeNonControlling": 0, "calculatedEbitda": 745000000}, {"date": "2012-12-31", "symbol": "CAR", "reportedCurrency": "USD", "cik": "0000723612", "fillingDate": "2013-02-21", "acceptedDate": "2013-02-21 06:19:23", "calendarYear": "2012", "period": "FY", "revenue": 7357000000, "costOfRevenue": 1768000000, "grossProfit": 5589000000, "grossProfitRatio": 0.7596846541, "researchAndDevelopmentExpenses": 0, "generalAndAdministrativeExpenses": 925000000, "sellingAndMarketingExpenses": 127000000, "sellingGeneralAndAdministrativeExpenses": 925000000, "otherExpenses": 3949000000, "operatingExpenses": 4858000000, "costAndExpenses": 6626000000, "interestIncome": 0, "interestExpense": 268000000, "depreciationAndAmortization": 109000000, "ebitda": 840000000, "ebitdaratio": 0.1141769743, "operatingIncome": 715000000, "operatingIncomeRatio": 0.0971863531, "totalOtherIncomeExpensesNet": -163000000, "incomeBeforeTax": 300000000, "incomeBeforeTaxRatio": 0.0407774908, "incomeTaxExpense": 10000000, "netIncome": 290000000, "netIncomeRatio": 0.0394182411, "eps": 2.72, "epsdiluted": 2.42, "weightedAverageShsOut": 106600000, "weightedAverageShsOutDil": 121600000, "link": "https://www.sec.gov/Archives/edgar/data/723612/000119312513068169/0001193125-13-068169-index.htm", "finalLink": "https://www.sec.gov/Archives/edgar/data/723612/000119312513068169/d449977d10k.htm", "calculatedOtherExpenses": 3949000000, "calculatedOperatingExpenses": 4874000000, "calculatedNetInterest": -268000000, "calculatedOtherIncome": -147000000, "calculatedIncomeNonControlling": 0, "calculatedEbitda": 824000000}, {"date": "2011-12-31", "symbol": "CAR", "reportedCurrency": "USD", "cik": "0000723612", "fillingDate": "2012-02-29", "acceptedDate": "2012-02-29 17:08:02", "calendarYear": "2011", "period": "FY", "revenue": 5900000000, "costOfRevenue": 1509000000, "grossProfit": 4391000000, "grossProfitRatio": 0.7442372881, "researchAndDevelopmentExpenses": 0, "generalAndAdministrativeExpenses": 756000000, "sellingAndMarketingExpenses": 0, "sellingGeneralAndAdministrativeExpenses": 756000000, "otherExpenses": 3120000000, "operatingExpenses": 3876000000, "costAndExpenses": 5385000000, "interestIncome": 0, "interestExpense": 219000000, "depreciationAndAmortization": 95000000, "ebitda": 610000000, "ebitdaratio": 0.1033898305, "operatingIncome": 515000000, "operatingIncomeRatio": 0.0872881356, "totalOtherIncomeExpensesNet": -260000000, "incomeBeforeTax": 36000000, "incomeBeforeTaxRatio": 0.0061016949, "incomeTaxExpense": 65000000, "netIncome": -29000000, "netIncomeRatio": -0.0049152542, "eps": -0.28, "epsdiluted": -0.28, "weightedAverageShsOut": 105200000, "weightedAverageShsOutDil": 105200000, "link": "https://www.sec.gov/Archives/edgar/data/723612/000119312512089534/0001193125-12-089534-index.htm", "finalLink": "https://www.sec.gov/Archives/edgar/data/723612/000119312512089534/d268073d10k.htm", "calculatedOtherExpenses": 3120000000, "calculatedOperatingExpenses": 3876000000, "calculatedNetInterest": -219000000, "calculatedOtherIncome": -260000000, "calculatedIncomeNonControlling": 0, "calculatedEbitda": 610000000}, {"date": "2010-12-31", "symbol": "CAR", "reportedCurrency": "USD", "cik": "0000723612", "fillingDate": "2011-02-24", "acceptedDate": "2011-02-24 16:33:34", "calendarYear": "2010", "period": "FY", "revenue": 5185000000, "costOfRevenue": 1591000000, "grossProfit": 3594000000, "grossProfitRatio": 0.6931533269, "researchAndDevelopmentExpenses": 0, "generalAndAdministrativeExpenses": 583000000, "sellingAndMarketingExpenses": -14000000, "sellingGeneralAndAdministrativeExpenses": 569000000, "otherExpenses": 2706000000, "operatingExpenses": 3275000000, "costAndExpenses": 4866000000, "interestIncome": 0, "interestExpense": 162000000, "depreciationAndAmortization": 90000000, "ebitda": 409000000, "ebitdaratio": 0.0788813886, "operatingIncome": 305000000, "operatingIncomeRatio": 0.0588235294, "totalOtherIncomeExpensesNet": -85000000, "incomeBeforeTax": 72000000, "incomeBeforeTaxRatio": 0.0138862102, "incomeTaxExpense": 18000000, "netIncome": 54000000, "netIncomeRatio": 0.0104146577, "eps": 0.53, "epsdiluted": 0.49, "weightedAverageShsOut": 103100000, "weightedAverageShsOutDil": 126700000, "link": "https://www.sec.gov/Archives/edgar/data/723612/000119312511045409/0001193125-11-045409-index.htm", "finalLink": "https://www.sec.gov/Archives/edgar/data/723612/000119312511045409/d10k.htm", "calculatedOtherExpenses": 2720000000, "calculatedOperatingExpenses": 3289000000, "calculatedNetInterest": -162000000, "calculatedOtherIncome": -71000000, "calculatedIncomeNonControlling": 0, "calculatedEbitda": 395000000}, {"date": "2009-12-31", "symbol": "CAR", "reportedCurrency": "USD", "cik": "0000723612", "fillingDate": "2010-02-24", "acceptedDate": "2010-02-23 19:46:24", "calendarYear": "2009", "period": "FY", "revenue": 5131000000, "costOfRevenue": 1719000000, "grossProfit": 3412000000, "grossProfitRatio": 0.6649775872, "researchAndDevelopmentExpenses": 0, "generalAndAdministrativeExpenses": 551000000, "sellingAndMarketingExpenses": 0, "sellingGeneralAndAdministrativeExpenses": 551000000, "otherExpenses": 2732000000, "operatingExpenses": 3265000000, "costAndExpenses": 4984000000, "interestIncome": 0, "interestExpense": 153000000, "depreciationAndAmortization": 96000000, "ebitda": 243000000, "ebitdaratio": 0.0473591892, "operatingIncome": 129000000, "operatingIncomeRatio": 0.025141298, "totalOtherIncomeExpensesNet": -71000000, "incomeBeforeTax": -77000000, "incomeBeforeTaxRatio": -0.0150068213, "incomeTaxExpense": -30000000, "netIncome": -47000000, "netIncomeRatio": -0.0091600078, "eps": -0.46, "epsdiluted": -0.46, "weightedAverageShsOut": 102200000, "weightedAverageShsOutDil": 102200000, "link": "https://www.sec.gov/Archives/edgar/data/723612/000119312510037872/0001193125-10-037872-index.htm", "finalLink": "https://www.sec.gov/Archives/edgar/data/723612/000119312510037872/d10k.htm", "calculatedOtherExpenses": 2732000000, "calculatedOperatingExpenses": 3283000000, "calculatedNetInterest": -153000000, "calculatedOtherIncome": -53000000, "calculatedIncomeNonControlling": 0, "calculatedEbitda": 225000000}, {"date": "2008-12-31", "symbol": "CAR", "reportedCurrency": "USD", "cik": "0000723612", "fillingDate": "2009-02-26", "acceptedDate": "2009-02-26 17:23:18", "calendarYear": "2008", "period": "FY", "revenue": 5977000000, "costOfRevenue": 2011000000, "grossProfit": 3966000000, "grossProfitRatio": 0.6635435837, "researchAndDevelopmentExpenses": 0, "generalAndAdministrativeExpenses": 655000000, "sellingAndMarketingExpenses": 0, "sellingGeneralAndAdministrativeExpenses": 655000000, "otherExpenses": 3235000000, "operatingExpenses": 3890000000, "costAndExpenses": 5901000000, "interestIncome": 0, "interestExpense": 129000000, "depreciationAndAmortization": 1727000000, "ebitda": 1803000000, "ebitdaratio": 0.3016563493, "operatingIncome": 76000000, "operatingIncomeRatio": 0.0127154091, "totalOtherIncomeExpensesNet": -1290000000, "incomeBeforeTax": -1343000000, "incomeBeforeTaxRatio": -0.2246946629, "incomeTaxExpense": -219000000, "netIncome": -1124000000, "netIncomeRatio": -0.1880542078, "eps": -11.03, "epsdiluted": -11.03, "weightedAverageShsOut": 101900000, "weightedAverageShsOutDil": 101900000, "link": "https://www.sec.gov/Archives/edgar/data/723612/000119312509039260/0001193125-09-039260-index.htm", "finalLink": "https://www.sec.gov/Archives/edgar/data/723612/000119312509039260/d10k.htm", "calculatedOtherExpenses": 3235000000, "calculatedOperatingExpenses": 3890000000, "calculatedNetInterest": -129000000, "calculatedOtherIncome": -1290000000, "calculatedIncomeNonControlling": 0, "calculatedEbitda": 1803000000}, {"date": "2007-12-31", "symbol": "CAR", "reportedCurrency": "USD", "cik": "0000723612", "fillingDate": "2008-02-29", "acceptedDate": "2008-02-28 17:58:44", "calendarYear": "2007", "period": "FY", "revenue": 6026000000, "costOfRevenue": 1926000000, "grossProfit": 4100000000, "grossProfitRatio": 0.6803849983, "researchAndDevelopmentExpenses": 0, "generalAndAdministrativeExpenses": 658000000, "sellingAndMarketingExpenses": 0, "sellingGeneralAndAdministrativeExpenses": 658000000, "otherExpenses": 3117000000, "operatingExpenses": 3775000000, "costAndExpenses": 5701000000, "interestIncome": 0, "interestExpense": 127000000, "depreciationAndAmortization": 1649000000, "ebitda": 1974000000, "ebitdaratio": 0.3275804846, "operatingIncome": 325000000, "operatingIncomeRatio": 0.0539329572, "totalOtherIncomeExpensesNet": -1190000000, "incomeBeforeTax": -992000000, "incomeBeforeTaxRatio": -0.1646199801, "incomeTaxExpense": -45000000, "netIncome": -916000000, "netIncomeRatio": -0.1520079655, "eps": -8.88, "epsdiluted": -8.88, "weightedAverageShsOut": 103100000, "weightedAverageShsOutDil": 103100000, "link": "https://www.sec.gov/Archives/edgar/data/723612/000119312508042121/0001193125-08-042121-index.htm", "finalLink": "https://www.sec.gov/Archives/edgar/data/723612/000119312508042121/d10k.htm", "calculatedOtherExpenses": 3117000000, "calculatedOperatingExpenses": 3775000000, "calculatedNetInterest": -127000000, "calculatedOtherIncome": -1190000000, "calculatedIncomeNonControlling": -31000000, "calculatedEbitda": 1974000000}, {"date": "2006-12-31", "symbol": "CAR", "reportedCurrency": "USD", "cik": "0000723612", "fillingDate": "2007-03-01", "acceptedDate": "2007-03-01 16:44:35", "calendarYear": "2006", "period": "FY", "revenue": 5689000000, "costOfRevenue": 1736000000, "grossProfit": 3953000000, "grossProfitRatio": 0.69484971, "researchAndDevelopmentExpenses": 0, "generalAndAdministrativeExpenses": 818000000, "sellingAndMarketingExpenses": 0, "sellingGeneralAndAdministrativeExpenses": 818000000, "otherExpenses": 2992000000, "operatingExpenses": 3810000000, "costAndExpenses": 5546000000, "interestIncome": 0, "interestExpense": 236000000, "depreciationAndAmortization": 1467000000, "ebitda": 1610000000, "ebitdaratio": 0.2830022851, "operatingIncome": 143000000, "operatingIncomeRatio": 0.0251362278, "totalOtherIncomeExpensesNet": -584000000, "incomeBeforeTax": -677000000, "incomeBeforeTaxRatio": -0.119001582, "incomeTaxExpense": -226000000, "netIncome": -1994000000, "netIncomeRatio": -0.3505009668, "eps": -19.82, "epsdiluted": -19.82, "weightedAverageShsOut": 100600000, "weightedAverageShsOutDil": 100600000, "link": "https://www.sec.gov/Archives/edgar/data/723612/000119312507044472/0001193125-07-044472-index.htm", "finalLink": "https://www.sec.gov/Archives/edgar/data/723612/000119312507044472/d10k.htm", "calculatedOtherExpenses": 2992000000, "calculatedOperatingExpenses": 3810000000, "calculatedNetInterest": -236000000, "calculatedOtherIncome": -584000000, "calculatedIncomeNonControlling": 1543000000, "calculatedEbitda": 1610000000}, {"date": "2005-12-31", "symbol": "CAR", "reportedCurrency": "USD", "cik": "0000723612", "fillingDate": "2006-03-01", "acceptedDate": "2006-03-01 16:33:43", "calendarYear": "2005", "period": "FY", "revenue": 18236000000, "costOfRevenue": 10684000000, "grossProfit": 7552000000, "grossProfitRatio": 0.4141259048, "researchAndDevelopmentExpenses": 0, "generalAndAdministrativeExpenses": 3776000000, "sellingAndMarketingExpenses": 1712000000, "sellingGeneralAndAdministrativeExpenses": 3776000000, "otherExpenses": 1570000000, "operatingExpenses": 5346000000, "costAndExpenses": 16030000000, "interestIncome": 0, "interestExpense": 1340000000, "depreciationAndAmortization": 1292000000, "ebitda": 4447000000, "ebitdaratio": 0.2438583023, "operatingIncome": 866000000, "operatingIncomeRatio": 0.0474884843, "totalOtherIncomeExpensesNet": -671000000, "incomeBeforeTax": 1346000000, "incomeBeforeTaxRatio": 0.0738100461, "incomeTaxExpense": 474000000, "netIncome": 1341000000, "netIncomeRatio": 0.0735358631, "eps": 15.56, "epsdiluted": 15.56, "weightedAverageShsOut": 104000000, "weightedAverageShsOutDil": 104000000, "link": "https://www.sec.gov/Archives/edgar/data/723612/000095012306002437/0000950123-06-002437-index.htm", "finalLink": "https://www.sec.gov/Archives/edgar/data/723612/000095012306002437/y17817e10vk.htm", "calculatedOtherExpenses": 2910000000, "calculatedOperatingExpenses": 6686000000, "calculatedNetInterest": -1340000000, "calculatedOtherIncome": 1820000000, "calculatedIncomeNonControlling": -469000000, "calculatedEbitda": 2158000000}, {"date": "2004-12-31", "symbol": "CAR", "reportedCurrency": "USD", "cik": "0000723612", "fillingDate": "2005-03-01", "acceptedDate": "2005-03-01 17:17:22", "calendarYear": "2004", "period": "FY", "revenue": 19785000000, "costOfRevenue": 10338000000, "grossProfit": 9447000000, "grossProfitRatio": 0.4774829416, "researchAndDevelopmentExpenses": 0, "generalAndAdministrativeExpenses": 3581000000, "sellingAndMarketingExpenses": 2010000000, "sellingGeneralAndAdministrativeExpenses": 3581000000, "otherExpenses": 3055000000, "operatingExpenses": 6636000000, "costAndExpenses": 16974000000, "interestIncome": 0, "interestExpense": -11000000, "depreciationAndAmortization": 3195000000, "ebitda": 5994000000, "ebitdaratio": 0.3029567854, "operatingIncome": 2799000000, "operatingIncomeRatio": 0.1414708112, "totalOtherIncomeExpensesNet": 12000000, "incomeBeforeTax": 2548000000, "incomeBeforeTaxRatio": 0.1287844327, "incomeTaxExpense": 728000000, "netIncome": 2082000000, "netIncomeRatio": 0.1052312358, "eps": 20.29, "epsdiluted": 19.66, "weightedAverageShsOut": 103100000, "weightedAverageShsOutDil": 103100000, "link": "https://www.sec.gov/Archives/edgar/data/723612/000095012305002491/0000950123-05-002491-index.htm", "finalLink": "https://www.sec.gov/Archives/edgar/data/723612/000095012305002491/y05947e10vk.htm", "calculatedOtherExpenses": 3067000000, "calculatedOperatingExpenses": 6648000000, "calculatedNetInterest": 11000000, "calculatedOtherIncome": -262000000, "calculatedIncomeNonControlling": -262000000, "calculatedEbitda": 5994000000}, {"date": "2003-12-31", "symbol": "CAR", "reportedCurrency": "USD", "cik": "0000723612", "fillingDate": "2004-03-01", "acceptedDate": "2004-03-01 17:09:26", "calendarYear": "2003", "period": "FY", "revenue": 18192000000, "costOfRevenue": 9408000000, "grossProfit": 8784000000, "grossProfitRatio": 0.4828496042, "researchAndDevelopmentExpenses": 0, "generalAndAdministrativeExpenses": 3124000000, "sellingAndMarketingExpenses": 1756000000, "sellingGeneralAndAdministrativeExpenses": 3124000000, "otherExpenses": 3005000000, "operatingExpenses": 6129000000, "costAndExpenses": 15537000000, "interestIncome": 0, "interestExpense": 797000000, "depreciationAndAmortization": 3462000000, "ebitda": 6176000000, "ebitdaratio": 0.3394898857, "operatingIncome": 2714000000, "operatingIncomeRatio": 0.1491864556, "totalOtherIncomeExpensesNet": -59000000, "incomeBeforeTax": 2210000000, "incomeBeforeTaxRatio": 0.1214819701, "incomeTaxExpense": 745000000, "netIncome": 1172000000, "netIncomeRatio": 0.0644239226, "eps": 11.5, "epsdiluted": 11.3, "weightedAverageShsOut": 101913043, "weightedAverageShsOutDil": 103716814, "link": "https://www.sec.gov/Archives/edgar/data/723612/000104746904006115/0001047469-04-006115-index.htm", "finalLink": "https://www.sec.gov/Archives/edgar/data/723612/000104746904006115/a2129356z10-k.htm", "calculatedOtherExpenses": 2946000000, "calculatedOperatingExpenses": 6070000000, "calculatedNetInterest": -797000000, "calculatedOtherIncome": 293000000, "calculatedIncomeNonControlling": 293000000, "calculatedEbitda": 6176000000}, {"date": "2002-12-31", "symbol": "CAR", "reportedCurrency": "USD", "cik": "0000723612", "fillingDate": "2003-03-05", "acceptedDate": "2003-03-05 12:58:31", "calendarYear": "2002", "period": "FY", "revenue": 14088000000, "costOfRevenue": 6721000000, "grossProfit": 7367000000, "grossProfitRatio": 0.522927314, "researchAndDevelopmentExpenses": 0, "generalAndAdministrativeExpenses": 2512000000, "sellingAndMarketingExpenses": 1392000000, "sellingGeneralAndAdministrativeExpenses": 2512000000, "otherExpenses": 2560000000, "operatingExpenses": 5072000000, "costAndExpenses": 11793000000, "interestIncome": 0, "interestExpense": 1267000000, "depreciationAndAmortization": 2717000000, "ebitda": 5386000000, "ebitdaratio": 0.3823111868, "operatingIncome": 1028000000, "operatingIncomeRatio": 0.0729699035, "totalOtherIncomeExpensesNet": -374000000, "incomeBeforeTax": 1637000000, "incomeBeforeTaxRatio": 0.1161981829, "incomeTaxExpense": 556000000, "netIncome": 846000000, "netIncomeRatio": 0.0600511073, "eps": 7.57, "epsdiluted": 7.57, "weightedAverageShsOut": 111756935, "weightedAverageShsOutDil": 111756935, "link": "https://www.sec.gov/Archives/edgar/data/723612/000104746903007743/0001047469-03-007743-index.htm", "finalLink": "https://www.sec.gov/Archives/edgar/data/723612/000104746903007743/a2104329z10-k.htm", "calculatedOtherExpenses": 3827000000, "calculatedOperatingExpenses": 6339000000, "calculatedNetInterest": -1267000000, "calculatedOtherIncome": 1876000000, "calculatedIncomeNonControlling": 235000000, "calculatedEbitda": 3745000000}, {"date": "2001-12-31", "symbol": "CAR", "reportedCurrency": "USD", "cik": "0000723612", "fillingDate": "2002-04-01", "acceptedDate": "2002-04-01 00:00:00", "calendarYear": "2001", "period": "FY", "revenue": 8950000000, "costOfRevenue": 2937000000, "grossProfit": 6013000000, "grossProfitRatio": 0.6718435754, "researchAndDevelopmentExpenses": 0, "generalAndAdministrativeExpenses": 2010000000, "sellingAndMarketingExpenses": 1114000000, "sellingGeneralAndAdministrativeExpenses": 2010000000, "otherExpenses": 2300000000, "operatingExpenses": 4310000000, "costAndExpenses": 7247000000, "interestIncome": 0, "interestExpense": 1842000000, "depreciationAndAmortization": 2168000000, "ebitda": 4630000000, "ebitdaratio": 0.5173184358, "operatingIncome": 2462000000, "operatingIncomeRatio": 0.2750837989, "totalOtherIncomeExpensesNet": -704000000, "incomeBeforeTax": 658000000, "incomeBeforeTaxRatio": 0.0735195531, "incomeTaxExpense": 235000000, "netIncome": 385000000, "netIncomeRatio": 0.0430167598, "eps": 4.2, "epsdiluted": 4.1, "weightedAverageShsOut": 91666667, "weightedAverageShsOutDil": 93902439, "link": "https://www.sec.gov/Archives/edgar/data/723612/000091205702012785/0000912057-02-012785-index.htm", "finalLink": "https://www.sec.gov/Archives/edgar/data/723612/000091205702012785/a2072306z10-k.txt", "calculatedOtherExpenses": 1541000000, "calculatedOperatingExpenses": 3551000000, "calculatedNetInterest": -1842000000, "calculatedOtherIncome": 38000000, "calculatedIncomeNonControlling": 38000000, "calculatedEbitda": 4630000000}, {"date": "2000-12-13", "symbol": "CAR", "reportedCurrency": "USD", "cik": "0000723612", "fillingDate": "2001-03-29", "acceptedDate": "2001-03-29 00:00:00", "calendarYear": "2000", "period": "FY", "revenue": 3930000000, "costOfRevenue": 1314000000, "grossProfit": 2616000000, "grossProfitRatio": 0.665648855, "researchAndDevelopmentExpenses": 0, "generalAndAdministrativeExpenses": 1073000000, "sellingAndMarketingExpenses": 0, "sellingGeneralAndAdministrativeExpenses": 1073000000, "otherExpenses": 330000000, "operatingExpenses": 1403000000, "costAndExpenses": 2717000000, "interestIncome": 0, "interestExpense": 401000000, "depreciationAndAmortization": 330000000, "ebitda": 1642000000, "ebitdaratio": 0.4178117048, "operatingIncome": 1312000000, "operatingIncomeRatio": 0.3338422392, "totalOtherIncomeExpensesNet": -99000000, "incomeBeforeTax": 885000000, "incomeBeforeTaxRatio": 0.2251908397, "incomeTaxExpense": 309000000, "netIncome": 602000000, "netIncomeRatio": 0.1531806616, "eps": 8.4, "epsdiluted": 8.1, "weightedAverageShsOut": 71666667, "weightedAverageShsOutDil": 74320988, "link": "https://www.sec.gov/Archives/edgar/data/723612/000091205701505442/0000912057-01-505442-index.htm", "finalLink": "https://www.sec.gov/Archives/edgar/data/723612/000091205701505442/a2033484z10-k.txt", "calculatedOtherExpenses": 231000000, "calculatedOperatingExpenses": 1304000000, "calculatedNetInterest": -401000000, "calculatedOtherIncome": -26000000, "calculatedIncomeNonControlling": -26000000, "calculatedEbitda": 1642000000}, {"date": "1999-12-31", "symbol": "CAR", "reportedCurrency": "USD", "cik": "0000723612", "fillingDate": "2000-03-01", "acceptedDate": "2000-03-01 00:00:00", "calendarYear": "1999", "period": "FY", "revenue": 5402000000, "costOfRevenue": 1097000000, "grossProfit": 4305000000, "grossProfitRatio": 0.7969270641, "researchAndDevelopmentExpenses": 0, "generalAndAdministrativeExpenses": 1688000000, "sellingAndMarketingExpenses": 0, "sellingGeneralAndAdministrativeExpenses": 1688000000, "otherExpenses": 1069000000, "operatingExpenses": 2757000000, "costAndExpenses": 3854000000, "interestIncome": 0, "interestExpense": 3932000000, "depreciationAndAmortization": 1069000000, "ebitda": 4540000000, "ebitdaratio": 0.8404294706, "operatingIncome": 3471000000, "operatingIncomeRatio": 0.6425398001, "totalOtherIncomeExpensesNet": -1923000000, "incomeBeforeTax": -635000000, "incomeBeforeTaxRatio": -0.1175490559, "incomeTaxExpense": -406000000, "netIncome": -55000000, "netIncomeRatio": -0.0101814143, "eps": -0.73, "epsdiluted": -0.73, "weightedAverageShsOut": 75100000, "weightedAverageShsOutDil": 75100000, "link": "https://www.sec.gov/Archives/edgar/data/723612/000095013600000281/0000950136-00-000281-index.html", "finalLink": "https://www.sec.gov/Archives/edgar/data/723612/000095013600000281/", "calculatedOtherExpenses": -854000000, "calculatedOperatingExpenses": 834000000, "calculatedNetInterest": -3932000000, "calculatedOtherIncome": -174000000, "calculatedIncomeNonControlling": -174000000, "calculatedEbitda": 4540000000}, {"date": "1998-12-31", "symbol": "CAR", "reportedCurrency": "USD", "cik": "0000723612", "fillingDate": "1999-03-29", "acceptedDate": "1999-03-29 00:00:00", "calendarYear": "1998", "period": "FY", "revenue": 5283800000, "costOfRevenue": 609200000, "grossProfit": 4674600000, "grossProfitRatio": 0.8847041902, "researchAndDevelopmentExpenses": 0, "generalAndAdministrativeExpenses": 1824800000, "sellingAndMarketingExpenses": 0, "sellingGeneralAndAdministrativeExpenses": 1824800000, "otherExpenses": 1582600000, "operatingExpenses": 3407400000, "costAndExpenses": 4016600000, "interestIncome": 0, "interestExpense": 1461400000, "depreciationAndAmortization": 1582600000, "ebitda": 3688100000, "ebitdaratio": 0.6980014384, "operatingIncome": 2105500000, "operatingIncomeRatio": 0.398482153, "totalOtherIncomeExpensesNet": -838300000, "incomeBeforeTax": 264400000, "incomeBeforeTaxRatio": 0.0500397441, "incomeTaxExpense": 104500000, "netIncome": 539600000, "netIncomeRatio": 0.1021234717, "eps": 6.4, "epsdiluted": 6.1, "weightedAverageShsOut": 84375000, "weightedAverageShsOutDil": 88524590, "link": "https://www.sec.gov/Archives/edgar/data/723612/000095013699000391/0000950136-99-000391-index.html", "finalLink": "https://www.sec.gov/Archives/edgar/data/723612/", "calculatedOtherExpenses": 744300000, "calculatedOperatingExpenses": 2569100000, "calculatedNetInterest": -1461400000, "calculatedOtherIncome": -379700000, "calculatedIncomeNonControlling": -379700000, "calculatedEbitda": 3688100000}, {"date": "1997-12-31", "symbol": "CAR", "reportedCurrency": "USD", "cik": "0000723612", "fillingDate": "1998-03-31", "acceptedDate": "1998-03-31 00:00:00", "calendarYear": "1997", "period": "FY", "revenue": 5314700000, "costOfRevenue": -184000000, "grossProfit": 5498700000, "grossProfitRatio": 1.034620957, "researchAndDevelopmentExpenses": 0, "generalAndAdministrativeExpenses": 0, "sellingAndMarketingExpenses": 0, "sellingGeneralAndAdministrativeExpenses": 1993500000, "otherExpenses": 1996300000, "operatingExpenses": 3989800000, "costAndExpenses": 3805800000, "interestIncome": 0, "interestExpense": 2362100000, "depreciationAndAmortization": 1996300000, "ebitda": 4653100000, "ebitdaratio": 0.8755150808, "operatingIncome": 2656800000, "operatingIncomeRatio": 0.4998965134, "totalOtherIncomeExpensesNet": -1147900000, "incomeBeforeTax": 294700000, "incomeBeforeTaxRatio": 0.0554499784, "incomeTaxExpense": 239300000, "netIncome": 55400000, "netIncomeRatio": 0.0104239186, "eps": -2.7, "epsdiluted": -2.7, "weightedAverageShsOut": 80444444, "weightedAverageShsOutDil": 80444444, "link": "https://www.sec.gov/Archives/edgar/data/723612/000095013698000616/0000950136-98-000616-index.html", "finalLink": "https://www.sec.gov/Archives/edgar/data/723612/", "calculatedOtherExpenses": 848400000, "calculatedOperatingExpenses": 2841900000, "calculatedNetInterest": -2362100000, "calculatedOtherIncome": 0, "calculatedIncomeNonControlling": 0, "calculatedEbitda": 4653100000}, {"date": "1996-12-31", "symbol": "CAR", "reportedCurrency": "USD", "cik": "0000723612", "fillingDate": "1997-05-01", "acceptedDate": "1997-05-01 00:00:00", "calendarYear": "1996", "period": "FY", "revenue": 2347700000, "costOfRevenue": -3000000, "grossProfit": 2350700000, "grossProfitRatio": 1.0012778464, "researchAndDevelopmentExpenses": 0, "generalAndAdministrativeExpenses": 0, "sellingAndMarketingExpenses": 0, "sellingGeneralAndAdministrativeExpenses": 1199800000, "otherExpenses": 704300000, "operatingExpenses": 1904100000, "costAndExpenses": 1901100000, "interestIncome": 0, "interestExpense": 340800000, "depreciationAndAmortization": 704300000, "ebitda": 1321300000, "ebitdaratio": 0.5628061507, "operatingIncome": 617000000, "operatingIncomeRatio": 0.2628104102, "totalOtherIncomeExpensesNet": -170400000, "incomeBeforeTax": 276200000, "incomeBeforeTaxRatio": 0.1176470588, "incomeTaxExpense": 112100000, "netIncome": 164100000, "netIncomeRatio": 0.0698981982, "eps": 4.1, "epsdiluted": 4.1, "weightedAverageShsOut": 40024390, "weightedAverageShsOutDil": 40024390, "link": "https://www.sec.gov/Archives/edgar/data/723612/000100547797001218/0001005477-97-001218-index.html", "finalLink": "https://www.sec.gov/Archives/edgar/data/723612/", "calculatedOtherExpenses": 533900000, "calculatedOperatingExpenses": 1733700000, "calculatedNetInterest": -340800000, "calculatedOtherIncome": 0, "calculatedIncomeNonControlling": 0, "calculatedEbitda": 1321300000}, {"date": "1995-12-31", "symbol": "CAR", "reportedCurrency": "USD", "cik": "0000723612", "fillingDate": "1996-04-25", "acceptedDate": "1996-04-25 00:00:00", "calendarYear": "1995", "period": "FY", "revenue": 1415000000, "costOfRevenue": -74000000, "grossProfit": 1489000000, "grossProfitRatio": 1.0522968198, "researchAndDevelopmentExpenses": 0, "generalAndAdministrativeExpenses": 764300000, "sellingAndMarketingExpenses": 0, "sellingGeneralAndAdministrativeExpenses": 764300000, "otherExpenses": 453900000, "operatingExpenses": 1218200000, "costAndExpenses": 1144200000, "interestIncome": 0, "interestExpense": 8700000, "depreciationAndAmortization": 453900000, "ebitda": 729000000, "ebitdaratio": 0.5151943463, "operatingIncome": 275100000, "operatingIncomeRatio": 0.1944169611, "totalOtherIncomeExpensesNet": -4300000, "incomeBeforeTax": 266400000, "incomeBeforeTaxRatio": 0.1882685512, "incomeTaxExpense": 103000000, "netIncome": 163400000, "netIncomeRatio": 0.1154770318, "eps": 5.6, "epsdiluted": 5.6, "weightedAverageShsOut": 29178571, "weightedAverageShsOutDil": 29178571, "link": "https://www.sec.gov/Archives/edgar/data/723612/000095011296001227/0000950112-96-001227-index.html", "finalLink": "https://www.sec.gov/Archives/edgar/data/723612/", "calculatedOtherExpenses": 449600000, "calculatedOperatingExpenses": 1213900000, "calculatedNetInterest": -8700000, "calculatedOtherIncome": 0, "calculatedIncomeNonControlling": 0, "calculatedEbitda": 729000000}, {"date": "1994-12-31", "symbol": "CAR", "reportedCurrency": "USD", "cik": "0000723612", "fillingDate": "1995-01-31", "acceptedDate": "1995-01-31 00:00:00", "calendarYear": "1994", "period": "FY", "revenue": 1044700000, "costOfRevenue": -95700000, "grossProfit": 1140400000, "grossProfitRatio": 1.0916052455, "researchAndDevelopmentExpenses": 0, "generalAndAdministrativeExpenses": 571100000, "sellingAndMarketingExpenses": 0, "sellingGeneralAndAdministrativeExpenses": 571100000, "otherExpenses": 378800000, "operatingExpenses": 949900000, "costAndExpenses": 854200000, "interestIncome": 0, "interestExpense": 0, "depreciationAndAmortization": 378800000, "ebitda": 569300000, "ebitdaratio": 0.5449411314, "operatingIncome": 190500000, "operatingIncomeRatio": 0.1823489997, "totalOtherIncomeExpensesNet": 0, "incomeBeforeTax": 190500000, "incomeBeforeTaxRatio": 0.1823489997, "incomeTaxExpense": 72900000, "netIncome": 117600000, "netIncomeRatio": 0.1125682014, "eps": 4.5, "epsdiluted": 4.5, "weightedAverageShsOut": 26133333, "weightedAverageShsOutDil": 26133333, "link": null, "finalLink": null, "calculatedOtherExpenses": 378800000, "calculatedOperatingExpenses": 949900000, "calculatedNetInterest": 0, "calculatedOtherIncome": 0, "calculatedIncomeNonControlling": 0, "calculatedEbitda": 569300000}, {"date": "1993-12-31", "symbol": "CAR", "reportedCurrency": "USD", "cik": "0000723612", "fillingDate": "1994-01-31", "acceptedDate": "1994-01-31 00:00:00", "calendarYear": "1993", "period": "FY", "revenue": 875000000, "costOfRevenue": -94700000, "grossProfit": 969700000, "grossProfitRatio": 1.1082285714, "researchAndDevelopmentExpenses": 0, "generalAndAdministrativeExpenses": 489500000, "sellingAndMarketingExpenses": 0, "sellingGeneralAndAdministrativeExpenses": 489500000, "otherExpenses": 337600000, "operatingExpenses": 827100000, "costAndExpenses": 732400000, "interestIncome": 0, "interestExpense": -3900000, "depreciationAndAmortization": 337600000, "ebitda": 475900000, "ebitdaratio": 0.5438857143, "operatingIncome": 138300000, "operatingIncomeRatio": 0.1580571429, "totalOtherIncomeExpensesNet": 4300000, "incomeBeforeTax": 142200000, "incomeBeforeTaxRatio": 0.1625142857, "incomeTaxExpense": 54800000, "netIncome": 87400000, "netIncomeRatio": 0.0998857143, "eps": 3.4, "epsdiluted": 3.4, "weightedAverageShsOut": 25705882, "weightedAverageShsOutDil": 25705882, "link": null, "finalLink": null, "calculatedOtherExpenses": 341900000, "calculatedOperatingExpenses": 831400000, "calculatedNetInterest": 3900000, "calculatedOtherIncome": 0, "calculatedIncomeNonControlling": 0, "calculatedEbitda": 475900000}, {"date": "1992-12-31", "symbol": "CAR", "reportedCurrency": "USD", "cik": "0000723612", "fillingDate": "1993-01-31", "acceptedDate": "1993-01-31 00:00:00", "calendarYear": "1992", "period": "FY", "revenue": 738900000, "costOfRevenue": -109100000, "grossProfit": 848000000, "grossProfitRatio": 1.147651915, "researchAndDevelopmentExpenses": 0, "generalAndAdministrativeExpenses": 437000000, "sellingAndMarketingExpenses": 0, "sellingGeneralAndAdministrativeExpenses": 437000000, "otherExpenses": 309500000, "operatingExpenses": 746500000, "costAndExpenses": 637400000, "interestIncome": 0, "interestExpense": 2100000, "depreciationAndAmortization": 309500000, "ebitda": 407700000, "ebitdaratio": 0.5517661389, "operatingIncome": 98200000, "operatingIncomeRatio": 0.1329002571, "totalOtherIncomeExpensesNet": 3300000, "incomeBeforeTax": 96100000, "incomeBeforeTaxRatio": 0.1300581946, "incomeTaxExpense": 37300000, "netIncome": 58800000, "netIncomeRatio": 0.0795777507, "eps": 2.5, "epsdiluted": 2.5, "weightedAverageShsOut": 23520000, "weightedAverageShsOutDil": 23520000, "link": null, "finalLink": null, "calculatedOtherExpenses": 312800000, "calculatedOperatingExpenses": 749800000, "calculatedNetInterest": -2100000, "calculatedOtherIncome": 0, "calculatedIncomeNonControlling": 0, "calculatedEbitda": 407700000}, {"date": "1991-12-31", "symbol": "CAR", "reportedCurrency": "USD", "cik": "0000723612", "fillingDate": "1992-01-31", "acceptedDate": "1992-01-31 00:00:00", "calendarYear": "1991", "period": "FY", "revenue": 641300000, "costOfRevenue": -106700000, "grossProfit": 748000000, "grossProfitRatio": 1.166380789, "researchAndDevelopmentExpenses": 0, "generalAndAdministrativeExpenses": 386900000, "sellingAndMarketingExpenses": 0, "sellingGeneralAndAdministrativeExpenses": 386900000, "otherExpenses": 277600000, "operatingExpenses": 664500000, "costAndExpenses": 557800000, "interestIncome": 0, "interestExpense": 60800000, "depreciationAndAmortization": 277600000, "ebitda": 383500000, "ebitdaratio": 0.5980040543, "operatingIncome": 105900000, "operatingIncomeRatio": 0.1651333229, "totalOtherIncomeExpensesNet": -22400000, "incomeBeforeTax": 45100000, "incomeBeforeTaxRatio": 0.0703259005, "incomeTaxExpense": 20000000, "netIncome": 25100000, "netIncomeRatio": 0.0391392484, "eps": 1.1, "epsdiluted": 1.1, "weightedAverageShsOut": 22818182, "weightedAverageShsOutDil": 22818182, "link": null, "finalLink": null, "calculatedOtherExpenses": 255200000, "calculatedOperatingExpenses": 642100000, "calculatedNetInterest": -60800000, "calculatedOtherIncome": 0, "calculatedIncomeNonControlling": 0, "calculatedEbitda": 383500000}, {"date": "1990-12-31", "symbol": "CAR", "reportedCurrency": "USD", "cik": "0000723612", "fillingDate": "1991-01-31", "acceptedDate": "1991-01-31 00:00:00", "calendarYear": "1990", "period": "FY", "revenue": 450800000, "costOfRevenue": -73000000, "grossProfit": 523800000, "grossProfitRatio": 1.161934339, "researchAndDevelopmentExpenses": 0, "generalAndAdministrativeExpenses": 270500000, "sellingAndMarketingExpenses": 0, "sellingGeneralAndAdministrativeExpenses": 270500000, "otherExpenses": 210800000, "operatingExpenses": 481300000, "costAndExpenses": 408300000, "interestIncome": 0, "interestExpense": 11000000, "depreciationAndAmortization": 210800000, "ebitda": 250600000, "ebitdaratio": 0.5559006211, "operatingIncome": 39800000, "operatingIncomeRatio": 0.0882874889, "totalOtherIncomeExpensesNet": 2700000, "incomeBeforeTax": 28800000, "incomeBeforeTaxRatio": 0.0638864241, "incomeTaxExpense": 11300000, "netIncome": 17500000, "netIncomeRatio": 0.0388198758, "eps": 1, "epsdiluted": 1, "weightedAverageShsOut": 17500000, "weightedAverageShsOutDil": 17500000, "link": null, "finalLink": null, "calculatedOtherExpenses": 213500000, "calculatedOperatingExpenses": 484000000, "calculatedNetInterest": -11000000, "calculatedOtherIncome": 0, "calculatedIncomeNonControlling": 0, "calculatedEbitda": 250600000}, {"date": "1989-12-31", "symbol": "CAR", "reportedCurrency": "USD", "cik": "0000723612", "fillingDate": "1990-01-31", "acceptedDate": "1990-01-31 00:00:00", "calendarYear": "1989", "period": "FY", "revenue": 365000000, "costOfRevenue": 128500000, "grossProfit": 236500000, "grossProfitRatio": 0.6479452055, "researchAndDevelopmentExpenses": 0, "generalAndAdministrativeExpenses": 50500000, "sellingAndMarketingExpenses": 0, "sellingGeneralAndAdministrativeExpenses": 50500000, "otherExpenses": 158300000, "operatingExpenses": 208800000, "costAndExpenses": 337300000, "interestIncome": 0, "interestExpense": 15700000, "depreciationAndAmortization": 158300000, "ebitda": 187800000, "ebitdaratio": 0.5145205479, "operatingIncome": 29500000, "operatingIncomeRatio": 0.0808219178, "totalOtherIncomeExpensesNet": -1800000, "incomeBeforeTax": 13800000, "incomeBeforeTaxRatio": 0.0378082192, "incomeTaxExpense": 5700000, "netIncome": 8100000, "netIncomeRatio": 0.0221917808, "eps": 0.5, "epsdiluted": 0.5, "weightedAverageShsOut": 16200000, "weightedAverageShsOutDil": 16200000, "link": null, "finalLink": null, "calculatedOtherExpenses": 156500000, "calculatedOperatingExpenses": 207000000, "calculatedNetInterest": -15700000, "calculatedOtherIncome": 0, "calculatedIncomeNonControlling": 0, "calculatedEbitda": 187800000}, {"date": "1988-12-31", "symbol": "CAR", "reportedCurrency": "USD", "cik": "0000723612", "fillingDate": "1989-01-31", "acceptedDate": "1989-01-31 00:00:00", "calendarYear": "1988", "period": "FY", "revenue": 268600000, "costOfRevenue": 10400000, "grossProfit": 258200000, "grossProfitRatio": 0.9612807148, "researchAndDevelopmentExpenses": 0, "generalAndAdministrativeExpenses": 142000000, "sellingAndMarketingExpenses": 0, "sellingGeneralAndAdministrativeExpenses": 142000000, "otherExpenses": 132600000, "operatingExpenses": 274600000, "costAndExpenses": 285000000, "interestIncome": 0, "interestExpense": -5000000, "depreciationAndAmortization": 132600000, "ebitda": 113000000, "ebitdaratio": 0.4206999255, "operatingIncome": -19600000, "operatingIncomeRatio": -0.0729709605, "totalOtherIncomeExpensesNet": 3200000, "incomeBeforeTax": -14600000, "incomeBeforeTaxRatio": -0.0543559196, "incomeTaxExpense": -3300000, "netIncome": -11300000, "netIncomeRatio": -0.0420699926, "eps": -0.7, "epsdiluted": -0.7, "weightedAverageShsOut": 16142857, "weightedAverageShsOutDil": 16142857, "link": null, "finalLink": null, "calculatedOtherExpenses": 135800000, "calculatedOperatingExpenses": 277800000, "calculatedNetInterest": 5000000, "calculatedOtherIncome": 0, "calculatedIncomeNonControlling": 0, "calculatedEbitda": 113000000}, {"date": "1987-12-31", "symbol": "CAR", "reportedCurrency": "USD", "cik": "0000723612", "fillingDate": "1988-01-31", "acceptedDate": "1988-01-31 00:00:00", "calendarYear": "1987", "period": "FY", "revenue": 195300000, "costOfRevenue": 16900000, "grossProfit": 178400000, "grossProfitRatio": 0.9134664619, "researchAndDevelopmentExpenses": 0, "generalAndAdministrativeExpenses": 100700000, "sellingAndMarketingExpenses": 0, "sellingGeneralAndAdministrativeExpenses": 100700000, "otherExpenses": 47100000, "operatingExpenses": 147800000, "costAndExpenses": 164700000, "interestIncome": 0, "interestExpense": -4000000, "depreciationAndAmortization": 47100000, "ebitda": 74500000, "ebitdaratio": 0.3814644137, "operatingIncome": 27400000, "operatingIncomeRatio": 0.140296979, "totalOtherIncomeExpensesNet": 3200000, "incomeBeforeTax": 31400000, "incomeBeforeTaxRatio": 0.1607782898, "incomeTaxExpense": 14000000, "netIncome": 17400000, "netIncomeRatio": 0.089093702, "eps": 1.2, "epsdiluted": 1.2, "weightedAverageShsOut": 14500000, "weightedAverageShsOutDil": 14500000, "link": null, "finalLink": null, "calculatedOtherExpenses": 50300000, "calculatedOperatingExpenses": 151000000, "calculatedNetInterest": 4000000, "calculatedOtherIncome": 0, "calculatedIncomeNonControlling": 0, "calculatedEbitda": 74500000}, {"date": "1986-12-31", "symbol": "CAR", "reportedCurrency": "USD", "cik": "0000723612", "fillingDate": "1987-01-31", "acceptedDate": "1987-01-31 00:00:00", "calendarYear": "1986", "period": "FY", "revenue": 138300000, "costOfRevenue": 900000, "grossProfit": 137400000, "grossProfitRatio": 0.9934924078, "researchAndDevelopmentExpenses": 0, "generalAndAdministrativeExpenses": 79800000, "sellingAndMarketingExpenses": 0, "sellingGeneralAndAdministrativeExpenses": 79800000, "otherExpenses": 42300000, "operatingExpenses": 122100000, "costAndExpenses": 123000000, "interestIncome": 0, "interestExpense": -4300000, "depreciationAndAmortization": 42300000, "ebitda": 54100000, "ebitdaratio": 0.3911785973, "operatingIncome": 11800000, "operatingIncomeRatio": 0.0853217643, "totalOtherIncomeExpensesNet": 3500000, "incomeBeforeTax": 16100000, "incomeBeforeTaxRatio": 0.1164135936, "incomeTaxExpense": 7400000, "netIncome": 8700000, "netIncomeRatio": 0.0629067245, "eps": 0.7, "epsdiluted": 0.7, "weightedAverageShsOut": 12428571, "weightedAverageShsOutDil": 12428571, "link": null, "finalLink": null, "calculatedOtherExpenses": 45800000, "calculatedOperatingExpenses": 125600000, "calculatedNetInterest": 4300000, "calculatedOtherIncome": 0, "calculatedIncomeNonControlling": 0, "calculatedEbitda": 54100000}, {"date": "1985-12-31", "symbol": "CAR", "reportedCurrency": "USD", "cik": "0000723612", "fillingDate": "1986-01-31", "acceptedDate": "1986-01-31 00:00:00", "calendarYear": "1985", "period": "FY", "revenue": 84200000, "costOfRevenue": 2400000, "grossProfit": 81800000, "grossProfitRatio": 0.9714964371, "researchAndDevelopmentExpenses": 0, "generalAndAdministrativeExpenses": 49600000, "sellingAndMarketingExpenses": 0, "sellingGeneralAndAdministrativeExpenses": 49600000, "otherExpenses": 24300000, "operatingExpenses": 73900000, "costAndExpenses": 76300000, "interestIncome": 0, "interestExpense": -200000, "depreciationAndAmortization": 24300000, "ebitda": 31300000, "ebitdaratio": 0.3717339667, "operatingIncome": 7000000, "operatingIncomeRatio": 0.0831353919, "totalOtherIncomeExpensesNet": 900000, "incomeBeforeTax": 7200000, "incomeBeforeTaxRatio": 0.0855106888, "incomeTaxExpense": 4400000, "netIncome": 2800000, "netIncomeRatio": 0.0332541568, "eps": 0.2, "epsdiluted": 0.2, "weightedAverageShsOut": 14000000, "weightedAverageShsOutDil": 14000000, "link": null, "finalLink": null, "calculatedOtherExpenses": 25200000, "calculatedOperatingExpenses": 74800000, "calculatedNetInterest": 200000, "calculatedOtherIncome": 0, "calculatedIncomeNonControlling": 0, "calculatedEbitda": 31300000}]}