{"originalCurrency": "USD", "convertedCurrency": "USD", "report": [{"date": "2023-12-31", "symbol": "CARG", "reportedCurrency": "USD", "cik": "0001494259", "fillingDate": "2024-02-26", "acceptedDate": "2024-02-26 16:10:51", "calendarYear": "2023", "period": "FY", "revenue": 914242000, "costOfRevenue": 262788000, "grossProfit": 651454000, "grossProfitRatio": 0.7125618819, "researchAndDevelopmentExpenses": 146169000, "generalAndAdministrativeExpenses": 152757000, "sellingAndMarketingExpenses": 304070000, "sellingGeneralAndAdministrativeExpenses": 456827000, "otherExpenses": 630000, "operatingExpenses": 618827000, "costAndExpenses": 881615000, "interestIncome": 18430000, "interestExpense": 0, "depreciationAndAmortization": 48474000, "ebitda": 81101000, "ebitdaratio": 0.0887084601, "operatingIncome": 32627000, "operatingIncomeRatio": 0.0356874876, "totalOtherIncomeExpensesNet": 630000, "incomeBeforeTax": 51687000, "incomeBeforeTaxRatio": 0.0565353593, "incomeTaxExpense": 29634000, "netIncome": 36942000, "netIncomeRatio": 0.0404072445, "eps": 0.27, "epsdiluted": 0.27, "weightedAverageShsOut": 113240139, "weightedAverageShsOutDil": 114188834, "link": "https://www.sec.gov/Archives/edgar/data/1494259/000095017024020157/0000950170-24-020157-index.htm", "finalLink": "https://www.sec.gov/Archives/edgar/data/1494259/000095017024020157/carg-20231231.htm", "calculatedOtherExpenses": 15831000, "calculatedOperatingExpenses": 618827000, "calculatedNetInterest": 18430000, "calculatedOtherIncome": 630000, "calculatedIncomeNonControlling": -14889000, "calculatedEbitda": 81101000}, {"date": "2022-12-31", "symbol": "CARG", "reportedCurrency": "USD", "cik": "0001494259", "fillingDate": "2023-03-01", "acceptedDate": "2023-03-01 15:15:52", "calendarYear": "2022", "period": "FY", "revenue": 1655035000, "costOfRevenue": 997482000, "grossProfit": 657553000, "grossProfitRatio": 0.3973045887, "researchAndDevelopmentExpenses": 123768000, "generalAndAdministrativeExpenses": 73117000, "sellingAndMarketingExpenses": 336708000, "sellingGeneralAndAdministrativeExpenses": 409825000, "otherExpenses": 15482000, "operatingExpenses": 549075000, "costAndExpenses": 1546557000, "interestIncome": 3845000, "interestExpense": 3845000, "depreciationAndAmortization": 45334000, "ebitda": 153812000, "ebitdaratio": 0.0929357989, "operatingIncome": 108478000, "operatingIncomeRatio": 0.0655442332, "totalOtherIncomeExpensesNet": 2884000, "incomeBeforeTax": 111362000, "incomeBeforeTaxRatio": 0.0672867945, "incomeTaxExpense": 32408000, "netIncome": 84387000, "netIncomeRatio": 0.0509880456, "eps": 1.64, "epsdiluted": 1.51, "weightedAverageShsOut": 118474991, "weightedAverageShsOutDil": 128150973, "link": "https://www.sec.gov/Archives/edgar/data/1494259/000095017023005473/0000950170-23-005473-index.htm", "finalLink": "https://www.sec.gov/Archives/edgar/data/1494259/000095017023005473/carg-20221231.htm", "calculatedOtherExpenses": 15482000, "calculatedOperatingExpenses": 549075000, "calculatedNetInterest": 0, "calculatedOtherIncome": 2884000, "calculatedIncomeNonControlling": -5433000, "calculatedEbitda": 153812000}, {"date": "2021-12-31", "symbol": "CARG", "reportedCurrency": "USD", "cik": "0001494259", "fillingDate": "2022-02-25", "acceptedDate": "2022-02-24 20:10:32", "calendarYear": "2021", "period": "FY", "revenue": 951373000, "costOfRevenue": 294015000, "grossProfit": 657358000, "grossProfitRatio": 0.6909571745, "researchAndDevelopmentExpenses": 106423000, "generalAndAdministrativeExpenses": 97678000, "sellingAndMarketingExpenses": 290574000, "sellingGeneralAndAdministrativeExpenses": 388252000, "otherExpenses": 14415000, "operatingExpenses": 509090000, "costAndExpenses": 803105000, "interestIncome": 120000, "interestExpense": 0, "depreciationAndAmortization": 40476000, "ebitda": 188744000, "ebitdaratio": 0.1983911673, "operatingIncome": 148268000, "operatingIncomeRatio": 0.15584634, "totalOtherIncomeExpensesNet": 1092000, "incomeBeforeTax": 149360000, "incomeBeforeTaxRatio": 0.1569941548, "incomeTaxExpense": 38987000, "netIncome": 109244000, "netIncomeRatio": 0.1148277279, "eps": -0.0013, "epsdiluted": -0.0013, "weightedAverageShsOut": 117142062, "weightedAverageShsOutDil": 117142062, "link": "https://www.sec.gov/Archives/edgar/data/1494259/000095017022002023/0000950170-22-002023-index.htm", "finalLink": "https://www.sec.gov/Archives/edgar/data/1494259/000095017022002023/carg-20211231.htm", "calculatedOtherExpenses": 14415000, "calculatedOperatingExpenses": 509090000, "calculatedNetInterest": 120000, "calculatedOtherIncome": 972000, "calculatedIncomeNonControlling": 1129000, "calculatedEbitda": 188744000}, {"date": "2020-12-31", "symbol": "CARG", "reportedCurrency": "USD", "cik": "0001494259", "fillingDate": "2021-02-12", "acceptedDate": "2021-02-11 18:51:31", "calendarYear": "2020", "period": "FY", "revenue": 551451000, "costOfRevenue": 42706000, "grossProfit": 508745000, "grossProfitRatio": 0.9225570359, "researchAndDevelopmentExpenses": 85726000, "generalAndAdministrativeExpenses": 62166000, "sellingAndMarketingExpenses": 256979000, "sellingGeneralAndAdministrativeExpenses": 319145000, "otherExpenses": 6118000, "operatingExpenses": 410989000, "costAndExpenses": 453695000, "interestIncome": 1075000, "interestExpense": 0, "depreciationAndAmortization": 11342000, "ebitda": 109098000, "ebitdaratio": 0.1978380672, "operatingIncome": 97756000, "operatingIncomeRatio": 0.17727051, "totalOtherIncomeExpensesNet": 1354000, "incomeBeforeTax": 99110000, "incomeBeforeTaxRatio": 0.1797258505, "incomeTaxExpense": 21557000, "netIncome": 77553000, "netIncomeRatio": 0.1406344353, "eps": 0.69, "epsdiluted": 0.68, "weightedAverageShsOut": 112854524, "weightedAverageShsOutDil": 113849815, "link": "https://www.sec.gov/Archives/edgar/data/1494259/000156459021005612/0001564590-21-005612-index.htm", "finalLink": "https://www.sec.gov/Archives/edgar/data/1494259/000156459021005612/carg-10k_20201231.htm", "calculatedOtherExpenses": 6118000, "calculatedOperatingExpenses": 410989000, "calculatedNetInterest": 1075000, "calculatedOtherIncome": 279000, "calculatedIncomeNonControlling": 0, "calculatedEbitda": 109098000}, {"date": "2019-12-31", "symbol": "CARG", "reportedCurrency": "USD", "cik": "0001494259", "fillingDate": "2020-02-14", "acceptedDate": "2020-02-14 16:07:51", "calendarYear": "2019", "period": "FY", "revenue": 588916000, "costOfRevenue": 36300000, "grossProfit": 552616000, "grossProfitRatio": 0.9383613283, "researchAndDevelopmentExpenses": 69462000, "generalAndAdministrativeExpenses": 50434000, "sellingAndMarketingExpenses": 393844000, "sellingGeneralAndAdministrativeExpenses": 444278000, "otherExpenses": 4554000, "operatingExpenses": 518294000, "costAndExpenses": 554594000, "interestIncome": 2984000, "interestExpense": 0, "depreciationAndAmortization": 7817000, "ebitda": 42139000, "ebitdaratio": 0.0715534983, "operatingIncome": 34322000, "operatingIncomeRatio": 0.0582799584, "totalOtherIncomeExpensesNet": 4383000, "incomeBeforeTax": 38705000, "incomeBeforeTaxRatio": 0.065722446, "incomeTaxExpense": -3441000, "netIncome": 42146000, "netIncomeRatio": 0.0715653845, "eps": 0.38, "epsdiluted": 0.37, "weightedAverageShsOut": 111450443, "weightedAverageShsOutDil": 113431850, "link": "https://www.sec.gov/Archives/edgar/data/1494259/000156459020004805/0001564590-20-004805-index.htm", "finalLink": "https://www.sec.gov/Archives/edgar/data/1494259/000156459020004805/carg-10k_20191231.htm", "calculatedOtherExpenses": 4554000, "calculatedOperatingExpenses": 518294000, "calculatedNetInterest": 2984000, "calculatedOtherIncome": 1399000, "calculatedIncomeNonControlling": 0, "calculatedEbitda": 42139000}, {"date": "2018-12-31", "symbol": "CARG", "reportedCurrency": "USD", "cik": "0001494259", "fillingDate": "2019-02-28", "acceptedDate": "2019-02-28 16:19:00", "calendarYear": "2018", "period": "FY", "revenue": 454086000, "costOfRevenue": 24811000, "grossProfit": 429275000, "grossProfitRatio": 0.9453605705, "researchAndDevelopmentExpenses": 47866000, "generalAndAdministrativeExpenses": 39475000, "sellingAndMarketingExpenses": 315939000, "sellingGeneralAndAdministrativeExpenses": 355414000, "otherExpenses": 10000, "operatingExpenses": 406084000, "costAndExpenses": 430895000, "interestIncome": 2283000, "interestExpense": 0, "depreciationAndAmortization": 5029000, "ebitda": 28220000, "ebitdaratio": 0.062146818, "operatingIncome": 23191000, "operatingIncomeRatio": 0.0510718234, "totalOtherIncomeExpensesNet": 10000, "incomeBeforeTax": 25484000, "incomeBeforeTaxRatio": 0.0561215276, "incomeTaxExpense": -39686000, "netIncome": 65170000, "netIncomeRatio": 0.1435190691, "eps": 0.6, "epsdiluted": 0.57, "weightedAverageShsOut": 108833028, "weightedAverageShsOutDil": 113364712, "link": "https://www.sec.gov/Archives/edgar/data/1494259/000156459019005473/0001564590-19-005473-index.htm", "finalLink": "https://www.sec.gov/Archives/edgar/data/1494259/000156459019005473/carg-10k_20181231.htm", "calculatedOtherExpenses": 2804000, "calculatedOperatingExpenses": 406084000, "calculatedNetInterest": 2283000, "calculatedOtherIncome": 10000, "calculatedIncomeNonControlling": 0, "calculatedEbitda": 28220000}, {"date": "2017-12-31", "symbol": "CARG", "reportedCurrency": "USD", "cik": "0001494259", "fillingDate": "2018-03-01", "acceptedDate": "2018-03-01 16:32:31", "calendarYear": "2017", "period": "FY", "revenue": 316861000, "costOfRevenue": 17609000, "grossProfit": 299252000, "grossProfitRatio": 0.944426736, "researchAndDevelopmentExpenses": 22470000, "generalAndAdministrativeExpenses": 22688000, "sellingAndMarketingExpenses": 236165000, "sellingGeneralAndAdministrativeExpenses": 258853000, "otherExpenses": 563000, "operatingExpenses": 283978000, "costAndExpenses": 301587000, "interestIncome": 869000, "interestExpense": 29000, "depreciationAndAmortization": 3795000, "ebitda": 19069000, "ebitdaratio": 0.0601809626, "operatingIncome": 15274000, "operatingIncomeRatio": 0.0482041021, "totalOtherIncomeExpensesNet": 563000, "incomeBeforeTax": 15837000, "incomeBeforeTaxRatio": 0.0499809065, "incomeTaxExpense": 2638000, "netIncome": 13199000, "netIncomeRatio": 0.0416554893, "eps": 0.13, "epsdiluted": 0.12, "weightedAverageShsOut": 55835000, "weightedAverageShsOutDil": 60638000, "link": "https://www.sec.gov/Archives/edgar/data/1494259/000156459018004127/0001564590-18-004127-index.htm", "finalLink": "https://www.sec.gov/Archives/edgar/data/1494259/000156459018004127/carg-10k_20171231.htm", "calculatedOtherExpenses": 2655000, "calculatedOperatingExpenses": 283978000, "calculatedNetInterest": 840000, "calculatedOtherIncome": -277000, "calculatedIncomeNonControlling": 0, "calculatedEbitda": 19069000}, {"date": "2016-12-31", "symbol": "CARG", "reportedCurrency": "USD", "cik": "0001494259", "fillingDate": "2016-12-31", "acceptedDate": "2016-12-30 19:00:00", "calendarYear": "2016", "period": "FY", "revenue": 198141000, "costOfRevenue": 9575000, "grossProfit": 188566000, "grossProfitRatio": 0.9516758268, "researchAndDevelopmentExpenses": 11453000, "generalAndAdministrativeExpenses": 12783000, "sellingAndMarketingExpenses": 154125000, "sellingGeneralAndAdministrativeExpenses": 166908000, "otherExpenses": 1634000, "operatingExpenses": 179995000, "costAndExpenses": 189570000, "interestIncome": 416000, "interestExpense": 26000, "depreciationAndAmortization": 2072000, "ebitda": 11059000, "ebitdaratio": 0.0558137892, "operatingIncome": 8571000, "operatingIncomeRatio": 0.0432570745, "totalOtherIncomeExpensesNet": -16000, "incomeBeforeTax": 8945000, "incomeBeforeTaxRatio": 0.0451446192, "incomeTaxExpense": 2448000, "netIncome": 6497000, "netIncomeRatio": 0.032789781, "eps": -0.25, "epsdiluted": -0.25, "weightedAverageShsOut": 102687017, "weightedAverageShsOutDil": 106747037, "link": "", "finalLink": "", "calculatedOtherExpenses": 1634000, "calculatedOperatingExpenses": 179995000, "calculatedNetInterest": 390000, "calculatedOtherIncome": -16000, "calculatedIncomeNonControlling": 0, "calculatedEbitda": 10643000}, {"date": "2015-12-31", "symbol": "CARG", "reportedCurrency": "USD", "cik": "0001494259", "fillingDate": "2015-12-31", "acceptedDate": "2015-12-30 19:00:00", "calendarYear": "2015", "period": "FY", "revenue": 98588000, "costOfRevenue": 4234000, "grossProfit": 94354000, "grossProfitRatio": 0.9570535968, "researchAndDevelopmentExpenses": 8235000, "generalAndAdministrativeExpenses": 5801000, "sellingAndMarketingExpenses": 81877000, "sellingGeneralAndAdministrativeExpenses": 87678000, "otherExpenses": 969000, "operatingExpenses": 96882000, "costAndExpenses": 101116000, "interestIncome": 0, "interestExpense": 12000, "depreciationAndAmortization": 1122000, "ebitda": -1406000, "ebitdaratio": -0.0142613706, "operatingIncome": -2528000, "operatingIncomeRatio": -0.025642066, "totalOtherIncomeExpensesNet": -12000, "incomeBeforeTax": -2540000, "incomeBeforeTaxRatio": -0.0257637846, "incomeTaxExpense": -904000, "netIncome": -1636000, "netIncomeRatio": -0.0165943117, "eps": -0.0159, "epsdiluted": -0.0153, "weightedAverageShsOut": 102687017, "weightedAverageShsOutDil": 106747037, "link": "", "finalLink": "", "calculatedOtherExpenses": 969000, "calculatedOperatingExpenses": 96882000, "calculatedNetInterest": -12000, "calculatedOtherIncome": 0, "calculatedIncomeNonControlling": 0, "calculatedEbitda": -1406000}]}