{"originalCurrency": "USD", "convertedCurrency": "USD", "report": [{"date": "2023-04-30", "symbol": "CASY", "reportedCurrency": "USD", "cik": "0000726958", "fillingDate": "2023-06-23", "acceptedDate": "2023-06-23 12:48:53", "calendarYear": "2023", "period": "FY", "revenue": 15094475000, "costOfRevenue": 12022069000, "grossProfit": 3072406000, "grossProfitRatio": 0.203545072, "researchAndDevelopmentExpenses": 0, "generalAndAdministrativeExpenses": 0, "sellingAndMarketingExpenses": 0, "sellingGeneralAndAdministrativeExpenses": 2116442000, "otherExpenses": 2433073000, "operatingExpenses": 2433073000, "costAndExpenses": 14455142000, "interestIncome": 7823000, "interestExpense": 51815000, "depreciationAndAmortization": 313131000, "ebitda": 952464000, "ebitdaratio": 0.0631001741, "operatingIncome": 639333000, "operatingIncomeRatio": 0.0423554314, "totalOtherIncomeExpensesNet": -51815000, "incomeBeforeTax": 587518000, "incomeBeforeTaxRatio": 0.0389227184, "incomeTaxExpense": 140827000, "netIncome": 446691000, "netIncomeRatio": 0.0295930133, "eps": 11.99, "epsdiluted": 11.91, "weightedAverageShsOut": 37266851, "weightedAverageShsOutDil": 37519695, "link": "https://www.sec.gov/Archives/edgar/data/726958/000072695823000059/0000726958-23-000059-index.htm", "finalLink": "https://www.sec.gov/Archives/edgar/data/726958/000072695823000059/casy-20230430.htm", "calculatedOtherExpenses": 316631000, "calculatedOperatingExpenses": 2433073000, "calculatedNetInterest": -43992000, "calculatedOtherIncome": -7823000, "calculatedIncomeNonControlling": 0, "calculatedEbitda": 952464000}, {"date": "2022-04-30", "symbol": "CASY", "reportedCurrency": "USD", "cik": "0000726958", "fillingDate": "2022-06-24", "acceptedDate": "2022-06-24 11:53:30", "calendarYear": "2022", "period": "FY", "revenue": 12952594000, "costOfRevenue": 10189880000, "grossProfit": 2762714000, "grossProfitRatio": 0.2132942637, "researchAndDevelopmentExpenses": 0, "generalAndAdministrativeExpenses": 0, "sellingAndMarketingExpenses": 0, "sellingGeneralAndAdministrativeExpenses": 1960417000, "otherExpenses": 2265014000, "operatingExpenses": 2265014000, "costAndExpenses": 12454894000, "interestIncome": 48000, "interestExpense": -56972000, "depreciationAndAmortization": 303541000, "ebitda": 801241000, "ebitdaratio": 0.0618595009, "operatingIncome": 497700000, "operatingIncomeRatio": 0.0384247356, "totalOtherIncomeExpensesNet": -56972000, "incomeBeforeTax": 440728000, "incomeBeforeTaxRatio": 0.0340262344, "incomeTaxExpense": 100938000, "netIncome": 339790000, "netIncomeRatio": 0.0262333553, "eps": 9.14, "epsdiluted": 9.1, "weightedAverageShsOut": 37158898, "weightedAverageShsOutDil": 37356698, "link": "https://www.sec.gov/Archives/edgar/data/726958/000072695822000065/0000726958-22-000065-index.htm", "finalLink": "https://www.sec.gov/Archives/edgar/data/726958/000072695822000065/casy-20220430.htm", "calculatedOtherExpenses": 304597000, "calculatedOperatingExpenses": 2265014000, "calculatedNetInterest": 57020000, "calculatedOtherIncome": -113992000, "calculatedIncomeNonControlling": 0, "calculatedEbitda": 801241000}, {"date": "2021-04-30", "symbol": "CASY", "reportedCurrency": "USD", "cik": "0000726958", "fillingDate": "2021-06-25", "acceptedDate": "2021-06-25 11:53:56", "calendarYear": "2021", "period": "FY", "revenue": 8707189000, "costOfRevenue": 6350754000, "grossProfit": 2356435000, "grossProfitRatio": 0.2706309694, "researchAndDevelopmentExpenses": 0, "generalAndAdministrativeExpenses": 0, "sellingAndMarketingExpenses": 0, "sellingGeneralAndAdministrativeExpenses": 1633345000, "otherExpenses": 1902386000, "operatingExpenses": 1902386000, "costAndExpenses": 8253140000, "interestIncome": 168000, "interestExpense": 51384000, "depreciationAndAmortization": 265195000, "ebitda": 719244000, "ebitdaratio": 0.0826034671, "operatingIncome": 454049000, "operatingIncomeRatio": 0.0521464505, "totalOtherIncomeExpensesNet": -46679000, "incomeBeforeTax": 407370000, "incomeBeforeTaxRatio": 0.0467854781, "incomeTaxExpense": 94470000, "netIncome": 312900000, "netIncomeRatio": 0.0359358227, "eps": 8.44, "epsdiluted": 8.38, "weightedAverageShsOut": 37092273, "weightedAverageShsOutDil": 37356138, "link": "https://www.sec.gov/Archives/edgar/data/726958/000072695821000078/0000726958-21-000078-index.htm", "finalLink": "https://www.sec.gov/Archives/edgar/data/726958/000072695821000078/casy-20210430.htm", "calculatedOtherExpenses": 269041000, "calculatedOperatingExpenses": 1902386000, "calculatedNetInterest": -51216000, "calculatedOtherIncome": 4537000, "calculatedIncomeNonControlling": 0, "calculatedEbitda": 719244000}, {"date": "2020-04-30", "symbol": "CASY", "reportedCurrency": "USD", "cik": "0000726958", "fillingDate": "2020-06-26", "acceptedDate": "2020-06-26 17:06:12", "calendarYear": "2020", "period": "FY", "revenue": 9175296000, "costOfRevenue": 7030612000, "grossProfit": 2144684000, "grossProfitRatio": 0.2337454835, "researchAndDevelopmentExpenses": 0, "generalAndAdministrativeExpenses": 0, "sellingAndMarketingExpenses": 0, "sellingGeneralAndAdministrativeExpenses": 1494548000, "otherExpenses": 1749217000, "operatingExpenses": 1749217000, "costAndExpenses": 8779829000, "interestIncome": 860000, "interestExpense": 59537000, "depreciationAndAmortization": 251174000, "ebitda": 646641000, "ebitdaratio": 0.0704763094, "operatingIncome": 395467000, "operatingIncomeRatio": 0.0431012798, "totalOtherIncomeExpensesNet": -53419000, "incomeBeforeTax": 342048000, "incomeBeforeTaxRatio": 0.0372792333, "incomeTaxExpense": 78202000, "netIncome": 263846000, "netIncomeRatio": 0.0287561295, "eps": 7.14, "epsdiluted": 7.1, "weightedAverageShsOut": 36956115, "weightedAverageShsOutDil": 37185828, "link": "https://www.sec.gov/Archives/edgar/data/726958/000072695820000085/0000726958-20-000085-index.htm", "finalLink": "https://www.sec.gov/Archives/edgar/data/726958/000072695820000085/casy-2020430x10k.htm", "calculatedOtherExpenses": 254669000, "calculatedOperatingExpenses": 1749217000, "calculatedNetInterest": -58677000, "calculatedOtherIncome": 5258000, "calculatedIncomeNonControlling": 0, "calculatedEbitda": 646641000}, {"date": "2019-04-30", "symbol": "CASY", "reportedCurrency": "USD", "cik": "0000726958", "fillingDate": "2019-06-28", "acceptedDate": "2019-06-28 16:58:36", "calendarYear": "2019", "period": "FY", "revenue": 9352910000, "costOfRevenue": 7398186000, "grossProfit": 1954724000, "grossProfitRatio": 0.2089963445, "researchAndDevelopmentExpenses": 0, "generalAndAdministrativeExpenses": 0, "sellingAndMarketingExpenses": 0, "sellingGeneralAndAdministrativeExpenses": 1390112000, "otherExpenses": 1635666000, "operatingExpenses": 1635666000, "costAndExpenses": 9033852000, "interestIncome": 595000, "interestExpense": 55656000, "depreciationAndAmortization": 244387000, "ebitda": 563445000, "ebitdaratio": 0.060242748, "operatingIncome": 319058000, "operatingIncomeRatio": 0.0341132332, "totalOtherIncomeExpensesNet": -55656000, "incomeBeforeTax": 263402000, "incomeBeforeTaxRatio": 0.0281625719, "incomeTaxExpense": 59516000, "netIncome": 203886000, "netIncomeRatio": 0.0217992047, "eps": 5.55, "epsdiluted": 5.51, "weightedAverageShsOut": 36709940, "weightedAverageShsOutDil": 36975387, "link": "https://www.sec.gov/Archives/edgar/data/726958/000072695819000078/0000726958-19-000078-index.htm", "finalLink": "https://www.sec.gov/Archives/edgar/data/726958/000072695819000078/casy-2019430x10k.htm", "calculatedOtherExpenses": 245554000, "calculatedOperatingExpenses": 1635666000, "calculatedNetInterest": -55061000, "calculatedOtherIncome": -595000, "calculatedIncomeNonControlling": 0, "calculatedEbitda": 563445000}, {"date": "2018-04-30", "symbol": "CASY", "reportedCurrency": "USD", "cik": "0000726958", "fillingDate": "2018-06-29", "acceptedDate": "2018-06-29 07:55:13", "calendarYear": "2018", "period": "FY", "revenue": 8391124000, "costOfRevenue": 6621731000, "grossProfit": 1769393000, "grossProfitRatio": 0.2108648377, "researchAndDevelopmentExpenses": 0, "generalAndAdministrativeExpenses": 0, "sellingAndMarketingExpenses": 0, "sellingGeneralAndAdministrativeExpenses": 1282539000, "otherExpenses": 1504016000, "operatingExpenses": 1504016000, "costAndExpenses": 8125747000, "interestIncome": 0, "interestExpense": 0, "depreciationAndAmortization": 220970000, "ebitda": 486347000, "ebitdaratio": 0.0579596965, "operatingIncome": 265377000, "operatingIncomeRatio": 0.0316259181, "totalOtherIncomeExpensesNet": -50940000, "incomeBeforeTax": 214437000, "incomeBeforeTaxRatio": 0.0255552176, "incomeTaxExpense": -103466000, "netIncome": 317903000, "netIncomeRatio": 0.0378856277, "eps": 8.41, "epsdiluted": 8.34, "weightedAverageShsOut": 37778304, "weightedAverageShsOutDil": 38132099, "link": "https://www.sec.gov/Archives/edgar/data/726958/000072695818000097/0000726958-18-000097-index.htm", "finalLink": "https://www.sec.gov/Archives/edgar/data/726958/000072695818000097/casy-2018430x10k.htm", "calculatedOtherExpenses": 221477000, "calculatedOperatingExpenses": 1504016000, "calculatedNetInterest": 0, "calculatedOtherIncome": -50940000, "calculatedIncomeNonControlling": 0, "calculatedEbitda": 486347000}, {"date": "2017-04-30", "symbol": "CASY", "reportedCurrency": "USD", "cik": "0000726958", "fillingDate": "2017-06-29", "acceptedDate": "2017-06-29 16:16:30", "calendarYear": "2017", "period": "FY", "revenue": 7506587000, "costOfRevenue": 5825426000, "grossProfit": 1681161000, "grossProfitRatio": 0.2239581051, "researchAndDevelopmentExpenses": 0, "generalAndAdministrativeExpenses": 0, "sellingAndMarketingExpenses": 0, "sellingGeneralAndAdministrativeExpenses": 1171623000, "otherExpenses": 1369957000, "operatingExpenses": 1369957000, "costAndExpenses": 7195383000, "interestIncome": 0, "interestExpense": 0, "depreciationAndAmortization": 197629000, "ebitda": 508833000, "ebitdaratio": 0.0677848668, "operatingIncome": 311204000, "operatingIncomeRatio": 0.041457456, "totalOtherIncomeExpensesNet": -41536000, "incomeBeforeTax": 269668000, "incomeBeforeTaxRatio": 0.0359241823, "incomeTaxExpense": 92183000, "netIncome": 177485000, "netIncomeRatio": 0.023643901, "eps": 4.54, "epsdiluted": 4.48, "weightedAverageShsOut": 39124665, "weightedAverageShsOutDil": 39578998, "link": "https://www.sec.gov/Archives/edgar/data/726958/000072695817000055/0000726958-17-000055-index.htm", "finalLink": "https://www.sec.gov/Archives/edgar/data/726958/000072695817000055/casy-2017430x10k.htm", "calculatedOtherExpenses": 198334000, "calculatedOperatingExpenses": 1369957000, "calculatedNetInterest": 0, "calculatedOtherIncome": -41536000, "calculatedIncomeNonControlling": 0, "calculatedEbitda": 508833000}, {"date": "2016-04-30", "symbol": "CASY", "reportedCurrency": "USD", "cik": "0000726958", "fillingDate": "2016-06-27", "acceptedDate": "2016-06-27 16:15:47", "calendarYear": "2016", "period": "FY", "revenue": 7122086000, "costOfRevenue": 5508465000, "grossProfit": 1613621000, "grossProfitRatio": 0.2265657842, "researchAndDevelopmentExpenses": 0, "generalAndAdministrativeExpenses": 0, "sellingAndMarketingExpenses": 0, "sellingGeneralAndAdministrativeExpenses": 1052180000, "otherExpenses": 1224742000, "operatingExpenses": 1224742000, "costAndExpenses": 6733207000, "interestIncome": 0, "interestExpense": 0, "depreciationAndAmortization": 170937000, "ebitda": 559816000, "ebitdaratio": 0.0786028138, "operatingIncome": 388879000, "operatingIncomeRatio": 0.05460184, "totalOtherIncomeExpensesNet": -40173000, "incomeBeforeTax": 348706000, "incomeBeforeTaxRatio": 0.0489612173, "incomeTaxExpense": 122724000, "netIncome": 225982000, "netIncomeRatio": 0.0317297488, "eps": 5.79, "epsdiluted": 5.73, "weightedAverageShsOut": 39016299, "weightedAverageShsOutDil": 39422199, "link": "https://www.sec.gov/Archives/edgar/data/726958/000072695816000258/0000726958-16-000258-index.htm", "finalLink": "https://www.sec.gov/Archives/edgar/data/726958/000072695816000258/casy-2016430x10k.htm", "calculatedOtherExpenses": 172562000, "calculatedOperatingExpenses": 1224742000, "calculatedNetInterest": 0, "calculatedOtherIncome": -40173000, "calculatedIncomeNonControlling": 0, "calculatedEbitda": 559816000}, {"date": "2015-04-30", "symbol": "CASY", "reportedCurrency": "USD", "cik": "0000726958", "fillingDate": "2015-06-26", "acceptedDate": "2015-06-26 16:38:55", "calendarYear": "2015", "period": "FY", "revenue": 7767216000, "costOfRevenue": 6327431000, "grossProfit": 1439785000, "grossProfitRatio": 0.185366932, "researchAndDevelopmentExpenses": 0, "generalAndAdministrativeExpenses": 0, "sellingAndMarketingExpenses": 0, "sellingGeneralAndAdministrativeExpenses": 958639000, "otherExpenses": 1116535000, "operatingExpenses": 1116535000, "costAndExpenses": 7443966000, "interestIncome": 0, "interestExpense": 0, "depreciationAndAmortization": 156111000, "ebitda": 479361000, "ebitdaratio": 0.0617159353, "operatingIncome": 323250000, "operatingIncomeRatio": 0.0416172281, "totalOtherIncomeExpensesNet": -41225000, "incomeBeforeTax": 282025000, "incomeBeforeTaxRatio": 0.0363096636, "incomeTaxExpense": 101397000, "netIncome": 180628000, "netIncomeRatio": 0.0232551792, "eps": 4.66, "epsdiluted": 4.62, "weightedAverageShsOut": 38743227, "weightedAverageShsOutDil": 39103833, "link": "https://www.sec.gov/Archives/edgar/data/726958/000072695815000075/0000726958-15-000075-index.htm", "finalLink": "https://www.sec.gov/Archives/edgar/data/726958/000072695815000075/casy-2015430x10k.htm", "calculatedOtherExpenses": 157896000, "calculatedOperatingExpenses": 1116535000, "calculatedNetInterest": 0, "calculatedOtherIncome": -41225000, "calculatedIncomeNonControlling": 0, "calculatedEbitda": 479361000}, {"date": "2014-04-30", "symbol": "CASY", "reportedCurrency": "USD", "cik": "0000726958", "fillingDate": "2014-06-27", "acceptedDate": "2014-06-27 15:58:27", "calendarYear": "2014", "period": "FY", "revenue": 7840255000, "costOfRevenue": 6605996000, "grossProfit": 1234259000, "grossProfitRatio": 0.1574258745, "researchAndDevelopmentExpenses": 0, "generalAndAdministrativeExpenses": 0, "sellingAndMarketingExpenses": 0, "sellingGeneralAndAdministrativeExpenses": 854755000, "otherExpenses": 988457000, "operatingExpenses": 988457000, "costAndExpenses": 7594453000, "interestIncome": 0, "interestExpense": 0, "depreciationAndAmortization": 131160000, "ebitda": 376962000, "ebitdaratio": 0.0480803239, "operatingIncome": 245802000, "operatingIncomeRatio": 0.0313512762, "totalOtherIncomeExpensesNet": -39270000, "incomeBeforeTax": 206532000, "incomeBeforeTaxRatio": 0.0263425105, "incomeTaxExpense": 72018000, "netIncome": 134514000, "netIncomeRatio": 0.0171568399, "eps": 3.3, "epsdiluted": 3.26, "weightedAverageShsOut": 38457680, "weightedAverageShsOutDil": 38868406, "link": "https://www.sec.gov/Archives/edgar/data/726958/000119312514253245/0001193125-14-253245-index.htm", "finalLink": "https://www.sec.gov/Archives/edgar/data/726958/000119312514253245/d751155d10k.htm", "calculatedOtherExpenses": 133702000, "calculatedOperatingExpenses": 988457000, "calculatedNetInterest": 0, "calculatedOtherIncome": -39270000, "calculatedIncomeNonControlling": 0, "calculatedEbitda": 376962000}, {"date": "2013-04-30", "symbol": "CASY", "reportedCurrency": "USD", "cik": "0000726958", "fillingDate": "2013-06-27", "acceptedDate": "2013-06-27 12:00:23", "calendarYear": "2013", "period": "FY", "revenue": 7250840000, "costOfRevenue": 6168475000, "grossProfit": 1082365000, "grossProfitRatio": 0.1492744289, "researchAndDevelopmentExpenses": 0, "generalAndAdministrativeExpenses": 0, "sellingAndMarketingExpenses": 0, "sellingGeneralAndAdministrativeExpenses": 756685000, "otherExpenses": 872188000, "operatingExpenses": 872188000, "costAndExpenses": 7040663000, "interestIncome": 0, "interestExpense": 0, "depreciationAndAmortization": 111823000, "ebitda": 322000000, "ebitdaratio": 0.0444086478, "operatingIncome": 210177000, "operatingIncomeRatio": 0.0289865726, "totalOtherIncomeExpensesNet": -35048000, "incomeBeforeTax": 175129000, "incomeBeforeTaxRatio": 0.0241529257, "incomeTaxExpense": 64504000, "netIncome": 110625000, "netIncomeRatio": 0.015256853, "eps": 2.71, "epsdiluted": 2.69, "weightedAverageShsOut": 38297083, "weightedAverageShsOutDil": 38620076, "link": "https://www.sec.gov/Archives/edgar/data/726958/000119312513274177/0001193125-13-274177-index.htm", "finalLink": "https://www.sec.gov/Archives/edgar/data/726958/000119312513274177/d560951d10k.htm", "calculatedOtherExpenses": 115503000, "calculatedOperatingExpenses": 872188000, "calculatedNetInterest": 0, "calculatedOtherIncome": -35048000, "calculatedIncomeNonControlling": 0, "calculatedEbitda": 322000000}, {"date": "2012-04-30", "symbol": "CASY", "reportedCurrency": "USD", "cik": "0000726958", "fillingDate": "2012-06-26", "acceptedDate": "2012-06-26 13:33:05", "calendarYear": "2012", "period": "FY", "revenue": 6987804000, "costOfRevenue": 5984114000, "grossProfit": 1003690000, "grossProfitRatio": 0.1436345381, "researchAndDevelopmentExpenses": 0, "generalAndAdministrativeExpenses": 0, "sellingAndMarketingExpenses": 0, "sellingGeneralAndAdministrativeExpenses": 0, "otherExpenses": 784983000, "operatingExpenses": 784983000, "costAndExpenses": 6769097000, "interestIncome": 0, "interestExpense": 0, "depreciationAndAmortization": 96552000, "ebitda": 315259000, "ebitdaratio": 0.0451156043, "operatingIncome": 218707000, "operatingIncomeRatio": 0.0312983879, "totalOtherIncomeExpensesNet": -35192000, "incomeBeforeTax": 183515000, "incomeBeforeTaxRatio": 0.0262621848, "incomeTaxExpense": 66724000, "netIncome": 116791000, "netIncomeRatio": 0.0167135483, "eps": 3.01, "epsdiluted": 2.99, "weightedAverageShsOut": 38068001, "weightedAverageShsOutDil": 38391704, "link": "https://www.sec.gov/Archives/edgar/data/726958/000119312512283506/0001193125-12-283506-index.htm", "finalLink": "https://www.sec.gov/Archives/edgar/data/726958/000119312512283506/d372825d10k.htm", "calculatedOtherExpenses": 784983000, "calculatedOperatingExpenses": 784983000, "calculatedNetInterest": 0, "calculatedOtherIncome": -35192000, "calculatedIncomeNonControlling": 0, "calculatedEbitda": 315259000}, {"date": "2011-04-30", "symbol": "CASY", "reportedCurrency": "USD", "cik": "0000726958", "fillingDate": "2011-06-28", "acceptedDate": "2011-06-28 17:05:54", "calendarYear": "2011", "period": "FY", "revenue": 5635240000, "costOfRevenue": 4754173000, "grossProfit": 881067000, "grossProfitRatio": 0.1563495077, "researchAndDevelopmentExpenses": 0, "generalAndAdministrativeExpenses": 607628000, "sellingAndMarketingExpenses": 0, "sellingGeneralAndAdministrativeExpenses": 607628000, "otherExpenses": 82355000, "operatingExpenses": 689983000, "costAndExpenses": 5444156000, "interestIncome": 0, "interestExpense": 28497000, "depreciationAndAmortization": 82355000, "ebitda": 284789000, "ebitdaratio": 0.0505371555, "operatingIncome": 191084000, "operatingIncomeRatio": 0.0339087599, "totalOtherIncomeExpensesNet": -11350000, "incomeBeforeTax": 151237000, "incomeBeforeTaxRatio": 0.0268377212, "incomeTaxExpense": 56614000, "netIncome": 94623000, "netIncomeRatio": 0.016791299, "eps": 2.24, "epsdiluted": 2.22, "weightedAverageShsOut": 42284664, "weightedAverageShsOutDil": 42566577, "link": "https://www.sec.gov/Archives/edgar/data/726958/000119312511175866/0001193125-11-175866-index.htm", "finalLink": "https://www.sec.gov/Archives/edgar/data/726958/000119312511175866/d10k.htm", "calculatedOtherExpenses": 82355000, "calculatedOperatingExpenses": 689983000, "calculatedNetInterest": -28497000, "calculatedOtherIncome": -11350000, "calculatedIncomeNonControlling": 0, "calculatedEbitda": 273439000}, {"date": "2010-04-30", "symbol": "CASY", "reportedCurrency": "USD", "cik": "0000726958", "fillingDate": "2010-06-29", "acceptedDate": "2010-06-28 20:43:02", "calendarYear": "2010", "period": "FY", "revenue": 4637087000, "costOfRevenue": 3844735000, "grossProfit": 792352000, "grossProfitRatio": 0.1708727915, "researchAndDevelopmentExpenses": 0, "generalAndAdministrativeExpenses": 526291000, "sellingAndMarketingExpenses": 0, "sellingGeneralAndAdministrativeExpenses": 526291000, "otherExpenses": 73546000, "operatingExpenses": 599837000, "costAndExpenses": 4444572000, "interestIncome": 0, "interestExpense": 10933000, "depreciationAndAmortization": 73546000, "ebitda": 266061000, "ebitdaratio": 0.057376754, "operatingIncome": 192515000, "operatingIncomeRatio": 0.0415163658, "totalOtherIncomeExpensesNet": -10933000, "incomeBeforeTax": 181582000, "incomeBeforeTaxRatio": 0.0391586356, "incomeTaxExpense": 64620000, "netIncome": 116962000, "netIncomeRatio": 0.0252231627, "eps": 2.3, "epsdiluted": 2.29, "weightedAverageShsOut": 50899370, "weightedAverageShsOutDil": 51053173, "link": "https://www.sec.gov/Archives/edgar/data/726958/000119312510148944/0001193125-10-148944-index.htm", "finalLink": "https://www.sec.gov/Archives/edgar/data/726958/000119312510148944/d10k.htm", "calculatedOtherExpenses": 73546000, "calculatedOperatingExpenses": 599837000, "calculatedNetInterest": -10933000, "calculatedOtherIncome": 0, "calculatedIncomeNonControlling": 0, "calculatedEbitda": 266061000}, {"date": "2009-04-30", "symbol": "CASY", "reportedCurrency": "USD", "cik": "0000726958", "fillingDate": "2009-06-29", "acceptedDate": "2009-06-29 15:10:49", "calendarYear": "2009", "period": "FY", "revenue": 4687895000, "costOfRevenue": 3964513000, "grossProfit": 723382000, "grossProfitRatio": 0.1543084903, "researchAndDevelopmentExpenses": 0, "generalAndAdministrativeExpenses": 504181000, "sellingAndMarketingExpenses": 0, "sellingGeneralAndAdministrativeExpenses": 504181000, "otherExpenses": 69406000, "operatingExpenses": 573587000, "costAndExpenses": 4538100000, "interestIncome": 0, "interestExpense": 10626000, "depreciationAndAmortization": 69214000, "ebitda": 219201000, "ebitdaratio": 0.0467589398, "operatingIncome": 149795000, "operatingIncomeRatio": 0.031953574, "totalOtherIncomeExpensesNet": -10626000, "incomeBeforeTax": 139169000, "incomeBeforeTaxRatio": 0.0296868851, "incomeTaxExpense": 53425000, "netIncome": 85690000, "netIncomeRatio": 0.018278993, "eps": 1.69, "epsdiluted": 1.68, "weightedAverageShsOut": 50787309, "weightedAverageShsOutDil": 50917479, "link": "https://www.sec.gov/Archives/edgar/data/726958/000119312509140503/0001193125-09-140503-index.htm", "finalLink": "https://www.sec.gov/Archives/edgar/data/726958/000119312509140503/d10k.htm", "calculatedOtherExpenses": 69406000, "calculatedOperatingExpenses": 573587000, "calculatedNetInterest": -10626000, "calculatedOtherIncome": 0, "calculatedIncomeNonControlling": 54000, "calculatedEbitda": 219009000}, {"date": "2008-04-30", "symbol": "CASY", "reportedCurrency": "USD", "cik": "0000726958", "fillingDate": "2008-06-26", "acceptedDate": "2008-06-26 16:53:09", "calendarYear": "2008", "period": "FY", "revenue": 4827087000, "costOfRevenue": 4141078000, "grossProfit": 686009000, "grossProfitRatio": 0.1421165602, "researchAndDevelopmentExpenses": 0, "generalAndAdministrativeExpenses": 474555000, "sellingAndMarketingExpenses": 0, "sellingGeneralAndAdministrativeExpenses": 474555000, "otherExpenses": 67607000, "operatingExpenses": 542162000, "costAndExpenses": 4683240000, "interestIncome": 0, "interestExpense": 0, "depreciationAndAmortization": 67878000, "ebitda": 211725000, "ebitdaratio": 0.0438618571, "operatingIncome": 143847000, "operatingIncomeRatio": 0.0297999601, "totalOtherIncomeExpensesNet": -9792000, "incomeBeforeTax": 134055000, "incomeBeforeTaxRatio": 0.0277714075, "incomeTaxExpense": 49051000, "netIncome": 85117000, "netIncomeRatio": 0.017633202, "eps": 1.68, "epsdiluted": 1.67, "weightedAverageShsOut": 50681011, "weightedAverageShsOutDil": 50858757, "link": "https://www.sec.gov/Archives/edgar/data/726958/000119312508141469/0001193125-08-141469-index.htm", "finalLink": "https://www.sec.gov/Archives/edgar/data/726958/000119312508141469/d10k.htm", "calculatedOtherExpenses": 67607000, "calculatedOperatingExpenses": 542162000, "calculatedNetInterest": 0, "calculatedOtherIncome": -9792000, "calculatedIncomeNonControlling": -113000, "calculatedEbitda": 211725000}, {"date": "2007-04-30", "symbol": "CASY", "reportedCurrency": "USD", "cik": "0000726958", "fillingDate": "2007-06-29", "acceptedDate": "2007-06-29 15:16:19", "calendarYear": "2007", "period": "FY", "revenue": 4024010000, "costOfRevenue": 3440725000, "grossProfit": 583285000, "grossProfitRatio": 0.1449511805, "researchAndDevelopmentExpenses": 0, "generalAndAdministrativeExpenses": 410459000, "sellingAndMarketingExpenses": 0, "sellingGeneralAndAdministrativeExpenses": 410459000, "otherExpenses": 63895000, "operatingExpenses": 474354000, "costAndExpenses": 3915079000, "interestIncome": 0, "interestExpense": 0, "depreciationAndAmortization": 64377000, "ebitda": 173308000, "ebitdaratio": 0.0430684814, "operatingIncome": 108931000, "operatingIncomeRatio": 0.0270702608, "totalOtherIncomeExpensesNet": -11184000, "incomeBeforeTax": 97747000, "incomeBeforeTaxRatio": 0.0242909436, "incomeTaxExpense": 34205000, "netIncome": 61891000, "netIncomeRatio": 0.015380429, "eps": 1.23, "epsdiluted": 1.22, "weightedAverageShsOut": 50317886, "weightedAverageShsOutDil": 50730328, "link": "https://www.sec.gov/Archives/edgar/data/726958/000119312507147153/0001193125-07-147153-index.htm", "finalLink": "https://www.sec.gov/Archives/edgar/data/726958/000119312507147153/d10k.htm", "calculatedOtherExpenses": 63895000, "calculatedOperatingExpenses": 474354000, "calculatedNetInterest": 0, "calculatedOtherIncome": -11184000, "calculatedIncomeNonControlling": 1651000, "calculatedEbitda": 173308000}, {"date": "2006-04-30", "symbol": "CASY", "reportedCurrency": "USD", "cik": "0000726958", "fillingDate": "2006-07-13", "acceptedDate": "2006-07-13 16:38:38", "calendarYear": "2006", "period": "FY", "revenue": 3515145000, "costOfRevenue": 2987505000, "grossProfit": 527640000, "grossProfitRatio": 0.150104761, "researchAndDevelopmentExpenses": 0, "generalAndAdministrativeExpenses": 363443000, "sellingAndMarketingExpenses": 0, "sellingGeneralAndAdministrativeExpenses": 363443000, "otherExpenses": 57185000, "operatingExpenses": 420628000, "costAndExpenses": 3408133000, "interestIncome": 0, "interestExpense": 0, "depreciationAndAmortization": 59056000, "ebitda": 166068000, "ebitdaratio": 0.0472435703, "operatingIncome": 107012000, "operatingIncomeRatio": 0.0304431254, "totalOtherIncomeExpensesNet": -8896000, "incomeBeforeTax": 98116000, "incomeBeforeTaxRatio": 0.0279123621, "incomeTaxExpense": 35176000, "netIncome": 60468000, "netIncomeRatio": 0.0172021353, "eps": 1.2, "epsdiluted": 1.19, "weightedAverageShsOut": 50390000, "weightedAverageShsOutDil": 50813445, "link": "https://www.sec.gov/Archives/edgar/data/726958/000119312506146200/0001193125-06-146200-index.htm", "finalLink": "https://www.sec.gov/Archives/edgar/data/726958/000119312506146200/d10k.htm", "calculatedOtherExpenses": 57185000, "calculatedOperatingExpenses": 420628000, "calculatedNetInterest": 0, "calculatedOtherIncome": -8896000, "calculatedIncomeNonControlling": 2472000, "calculatedEbitda": 166068000}, {"date": "2005-04-30", "symbol": "CASY", "reportedCurrency": "USD", "cik": "0000726958", "fillingDate": "2005-07-14", "acceptedDate": "2005-07-13 17:49:04", "calendarYear": "2005", "period": "FY", "revenue": 2810485000, "costOfRevenue": 2352580000, "grossProfit": 457905000, "grossProfitRatio": 0.1629273951, "researchAndDevelopmentExpenses": 0, "generalAndAdministrativeExpenses": 329296000, "sellingAndMarketingExpenses": 0, "sellingGeneralAndAdministrativeExpenses": 329296000, "otherExpenses": 52123000, "operatingExpenses": 381419000, "costAndExpenses": 2733999000, "interestIncome": 0, "interestExpense": 0, "depreciationAndAmortization": 53182000, "ebitda": 128603000, "ebitdaratio": 0.0457582944, "operatingIncome": 76486000, "operatingIncomeRatio": 0.0272145199, "totalOtherIncomeExpensesNet": 1065000, "incomeBeforeTax": 65747000, "incomeBeforeTaxRatio": 0.0233934712, "incomeTaxExpense": 23215000, "netIncome": 36753000, "netIncomeRatio": 0.0130771024, "eps": 0.73, "epsdiluted": 0.73, "weightedAverageShsOut": 50346575, "weightedAverageShsOutDil": 50346575, "link": "https://www.sec.gov/Archives/edgar/data/726958/000119312505141692/0001193125-05-141692-index.htm", "finalLink": "https://www.sec.gov/Archives/edgar/data/726958/000119312505141692/d10k.htm", "calculatedOtherExpenses": 52123000, "calculatedOperatingExpenses": 381419000, "calculatedNetInterest": 0, "calculatedOtherIncome": -10739000, "calculatedIncomeNonControlling": 5779000, "calculatedEbitda": 129668000}, {"date": "2004-04-30", "symbol": "CASY", "reportedCurrency": "USD", "cik": "0000726958", "fillingDate": "2004-07-14", "acceptedDate": "2004-07-14 10:24:43", "calendarYear": "2004", "period": "FY", "revenue": 2369142000, "costOfRevenue": 1943179000, "grossProfit": 425963000, "grossProfitRatio": 0.1797963144, "researchAndDevelopmentExpenses": 0, "generalAndAdministrativeExpenses": 311142000, "sellingAndMarketingExpenses": 0, "sellingGeneralAndAdministrativeExpenses": 311142000, "otherExpenses": 49506000, "operatingExpenses": 360648000, "costAndExpenses": 2303827000, "interestIncome": 0, "interestExpense": 0, "depreciationAndAmortization": 49506000, "ebitda": 113152000, "ebitdaratio": 0.0477607505, "operatingIncome": 65315000, "operatingIncomeRatio": 0.0275690524, "totalOtherIncomeExpensesNet": 1669000, "incomeBeforeTax": 52917000, "incomeBeforeTaxRatio": 0.0223359343, "incomeTaxExpense": 16451000, "netIncome": 36466000, "netIncomeRatio": 0.0153920702, "eps": 0.73, "epsdiluted": 0.73, "weightedAverageShsOut": 49953425, "weightedAverageShsOutDil": 49953425, "link": "https://www.sec.gov/Archives/edgar/data/726958/000119312504117913/0001193125-04-117913-index.htm", "finalLink": "https://www.sec.gov/Archives/edgar/data/726958/000119312504117913/d10k.htm", "calculatedOtherExpenses": 49506000, "calculatedOperatingExpenses": 360648000, "calculatedNetInterest": 0, "calculatedOtherIncome": -12398000, "calculatedIncomeNonControlling": 0, "calculatedEbitda": 114821000}, {"date": "2003-04-30", "symbol": "CASY", "reportedCurrency": "USD", "cik": "0000726958", "fillingDate": "2003-07-29", "acceptedDate": "2003-07-29 14:35:36", "calendarYear": "2003", "period": "FY", "revenue": 2158057000, "costOfRevenue": 1743971000, "grossProfit": 414086000, "grossProfitRatio": 0.1918790838, "researchAndDevelopmentExpenses": 0, "generalAndAdministrativeExpenses": 290801000, "sellingAndMarketingExpenses": 0, "sellingGeneralAndAdministrativeExpenses": 290801000, "otherExpenses": 47299000, "operatingExpenses": 338100000, "costAndExpenses": 2082071000, "interestIncome": 0, "interestExpense": 0, "depreciationAndAmortization": 47299000, "ebitda": 120834000, "ebitdaratio": 0.0559920336, "operatingIncome": 75986000, "operatingIncomeRatio": 0.0352103767, "totalOtherIncomeExpensesNet": 2451000, "incomeBeforeTax": 62956000, "incomeBeforeTaxRatio": 0.0291725381, "incomeTaxExpense": 23420000, "netIncome": 39536000, "netIncomeRatio": 0.0183201834, "eps": 0.8, "epsdiluted": 0.8, "weightedAverageShsOut": 49757500, "weightedAverageShsOutDil": 49757500, "link": "https://www.sec.gov/Archives/edgar/data/726958/000119312503025518/0001193125-03-025518-index.htm", "finalLink": "https://www.sec.gov/Archives/edgar/data/726958/000119312503025518/d10k.txt", "calculatedOtherExpenses": 47299000, "calculatedOperatingExpenses": 338100000, "calculatedNetInterest": 0, "calculatedOtherIncome": -13030000, "calculatedIncomeNonControlling": 0, "calculatedEbitda": 123285000}, {"date": "2002-04-30", "symbol": "CASY", "reportedCurrency": "USD", "cik": "0000726958", "fillingDate": "2002-07-26", "acceptedDate": "2002-07-26 14:51:56", "calendarYear": "2002", "period": "FY", "revenue": 2056963000, "costOfRevenue": 1661559000, "grossProfit": 395404000, "grossProfitRatio": 0.1922270843, "researchAndDevelopmentExpenses": 0, "generalAndAdministrativeExpenses": 287396000, "sellingAndMarketingExpenses": 0, "sellingGeneralAndAdministrativeExpenses": 287396000, "otherExpenses": 44702000, "operatingExpenses": 332098000, "costAndExpenses": 1993657000, "interestIncome": 0, "interestExpense": 0, "depreciationAndAmortization": 44702000, "ebitda": 104949000, "ebitdaratio": 0.0510213358, "operatingIncome": 63306000, "operatingIncomeRatio": 0.0307764408, "totalOtherIncomeExpensesNet": 3059000, "incomeBeforeTax": 50550000, "incomeBeforeTaxRatio": 0.0245750653, "incomeTaxExpense": 18805000, "netIncome": 31745000, "netIncomeRatio": 0.0154329465, "eps": 0.58, "epsdiluted": 0.58, "weightedAverageShsOut": 49882759, "weightedAverageShsOutDil": 49882759, "link": "https://www.sec.gov/Archives/edgar/data/726958/000095013102002825/0000950131-02-002825-index.htm", "finalLink": "https://www.sec.gov/Archives/edgar/data/726958/000095013102002825/d10k.txt", "calculatedOtherExpenses": 44702000, "calculatedOperatingExpenses": 332098000, "calculatedNetInterest": 0, "calculatedOtherIncome": -12756000, "calculatedIncomeNonControlling": 0, "calculatedEbitda": 108008000}, {"date": "2001-04-30", "symbol": "CASY", "reportedCurrency": "USD", "cik": "0000726958", "fillingDate": "2001-07-25", "acceptedDate": "2001-07-25 00:00:00", "calendarYear": "2001", "period": "FY", "revenue": 1927479000, "costOfRevenue": 1560828000, "grossProfit": 366651000, "grossProfitRatio": 0.1902230841, "researchAndDevelopmentExpenses": 0, "generalAndAdministrativeExpenses": 257576000, "sellingAndMarketingExpenses": 0, "sellingGeneralAndAdministrativeExpenses": 257576000, "otherExpenses": 41492000, "operatingExpenses": 299068000, "costAndExpenses": 1859896000, "interestIncome": 0, "interestExpense": 0, "depreciationAndAmortization": 41492000, "ebitda": 105308000, "ebitdaratio": 0.0546350959, "operatingIncome": 67583000, "operatingIncomeRatio": 0.0350628982, "totalOtherIncomeExpensesNet": 3767000, "incomeBeforeTax": 55585000, "incomeBeforeTaxRatio": 0.0288381871, "incomeTaxExpense": 20584000, "netIncome": 35001000, "netIncomeRatio": 0.0181589527, "eps": 0.76, "epsdiluted": 0.76, "weightedAverageShsOut": 46053947, "weightedAverageShsOutDil": 46053947, "link": "https://www.sec.gov/Archives/edgar/data/726958/000095013101502395/0000950131-01-502395-index.htm", "finalLink": "https://www.sec.gov/Archives/edgar/data/726958/000095013101502395/d10k405.txt", "calculatedOtherExpenses": 41492000, "calculatedOperatingExpenses": 299068000, "calculatedNetInterest": 0, "calculatedOtherIncome": -11998000, "calculatedIncomeNonControlling": 0, "calculatedEbitda": 109075000}, {"date": "2000-04-30", "symbol": "CASY", "reportedCurrency": "USD", "cik": "0000726958", "fillingDate": "2000-07-27", "acceptedDate": "2000-07-27 00:00:00", "calendarYear": "2000", "period": "FY", "revenue": 1648195000, "costOfRevenue": 1322830000, "grossProfit": 325365000, "grossProfitRatio": 0.1974068602, "researchAndDevelopmentExpenses": 0, "generalAndAdministrativeExpenses": 220356000, "sellingAndMarketingExpenses": 0, "sellingGeneralAndAdministrativeExpenses": 220356000, "otherExpenses": 38208000, "operatingExpenses": 258564000, "costAndExpenses": 1581394000, "interestIncome": 0, "interestExpense": 0, "depreciationAndAmortization": 38208000, "ebitda": 99741000, "ebitdaratio": 0.060515291, "operatingIncome": 66801000, "operatingIncomeRatio": 0.0405297917, "totalOtherIncomeExpensesNet": 5268000, "incomeBeforeTax": 62815000, "incomeBeforeTaxRatio": 0.0381113885, "incomeTaxExpense": 23367000, "netIncome": 39448000, "netIncomeRatio": 0.0239340612, "eps": 0.76, "epsdiluted": 0.76, "weightedAverageShsOut": 51905263, "weightedAverageShsOutDil": 51905263, "link": "https://www.sec.gov/Archives/edgar/data/726958/000095013100004490/0000950131-00-004490-index.htm", "finalLink": "https://www.sec.gov/Archives/edgar/data/726958/000095013100004490/0000950131-00-004490-0001.txt", "calculatedOtherExpenses": 38208000, "calculatedOperatingExpenses": 258564000, "calculatedNetInterest": 0, "calculatedOtherIncome": -3986000, "calculatedIncomeNonControlling": 0, "calculatedEbitda": 105009000}, {"date": "1999-04-30", "symbol": "CASY", "reportedCurrency": "USD", "cik": "0000726958", "fillingDate": "1999-07-28", "acceptedDate": "1999-07-28 00:00:00", "calendarYear": "1999", "period": "FY", "revenue": 1251100000, "costOfRevenue": 961900000, "grossProfit": 289200000, "grossProfitRatio": 0.2311565822, "researchAndDevelopmentExpenses": 0, "generalAndAdministrativeExpenses": 189300000, "sellingAndMarketingExpenses": 0, "sellingGeneralAndAdministrativeExpenses": 189300000, "otherExpenses": 33900000, "operatingExpenses": 223200000, "costAndExpenses": 1185100000, "interestIncome": 0, "interestExpense": 0, "depreciationAndAmortization": 33900000, "ebitda": 94500000, "ebitdaratio": 0.0755335305, "operatingIncome": 66000000, "operatingIncomeRatio": 0.0527535769, "totalOtherIncomeExpensesNet": 5400000, "incomeBeforeTax": 64300000, "incomeBeforeTaxRatio": 0.0513947726, "incomeTaxExpense": 24100000, "netIncome": 40200000, "netIncomeRatio": 0.0321317241, "eps": 0.76, "epsdiluted": 0.76, "weightedAverageShsOut": 52894737, "weightedAverageShsOutDil": 52894737, "link": "https://www.sec.gov/Archives/edgar/data/726958/000095012499004284/0000950124-99-004284-index.html", "finalLink": "https://www.sec.gov/Archives/edgar/data/726958/000095012499004284/", "calculatedOtherExpenses": 33900000, "calculatedOperatingExpenses": 223200000, "calculatedNetInterest": 0, "calculatedOtherIncome": -1700000, "calculatedIncomeNonControlling": 0, "calculatedEbitda": 99900000}, {"date": "1998-04-30", "symbol": "CASY", "reportedCurrency": "USD", "cik": "0000726958", "fillingDate": "1998-07-29", "acceptedDate": "1998-07-29 00:00:00", "calendarYear": "1998", "period": "FY", "revenue": 1186900000, "costOfRevenue": 930500000, "grossProfit": 256400000, "grossProfitRatio": 0.2160249389, "researchAndDevelopmentExpenses": 0, "generalAndAdministrativeExpenses": 171700000, "sellingAndMarketingExpenses": 0, "sellingGeneralAndAdministrativeExpenses": 171700000, "otherExpenses": 30400000, "operatingExpenses": 202100000, "costAndExpenses": 1132600000, "interestIncome": 0, "interestExpense": 0, "depreciationAndAmortization": 30400000, "ebitda": 79600000, "ebitdaratio": 0.0670654647, "operatingIncome": 54300000, "operatingIncomeRatio": 0.0457494313, "totalOtherIncomeExpensesNet": 5100000, "incomeBeforeTax": 53600000, "incomeBeforeTaxRatio": 0.0451596596, "incomeTaxExpense": 20100000, "netIncome": 33500000, "netIncomeRatio": 0.0282247873, "eps": 0.64, "epsdiluted": 0.63, "weightedAverageShsOut": 52343750, "weightedAverageShsOutDil": 53174603, "link": "https://www.sec.gov/Archives/edgar/data/726958/000095012498004006/0000950124-98-004006-index.html", "finalLink": "https://www.sec.gov/Archives/edgar/data/726958/", "calculatedOtherExpenses": 30400000, "calculatedOperatingExpenses": 202100000, "calculatedNetInterest": 0, "calculatedOtherIncome": -700000, "calculatedIncomeNonControlling": 0, "calculatedEbitda": 84700000}, {"date": "1997-04-30", "symbol": "CASY", "reportedCurrency": "USD", "cik": "0000726958", "fillingDate": "1997-07-29", "acceptedDate": "1997-07-29 00:00:00", "calendarYear": "1997", "period": "FY", "revenue": 1109000000, "costOfRevenue": 886300000, "grossProfit": 222700000, "grossProfitRatio": 0.2008115419, "researchAndDevelopmentExpenses": 0, "generalAndAdministrativeExpenses": 151800000, "sellingAndMarketingExpenses": 0, "sellingGeneralAndAdministrativeExpenses": 151800000, "otherExpenses": 26900000, "operatingExpenses": 178700000, "costAndExpenses": 1065000000, "interestIncome": 0, "interestExpense": 0, "depreciationAndAmortization": 26900000, "ebitda": 65700000, "ebitdaratio": 0.0592425609, "operatingIncome": 44000000, "operatingIncomeRatio": 0.0396753832, "totalOtherIncomeExpensesNet": 5200000, "incomeBeforeTax": 43200000, "incomeBeforeTaxRatio": 0.0389540126, "incomeTaxExpense": 16200000, "netIncome": 27000000, "netIncomeRatio": 0.0243462579, "eps": 0.52, "epsdiluted": 0.52, "weightedAverageShsOut": 52427184, "weightedAverageShsOutDil": 52954545, "link": "https://www.sec.gov/Archives/edgar/data/726958/000095013797002481/0000950137-97-002481-index.html", "finalLink": "https://www.sec.gov/Archives/edgar/data/726958/", "calculatedOtherExpenses": 26900000, "calculatedOperatingExpenses": 178700000, "calculatedNetInterest": 0, "calculatedOtherIncome": -800000, "calculatedIncomeNonControlling": 0, "calculatedEbitda": 70900000}, {"date": "1996-04-30", "symbol": "CASY", "reportedCurrency": "USD", "cik": "0000726958", "fillingDate": "1996-07-26", "acceptedDate": "1996-07-26 00:00:00", "calendarYear": "1996", "period": "FY", "revenue": 954800000, "costOfRevenue": 748200000, "grossProfit": 206600000, "grossProfitRatio": 0.2163803938, "researchAndDevelopmentExpenses": 0, "generalAndAdministrativeExpenses": 138600000, "sellingAndMarketingExpenses": 0, "sellingGeneralAndAdministrativeExpenses": 138600000, "otherExpenses": 24700000, "operatingExpenses": 163300000, "costAndExpenses": 911500000, "interestIncome": 0, "interestExpense": 0, "depreciationAndAmortization": 24700000, "ebitda": 62600000, "ebitdaratio": 0.0655634688, "operatingIncome": 43300000, "operatingIncomeRatio": 0.0453498115, "totalOtherIncomeExpensesNet": 5400000, "incomeBeforeTax": 43000000, "incomeBeforeTaxRatio": 0.0450356096, "incomeTaxExpense": 16200000, "netIncome": 26800000, "netIncomeRatio": 0.0280687055, "eps": 0.51, "epsdiluted": 0.51, "weightedAverageShsOut": 52549020, "weightedAverageShsOutDil": 52549020, "link": "https://www.sec.gov/Archives/edgar/data/726958/000095012496003247/0000950124-96-003247-index.html", "finalLink": "https://www.sec.gov/Archives/edgar/data/726958/", "calculatedOtherExpenses": 24700000, "calculatedOperatingExpenses": 163300000, "calculatedNetInterest": 0, "calculatedOtherIncome": -300000, "calculatedIncomeNonControlling": 0, "calculatedEbitda": 68000000}, {"date": "1995-04-30", "symbol": "CASY", "reportedCurrency": "USD", "cik": "0000726958", "fillingDate": "1995-07-28", "acceptedDate": "1995-07-28 00:00:00", "calendarYear": "1995", "period": "FY", "revenue": 848800000, "costOfRevenue": 665900000, "grossProfit": 182900000, "grossProfitRatio": 0.2154806786, "researchAndDevelopmentExpenses": 0, "generalAndAdministrativeExpenses": 123000000, "sellingAndMarketingExpenses": 0, "sellingGeneralAndAdministrativeExpenses": 123000000, "otherExpenses": 22200000, "operatingExpenses": 145200000, "costAndExpenses": 811100000, "interestIncome": 0, "interestExpense": 0, "depreciationAndAmortization": 22200000, "ebitda": 54600000, "ebitdaratio": 0.0643261074, "operatingIncome": 37700000, "operatingIncomeRatio": 0.0444156456, "totalOtherIncomeExpensesNet": 5300000, "incomeBeforeTax": 37400000, "incomeBeforeTaxRatio": 0.0440622055, "incomeTaxExpense": 14500000, "netIncome": 22900000, "netIncomeRatio": 0.0269792648, "eps": 0.44, "epsdiluted": 0.44, "weightedAverageShsOut": 52045455, "weightedAverageShsOutDil": 52045455, "link": "https://www.sec.gov/Archives/edgar/data/726958/000095012495002249/0000950124-95-002249-index.html", "finalLink": "https://www.sec.gov/Archives/edgar/data/726958/", "calculatedOtherExpenses": 22200000, "calculatedOperatingExpenses": 145200000, "calculatedNetInterest": 0, "calculatedOtherIncome": -300000, "calculatedIncomeNonControlling": 0, "calculatedEbitda": 59900000}, {"date": "1994-04-30", "symbol": "CASY", "reportedCurrency": "USD", "cik": "0000726958", "fillingDate": "1994-07-28", "acceptedDate": "1994-07-28 00:00:00", "calendarYear": "1994", "period": "FY", "revenue": 731200000, "costOfRevenue": 574100000, "grossProfit": 157100000, "grossProfitRatio": 0.2148522976, "researchAndDevelopmentExpenses": 0, "generalAndAdministrativeExpenses": 110100000, "sellingAndMarketingExpenses": 0, "sellingGeneralAndAdministrativeExpenses": 110100000, "otherExpenses": 18600000, "operatingExpenses": 128700000, "costAndExpenses": 702800000, "interestIncome": 0, "interestExpense": 0, "depreciationAndAmortization": 18600000, "ebitda": 41900000, "ebitdaratio": 0.0573030635, "operatingIncome": 28400000, "operatingIncomeRatio": 0.0388402626, "totalOtherIncomeExpensesNet": 5100000, "incomeBeforeTax": 27100000, "incomeBeforeTaxRatio": 0.0370623632, "incomeTaxExpense": 10500000, "netIncome": 16600000, "netIncomeRatio": 0.022702407, "eps": 0.37, "epsdiluted": 0.34, "weightedAverageShsOut": 45479452, "weightedAverageShsOutDil": 48823529, "link": "https://www.sec.gov/Archives/edgar/data/726958/000095012494001250/0000950124-94-001250-index.html", "finalLink": "https://www.sec.gov/Archives/edgar/data/726958/", "calculatedOtherExpenses": 18600000, "calculatedOperatingExpenses": 128700000, "calculatedNetInterest": 0, "calculatedOtherIncome": -1300000, "calculatedIncomeNonControlling": 0, "calculatedEbitda": 47000000}, {"date": "1993-04-30", "symbol": "CASY", "reportedCurrency": "USD", "cik": "0000726958", "fillingDate": "1993-04-30", "acceptedDate": "1993-04-29 20:00:00", "calendarYear": "1993", "period": "FY", "revenue": 673700000, "costOfRevenue": 533500000, "grossProfit": 140200000, "grossProfitRatio": 0.2081044976, "researchAndDevelopmentExpenses": 0, "generalAndAdministrativeExpenses": 102400000, "sellingAndMarketingExpenses": 0, "sellingGeneralAndAdministrativeExpenses": 102400000, "otherExpenses": 15900000, "operatingExpenses": 118300000, "costAndExpenses": 651800000, "interestIncome": 0, "interestExpense": 0, "depreciationAndAmortization": 15900000, "ebitda": 32800000, "ebitdaratio": 0.0486863589, "operatingIncome": 21900000, "operatingIncomeRatio": 0.0325070506, "totalOtherIncomeExpensesNet": 5000000, "incomeBeforeTax": 21500000, "incomeBeforeTaxRatio": 0.0319133145, "incomeTaxExpense": 8200000, "netIncome": 13300000, "netIncomeRatio": 0.0197417248, "eps": 0.3, "epsdiluted": 0.29, "weightedAverageShsOut": 44333333, "weightedAverageShsOutDil": 45862069, "link": "", "finalLink": "", "calculatedOtherExpenses": 15900000, "calculatedOperatingExpenses": 118300000, "calculatedNetInterest": 0, "calculatedOtherIncome": -400000, "calculatedIncomeNonControlling": 0, "calculatedEbitda": 37800000}, {"date": "1992-04-30", "symbol": "CASY", "reportedCurrency": "USD", "cik": "0000726958", "fillingDate": "1992-04-30", "acceptedDate": "1992-04-29 20:00:00", "calendarYear": "1992", "period": "FY", "revenue": 606600000, "costOfRevenue": 480400000, "grossProfit": 126200000, "grossProfitRatio": 0.2080448401, "researchAndDevelopmentExpenses": 0, "generalAndAdministrativeExpenses": 94200000, "sellingAndMarketingExpenses": 0, "sellingGeneralAndAdministrativeExpenses": 94200000, "otherExpenses": 13700000, "operatingExpenses": 107900000, "costAndExpenses": 588300000, "interestIncome": 0, "interestExpense": 0, "depreciationAndAmortization": 13700000, "ebitda": 27000000, "ebitdaratio": 0.0445103858, "operatingIncome": 18300000, "operatingIncomeRatio": 0.0301681503, "totalOtherIncomeExpensesNet": 5000000, "incomeBeforeTax": 18500000, "incomeBeforeTaxRatio": 0.0304978569, "incomeTaxExpense": 7000000, "netIncome": 11500000, "netIncomeRatio": 0.0189581273, "eps": 0.26, "epsdiluted": 0.25, "weightedAverageShsOut": 44230769, "weightedAverageShsOutDil": 46000000, "link": "", "finalLink": "", "calculatedOtherExpenses": 13700000, "calculatedOperatingExpenses": 107900000, "calculatedNetInterest": 0, "calculatedOtherIncome": 200000, "calculatedIncomeNonControlling": 0, "calculatedEbitda": 32000000}, {"date": "1991-04-30", "symbol": "CASY", "reportedCurrency": "USD", "cik": "0000726958", "fillingDate": "1991-04-30", "acceptedDate": "1991-04-29 20:00:00", "calendarYear": "1991", "period": "FY", "revenue": 580300000, "costOfRevenue": 463100000, "grossProfit": 117200000, "grossProfitRatio": 0.2019645011, "researchAndDevelopmentExpenses": 0, "generalAndAdministrativeExpenses": 90700000, "sellingAndMarketingExpenses": 0, "sellingGeneralAndAdministrativeExpenses": 90700000, "otherExpenses": 12200000, "operatingExpenses": 102900000, "costAndExpenses": 566000000, "interestIncome": 0, "interestExpense": 0, "depreciationAndAmortization": 12200000, "ebitda": 21700000, "ebitdaratio": 0.0373944511, "operatingIncome": 14300000, "operatingIncomeRatio": 0.0246424263, "totalOtherIncomeExpensesNet": 4800000, "incomeBeforeTax": 14400000, "incomeBeforeTaxRatio": 0.024814751, "incomeTaxExpense": 5400000, "netIncome": 9000000, "netIncomeRatio": 0.0155092194, "eps": 0.21, "epsdiluted": 0.2, "weightedAverageShsOut": 42857143, "weightedAverageShsOutDil": 45000000, "link": "", "finalLink": "", "calculatedOtherExpenses": 12200000, "calculatedOperatingExpenses": 102900000, "calculatedNetInterest": 0, "calculatedOtherIncome": 100000, "calculatedIncomeNonControlling": 0, "calculatedEbitda": 26500000}, {"date": "1990-04-30", "symbol": "CASY", "reportedCurrency": "USD", "cik": "0000726958", "fillingDate": "1990-04-30", "acceptedDate": "1990-04-29 20:00:00", "calendarYear": "1990", "period": "FY", "revenue": 500700000, "costOfRevenue": 394200000, "grossProfit": 106500000, "grossProfitRatio": 0.2127022169, "researchAndDevelopmentExpenses": 0, "generalAndAdministrativeExpenses": 83400000, "sellingAndMarketingExpenses": 0, "sellingGeneralAndAdministrativeExpenses": 83400000, "otherExpenses": 10600000, "operatingExpenses": 94000000, "costAndExpenses": 488200000, "interestIncome": 0, "interestExpense": 0, "depreciationAndAmortization": 10600000, "ebitda": 18300000, "ebitdaratio": 0.0365488316, "operatingIncome": 12500000, "operatingIncomeRatio": 0.0249650489, "totalOtherIncomeExpensesNet": 4800000, "incomeBeforeTax": 13400000, "incomeBeforeTaxRatio": 0.0267625325, "incomeTaxExpense": 5000000, "netIncome": 8400000, "netIncomeRatio": 0.0167765129, "eps": 0.19, "epsdiluted": 0.19, "weightedAverageShsOut": 44210526, "weightedAverageShsOutDil": 44210526, "link": "", "finalLink": "", "calculatedOtherExpenses": 10600000, "calculatedOperatingExpenses": 94000000, "calculatedNetInterest": 0, "calculatedOtherIncome": 900000, "calculatedIncomeNonControlling": 0, "calculatedEbitda": 23100000}, {"date": "1989-04-30", "symbol": "CASY", "reportedCurrency": "USD", "cik": "0000726958", "fillingDate": "1989-04-30", "acceptedDate": "1989-04-29 20:00:00", "calendarYear": "1989", "period": "FY", "revenue": 419200000, "costOfRevenue": 335200000, "grossProfit": 84000000, "grossProfitRatio": 0.2003816794, "researchAndDevelopmentExpenses": 0, "generalAndAdministrativeExpenses": 65900000, "sellingAndMarketingExpenses": 0, "sellingGeneralAndAdministrativeExpenses": 65900000, "otherExpenses": 8800000, "operatingExpenses": 74700000, "costAndExpenses": 409900000, "interestIncome": 0, "interestExpense": 0, "depreciationAndAmortization": 8800000, "ebitda": 13400000, "ebitdaratio": 0.0319656489, "operatingIncome": 9300000, "operatingIncomeRatio": 0.0221851145, "totalOtherIncomeExpensesNet": 4700000, "incomeBeforeTax": 11200000, "incomeBeforeTaxRatio": 0.0267175573, "incomeTaxExpense": 4200000, "netIncome": 7000000, "netIncomeRatio": 0.0166984733, "eps": 0.16, "epsdiluted": 0.16, "weightedAverageShsOut": 43750000, "weightedAverageShsOutDil": 43750000, "link": "", "finalLink": "", "calculatedOtherExpenses": 8800000, "calculatedOperatingExpenses": 74700000, "calculatedNetInterest": 0, "calculatedOtherIncome": 1900000, "calculatedIncomeNonControlling": 0, "calculatedEbitda": 18100000}, {"date": "1988-04-30", "symbol": "CASY", "reportedCurrency": "USD", "cik": "0000726958", "fillingDate": "1988-04-30", "acceptedDate": "1988-04-29 20:00:00", "calendarYear": "1988", "period": "FY", "revenue": 336400000, "costOfRevenue": 263600000, "grossProfit": 72800000, "grossProfitRatio": 0.2164090369, "researchAndDevelopmentExpenses": 0, "generalAndAdministrativeExpenses": 51200000, "sellingAndMarketingExpenses": 0, "sellingGeneralAndAdministrativeExpenses": 51200000, "otherExpenses": 6800000, "operatingExpenses": 58000000, "costAndExpenses": 321600000, "interestIncome": 0, "interestExpense": 0, "depreciationAndAmortization": 6800000, "ebitda": 17000000, "ebitdaratio": 0.0505350773, "operatingIncome": 14800000, "operatingIncomeRatio": 0.0439952438, "totalOtherIncomeExpensesNet": 4600000, "incomeBeforeTax": 17700000, "incomeBeforeTaxRatio": 0.0526159334, "incomeTaxExpense": 7100000, "netIncome": 10600000, "netIncomeRatio": 0.031510107, "eps": 0.23, "epsdiluted": 0.22, "weightedAverageShsOut": 46086957, "weightedAverageShsOutDil": 48181818, "link": "", "finalLink": "", "calculatedOtherExpenses": 6800000, "calculatedOperatingExpenses": 58000000, "calculatedNetInterest": 0, "calculatedOtherIncome": 2900000, "calculatedIncomeNonControlling": 0, "calculatedEbitda": 21600000}, {"date": "1987-04-30", "symbol": "CASY", "reportedCurrency": "USD", "cik": "0000726958", "fillingDate": "1987-04-30", "acceptedDate": "1987-04-29 20:00:00", "calendarYear": "1987", "period": "FY", "revenue": 283900000, "costOfRevenue": 224200000, "grossProfit": 59700000, "grossProfitRatio": 0.2102853117, "researchAndDevelopmentExpenses": 0, "generalAndAdministrativeExpenses": 40300000, "sellingAndMarketingExpenses": 0, "sellingGeneralAndAdministrativeExpenses": 40300000, "otherExpenses": 5900000, "operatingExpenses": 46200000, "costAndExpenses": 270400000, "interestIncome": 0, "interestExpense": 0, "depreciationAndAmortization": 5900000, "ebitda": 14800000, "ebitdaratio": 0.0521310321, "operatingIncome": 13500000, "operatingIncomeRatio": 0.0475519549, "totalOtherIncomeExpensesNet": 4600000, "incomeBeforeTax": 17000000, "incomeBeforeTaxRatio": 0.0598802395, "incomeTaxExpense": 8400000, "netIncome": 8600000, "netIncomeRatio": 0.0302923565, "eps": 0.19, "epsdiluted": 0.19, "weightedAverageShsOut": 45263158, "weightedAverageShsOutDil": 45263158, "link": "", "finalLink": "", "calculatedOtherExpenses": 5900000, "calculatedOperatingExpenses": 46200000, "calculatedNetInterest": 0, "calculatedOtherIncome": 3500000, "calculatedIncomeNonControlling": 0, "calculatedEbitda": 19400000}, {"date": "1986-04-30", "symbol": "CASY", "reportedCurrency": "USD", "cik": "0000726958", "fillingDate": "1986-04-30", "acceptedDate": "1986-04-29 20:00:00", "calendarYear": "1986", "period": "FY", "revenue": 284700000, "costOfRevenue": 237700000, "grossProfit": 47000000, "grossProfitRatio": 0.1650860555, "researchAndDevelopmentExpenses": 0, "generalAndAdministrativeExpenses": 30900000, "sellingAndMarketingExpenses": 0, "sellingGeneralAndAdministrativeExpenses": 30900000, "otherExpenses": 4500000, "operatingExpenses": 35400000, "costAndExpenses": 273100000, "interestIncome": 0, "interestExpense": 0, "depreciationAndAmortization": 4500000, "ebitda": 16100000, "ebitdaratio": 0.0565507552, "operatingIncome": 11600000, "operatingIncomeRatio": 0.0407446435, "totalOtherIncomeExpensesNet": -800000, "incomeBeforeTax": 10800000, "incomeBeforeTaxRatio": 0.0379346681, "incomeTaxExpense": 4600000, "netIncome": 6200000, "netIncomeRatio": 0.0217773094, "eps": 0.14, "epsdiluted": 0.14, "weightedAverageShsOut": 44285714, "weightedAverageShsOutDil": 44285714, "link": "", "finalLink": "", "calculatedOtherExpenses": 4500000, "calculatedOperatingExpenses": 35400000, "calculatedNetInterest": 0, "calculatedOtherIncome": -800000, "calculatedIncomeNonControlling": 0, "calculatedEbitda": 16100000}]}