{"originalCurrency": "USD", "convertedCurrency": "USD", "report": [{"date": "2023-12-31", "symbol": "CAT", "reportedCurrency": "USD", "cik": "0000018230", "fillingDate": "2024-02-16", "acceptedDate": "2024-02-16 10:05:13", "calendarYear": "2023", "period": "FY", "revenue": 67060000000, "costOfRevenue": 43607000000, "grossProfit": 23453000000, "grossProfitRatio": 0.3497315837, "researchAndDevelopmentExpenses": 2108000000, "generalAndAdministrativeExpenses": 0, "sellingAndMarketingExpenses": 0, "sellingGeneralAndAdministrativeExpenses": 6371000000, "otherExpenses": -1148000000, "operatingExpenses": 9627000000, "costAndExpenses": 53234000000, "interestIncome": 494000000, "interestExpense": 511000000, "depreciationAndAmortization": 2144000000, "ebitda": 15970000000, "ebitdaratio": 0.2381449448, "operatingIncome": 13826000000, "operatingIncomeRatio": 0.2061735759, "totalOtherIncomeExpensesNet": -776000000, "incomeBeforeTax": 13050000000, "incomeBeforeTaxRatio": 0.1946018491, "incomeTaxExpense": 2781000000, "netIncome": 10335000000, "netIncomeRatio": 0.1541157173, "eps": 20.24, "epsdiluted": 20.12, "weightedAverageShsOut": 510600000, "weightedAverageShsOutDil": 513600000, "link": "https://www.sec.gov/Archives/edgar/data/18230/000001823024000009/0000018230-24-000009-index.htm", "finalLink": "https://www.sec.gov/Archives/edgar/data/18230/000001823024000009/cat-20231231.htm", "calculatedOtherExpenses": 1148000000, "calculatedOperatingExpenses": 9627000000, "calculatedNetInterest": -17000000, "calculatedOtherIncome": -759000000, "calculatedIncomeNonControlling": -66000000, "calculatedEbitda": 15970000000}, {"date": "2022-12-31", "symbol": "CAT", "reportedCurrency": "USD", "cik": "0000018230", "fillingDate": "2023-02-15", "acceptedDate": "2023-02-15 10:27:56", "calendarYear": "2022", "period": "FY", "revenue": 59427000000, "costOfRevenue": 41915000000, "grossProfit": 17512000000, "grossProfitRatio": 0.294680869, "researchAndDevelopmentExpenses": 1814000000, "generalAndAdministrativeExpenses": 0, "sellingAndMarketingExpenses": 0, "sellingGeneralAndAdministrativeExpenses": 5651000000, "otherExpenses": 1218000000, "operatingExpenses": 8683000000, "costAndExpenses": 50598000000, "interestIncome": 167000000, "interestExpense": 443000000, "depreciationAndAmortization": 4435000000, "ebitda": 12339000000, "ebitdaratio": 0.2076328941, "operatingIncome": 7904000000, "operatingIncomeRatio": 0.1330035169, "totalOtherIncomeExpensesNet": 848000000, "incomeBeforeTax": 8752000000, "incomeBeforeTaxRatio": 0.147273125, "incomeTaxExpense": 2067000000, "netIncome": 6705000000, "netIncomeRatio": 0.1128275027, "eps": 12.73, "epsdiluted": 12.64, "weightedAverageShsOut": 526900000, "weightedAverageShsOutDil": 530400000, "link": "https://www.sec.gov/Archives/edgar/data/18230/000001823023000011/0000018230-23-000011-index.htm", "finalLink": "https://www.sec.gov/Archives/edgar/data/18230/000001823023000011/cat-20221231.htm", "calculatedOtherExpenses": 2143000000, "calculatedOperatingExpenses": 9608000000, "calculatedNetInterest": -276000000, "calculatedOtherIncome": 1124000000, "calculatedIncomeNonControlling": -20000000, "calculatedEbitda": 12339000000}, {"date": "2021-12-31", "symbol": "CAT", "reportedCurrency": "USD", "cik": "0000018230", "fillingDate": "2022-02-16", "acceptedDate": "2022-02-16 10:50:47", "calendarYear": "2021", "period": "FY", "revenue": 50971000000, "costOfRevenue": 35968000000, "grossProfit": 15003000000, "grossProfitRatio": 0.2943438426, "researchAndDevelopmentExpenses": 1686000000, "generalAndAdministrativeExpenses": 0, "sellingAndMarketingExpenses": 0, "sellingGeneralAndAdministrativeExpenses": 5365000000, "otherExpenses": 1074000000, "operatingExpenses": 8125000000, "costAndExpenses": 44093000000, "interestIncome": 80000000, "interestExpense": 488000000, "depreciationAndAmortization": 4166000000, "ebitda": 11044000000, "ebitdaratio": 0.2166722254, "operatingIncome": 6878000000, "operatingIncomeRatio": 0.1349394754, "totalOtherIncomeExpensesNet": 1326000000, "incomeBeforeTax": 8204000000, "incomeBeforeTaxRatio": 0.1609542681, "incomeTaxExpense": 1742000000, "netIncome": 6489000000, "netIncomeRatio": 0.1273076848, "eps": 11.93, "epsdiluted": 11.83, "weightedAverageShsOut": 544000000, "weightedAverageShsOutDil": 548500000, "link": "https://www.sec.gov/Archives/edgar/data/18230/000001823022000050/0000018230-22-000050-index.htm", "finalLink": "https://www.sec.gov/Archives/edgar/data/18230/000001823022000050/cat-20211231.htm", "calculatedOtherExpenses": 1074000000, "calculatedOperatingExpenses": 8125000000, "calculatedNetInterest": -408000000, "calculatedOtherIncome": 1734000000, "calculatedIncomeNonControlling": -27000000, "calculatedEbitda": 11044000000}, {"date": "2020-12-31", "symbol": "CAT", "reportedCurrency": "USD", "cik": "0000018230", "fillingDate": "2021-02-17", "acceptedDate": "2021-02-17 10:41:38", "calendarYear": "2020", "period": "FY", "revenue": 41748000000, "costOfRevenue": 29671000000, "grossProfit": 12077000000, "grossProfitRatio": 0.289283319, "researchAndDevelopmentExpenses": 1415000000, "generalAndAdministrativeExpenses": 0, "sellingAndMarketingExpenses": 0, "sellingGeneralAndAdministrativeExpenses": 4642000000, "otherExpenses": 1467000000, "operatingExpenses": 7524000000, "costAndExpenses": 37195000000, "interestIncome": 112000000, "interestExpense": 514000000, "depreciationAndAmortization": 2388000000, "ebitda": 6941000000, "ebitdaratio": 0.1662594615, "operatingIncome": 4553000000, "operatingIncomeRatio": 0.1090591166, "totalOtherIncomeExpensesNet": -558000000, "incomeBeforeTax": 3995000000, "incomeBeforeTaxRatio": 0.0956932069, "incomeTaxExpense": 1006000000, "netIncome": 2998000000, "netIncomeRatio": 0.0718118233, "eps": 5.51, "epsdiluted": 5.46, "weightedAverageShsOut": 544100000, "weightedAverageShsOutDil": 548600000, "link": "https://www.sec.gov/Archives/edgar/data/18230/000001823021000063/0000018230-21-000063-index.htm", "finalLink": "https://www.sec.gov/Archives/edgar/data/18230/000001823021000063/cat-20201231.htm", "calculatedOtherExpenses": 1467000000, "calculatedOperatingExpenses": 7524000000, "calculatedNetInterest": -402000000, "calculatedOtherIncome": -156000000, "calculatedIncomeNonControlling": -9000000, "calculatedEbitda": 6941000000}, {"date": "2019-12-31", "symbol": "CAT", "reportedCurrency": "USD", "cik": "0000018230", "fillingDate": "2020-02-19", "acceptedDate": "2020-02-19 14:12:34", "calendarYear": "2019", "period": "FY", "revenue": 53800000000, "costOfRevenue": 37384000000, "grossProfit": 16416000000, "grossProfitRatio": 0.3051301115, "researchAndDevelopmentExpenses": 1693000000, "generalAndAdministrativeExpenses": 0, "sellingAndMarketingExpenses": 0, "sellingGeneralAndAdministrativeExpenses": 5162000000, "otherExpenses": 1271000000, "operatingExpenses": 8126000000, "costAndExpenses": 45510000000, "interestIncome": 202000000, "interestExpense": 421000000, "depreciationAndAmortization": 2520000000, "ebitda": 10810000000, "ebitdaratio": 0.200929368, "operatingIncome": 8290000000, "operatingIncomeRatio": 0.1540892193, "totalOtherIncomeExpensesNet": -478000000, "incomeBeforeTax": 7812000000, "incomeBeforeTaxRatio": 0.145204461, "incomeTaxExpense": 1746000000, "netIncome": 6093000000, "netIncomeRatio": 0.1132527881, "eps": 10.85, "epsdiluted": 10.74, "weightedAverageShsOut": 561600000, "weightedAverageShsOutDil": 567500000, "link": "https://www.sec.gov/Archives/edgar/data/18230/000001823020000056/0000018230-20-000056-index.htm", "finalLink": "https://www.sec.gov/Archives/edgar/data/18230/000001823020000056/cat10-k12312019.htm", "calculatedOtherExpenses": 1271000000, "calculatedOperatingExpenses": 8126000000, "calculatedNetInterest": -219000000, "calculatedOtherIncome": -259000000, "calculatedIncomeNonControlling": -27000000, "calculatedEbitda": 10810000000}, {"date": "2018-12-31", "symbol": "CAT", "reportedCurrency": "USD", "cik": "0000018230", "fillingDate": "2019-02-14", "acceptedDate": "2019-02-14 13:25:13", "calendarYear": "2018", "period": "FY", "revenue": 54722000000, "costOfRevenue": 37719000000, "grossProfit": 17003000000, "grossProfitRatio": 0.3107159826, "researchAndDevelopmentExpenses": 1850000000, "generalAndAdministrativeExpenses": 0, "sellingAndMarketingExpenses": 0, "sellingGeneralAndAdministrativeExpenses": 5478000000, "otherExpenses": -67000000, "operatingExpenses": 8710000000, "costAndExpenses": 46429000000, "interestIncome": 0, "interestExpense": 404000000, "depreciationAndAmortization": 2766000000, "ebitda": 10992000000, "ebitdaratio": 0.2008698512, "operatingIncome": 8290000000, "operatingIncomeRatio": 0.151493001, "totalOtherIncomeExpensesNet": -67000000, "incomeBeforeTax": 7822000000, "incomeBeforeTaxRatio": 0.142940682, "incomeTaxExpense": 1698000000, "netIncome": 6147000000, "netIncomeRatio": 0.1123314206, "eps": 10.39, "epsdiluted": 10.26, "weightedAverageShsOut": 591400000, "weightedAverageShsOutDil": 599400000, "link": "https://www.sec.gov/Archives/edgar/data/18230/000001823019000034/0000018230-19-000034-index.htm", "finalLink": "https://www.sec.gov/Archives/edgar/data/18230/000001823019000034/cat_10-kx12312018.htm", "calculatedOtherExpenses": 1385000000, "calculatedOperatingExpenses": 8713000000, "calculatedNetInterest": -404000000, "calculatedOtherIncome": -64000000, "calculatedIncomeNonControlling": -23000000, "calculatedEbitda": 11056000000}, {"date": "2017-12-31", "symbol": "CAT", "reportedCurrency": "USD", "cik": "0000018230", "fillingDate": "2018-02-15", "acceptedDate": "2018-02-15 12:14:45", "calendarYear": "2017", "period": "FY", "revenue": 45462000000, "costOfRevenue": 31695000000, "grossProfit": 13767000000, "grossProfitRatio": 0.3028243368, "researchAndDevelopmentExpenses": 1905000000, "generalAndAdministrativeExpenses": 0, "sellingAndMarketingExpenses": 0, "sellingGeneralAndAdministrativeExpenses": 5177000000, "otherExpenses": 207000000, "operatingExpenses": 9361000000, "costAndExpenses": 41056000000, "interestIncome": 0, "interestExpense": 531000000, "depreciationAndAmortization": 2877000000, "ebitda": 7490000000, "ebitdaratio": 0.1647529805, "operatingIncome": 4406000000, "operatingIncomeRatio": 0.0969161058, "totalOtherIncomeExpensesNet": 207000000, "incomeBeforeTax": 4082000000, "incomeBeforeTaxRatio": 0.0897892746, "incomeTaxExpense": 3339000000, "netIncome": 754000000, "netIncomeRatio": 0.01658528, "eps": 1.27, "epsdiluted": 1.26, "weightedAverageShsOut": 591800000, "weightedAverageShsOutDil": 599300000, "link": "https://www.sec.gov/Archives/edgar/data/18230/000001823018000042/0000018230-18-000042-index.htm", "finalLink": "https://www.sec.gov/Archives/edgar/data/18230/000001823018000042/cat_10-kx12312017.htm", "calculatedOtherExpenses": 2279000000, "calculatedOperatingExpenses": 9361000000, "calculatedNetInterest": -531000000, "calculatedOtherIncome": 207000000, "calculatedIncomeNonControlling": -11000000, "calculatedEbitda": 7283000000}, {"date": "2016-12-31", "symbol": "CAT", "reportedCurrency": "USD", "cik": "0000018230", "fillingDate": "2017-02-15", "acceptedDate": "2017-02-15 13:45:35", "calendarYear": "2016", "period": "FY", "revenue": 38537000000, "costOfRevenue": 28905000000, "grossProfit": 9632000000, "grossProfitRatio": 0.2499416146, "researchAndDevelopmentExpenses": 1951000000, "generalAndAdministrativeExpenses": 0, "sellingAndMarketingExpenses": 0, "sellingGeneralAndAdministrativeExpenses": 4686000000, "otherExpenses": 146000000, "operatingExpenses": 8539000000, "costAndExpenses": 37444000000, "interestIncome": 0, "interestExpense": 505000000, "depreciationAndAmortization": 3034000000, "ebitda": 4273000000, "ebitdaratio": 0.1108804526, "operatingIncome": 498000000, "operatingIncomeRatio": 0.0129226458, "totalOtherIncomeExpensesNet": -449000000, "incomeBeforeTax": 139000000, "incomeBeforeTaxRatio": 0.0036069232, "incomeTaxExpense": 192000000, "netIncome": -67000000, "netIncomeRatio": -0.0017385889, "eps": -0.11, "epsdiluted": -0.11, "weightedAverageShsOut": 584300000, "weightedAverageShsOutDil": 584300000, "link": "https://www.sec.gov/Archives/edgar/data/18230/000001823017000041/0000018230-17-000041-index.htm", "finalLink": "https://www.sec.gov/Archives/edgar/data/18230/000001823017000041/cat_10-kx12312016.htm", "calculatedOtherExpenses": 2497000000, "calculatedOperatingExpenses": 9134000000, "calculatedNetInterest": -505000000, "calculatedOtherIncome": 146000000, "calculatedIncomeNonControlling": 14000000, "calculatedEbitda": 3532000000}, {"date": "2015-12-31", "symbol": "CAT", "reportedCurrency": "USD", "cik": "0000018230", "fillingDate": "2016-02-16", "acceptedDate": "2016-02-16 11:20:14", "calendarYear": "2015", "period": "FY", "revenue": 47011000000, "costOfRevenue": 34133000000, "grossProfit": 12878000000, "grossProfitRatio": 0.2739358873, "researchAndDevelopmentExpenses": 2119000000, "generalAndAdministrativeExpenses": 0, "sellingAndMarketingExpenses": 0, "sellingGeneralAndAdministrativeExpenses": 4951000000, "otherExpenses": 93000000, "operatingExpenses": 9093000000, "costAndExpenses": 43226000000, "interestIncome": 0, "interestExpense": 507000000, "depreciationAndAmortization": 3046000000, "ebitda": 6924000000, "ebitdaratio": 0.1472846781, "operatingIncome": 3785000000, "operatingIncomeRatio": 0.0805130714, "totalOtherIncomeExpensesNet": 161000000, "incomeBeforeTax": 3439000000, "incomeBeforeTaxRatio": 0.0731530918, "incomeTaxExpense": 916000000, "netIncome": 2512000000, "netIncomeRatio": 0.0534343026, "eps": 4.23, "epsdiluted": 4.18, "weightedAverageShsOut": 594300000, "weightedAverageShsOutDil": 601300000, "link": "https://www.sec.gov/Archives/edgar/data/18230/000001823016000410/0000018230-16-000410-index.htm", "finalLink": "https://www.sec.gov/Archives/edgar/data/18230/000001823016000410/cat_10-kx12312015.htm", "calculatedOtherExpenses": 2023000000, "calculatedOperatingExpenses": 9093000000, "calculatedNetInterest": -507000000, "calculatedOtherIncome": 161000000, "calculatedIncomeNonControlling": 11000000, "calculatedEbitda": 6831000000}, {"date": "2014-12-31", "symbol": "CAT", "reportedCurrency": "USD", "cik": "0000018230", "fillingDate": "2015-02-17", "acceptedDate": "2015-02-17 17:15:52", "calendarYear": "2014", "period": "FY", "revenue": 55184000000, "costOfRevenue": 40391000000, "grossProfit": 14793000000, "grossProfitRatio": 0.268066831, "researchAndDevelopmentExpenses": 2135000000, "generalAndAdministrativeExpenses": 0, "sellingAndMarketingExpenses": 0, "sellingGeneralAndAdministrativeExpenses": 5697000000, "otherExpenses": 239000000, "operatingExpenses": 9465000000, "costAndExpenses": 49856000000, "interestIncome": 0, "interestExpense": 484000000, "depreciationAndAmortization": 3163000000, "ebitda": 8730000000, "ebitdaratio": 0.1581980284, "operatingIncome": 5328000000, "operatingIncomeRatio": 0.0965497246, "totalOtherIncomeExpensesNet": 239000000, "incomeBeforeTax": 5083000000, "incomeBeforeTaxRatio": 0.0921100319, "incomeTaxExpense": 1380000000, "netIncome": 3695000000, "netIncomeRatio": 0.0669578139, "eps": 5.99, "epsdiluted": 5.88, "weightedAverageShsOut": 617200000, "weightedAverageShsOutDil": 628900000, "link": "https://www.sec.gov/Archives/edgar/data/18230/000001823015000061/0000018230-15-000061-index.htm", "finalLink": "https://www.sec.gov/Archives/edgar/data/18230/000001823015000061/cat_10-kx12312014.htm", "calculatedOtherExpenses": 1633000000, "calculatedOperatingExpenses": 9465000000, "calculatedNetInterest": -484000000, "calculatedOtherIncome": 239000000, "calculatedIncomeNonControlling": 8000000, "calculatedEbitda": 8491000000}, {"date": "2013-12-31", "symbol": "CAT", "reportedCurrency": "USD", "cik": "0000018230", "fillingDate": "2014-02-18", "acceptedDate": "2014-02-18 14:25:26", "calendarYear": "2013", "period": "FY", "revenue": 55656000000, "costOfRevenue": 41454000000, "grossProfit": 14202000000, "grossProfitRatio": 0.2551746442, "researchAndDevelopmentExpenses": 2046000000, "generalAndAdministrativeExpenses": 0, "sellingAndMarketingExpenses": 0, "sellingGeneralAndAdministrativeExpenses": 5547000000, "otherExpenses": -35000000, "operatingExpenses": 8574000000, "costAndExpenses": 50028000000, "interestIncome": 0, "interestExpense": 465000000, "depreciationAndAmortization": 3087000000, "ebitda": 8680000000, "ebitdaratio": 0.1559580279, "operatingIncome": 5628000000, "operatingIncomeRatio": 0.1011211729, "totalOtherIncomeExpensesNet": -35000000, "incomeBeforeTax": 5128000000, "incomeBeforeTaxRatio": 0.0921374156, "incomeTaxExpense": 1319000000, "netIncome": 3789000000, "netIncomeRatio": 0.0680789133, "eps": 5.87, "epsdiluted": 5.75, "weightedAverageShsOut": 645200000, "weightedAverageShsOutDil": 658600000, "link": "https://www.sec.gov/Archives/edgar/data/18230/000001823014000058/0000018230-14-000058-index.htm", "finalLink": "https://www.sec.gov/Archives/edgar/data/18230/000001823014000058/cat_10-kx12312013.htm", "calculatedOtherExpenses": 981000000, "calculatedOperatingExpenses": 8574000000, "calculatedNetInterest": -465000000, "calculatedOtherIncome": -35000000, "calculatedIncomeNonControlling": 20000000, "calculatedEbitda": 8715000000}, {"date": "2012-12-31", "symbol": "CAT", "reportedCurrency": "USD", "cik": "0000018230", "fillingDate": "2013-02-19", "acceptedDate": "2013-02-19 12:26:30", "calendarYear": "2012", "period": "FY", "revenue": 65875000000, "costOfRevenue": 47852000000, "grossProfit": 18023000000, "grossProfitRatio": 0.2735939279, "researchAndDevelopmentExpenses": 2466000000, "generalAndAdministrativeExpenses": 0, "sellingAndMarketingExpenses": 0, "sellingGeneralAndAdministrativeExpenses": 5919000000, "otherExpenses": 130000000, "operatingExpenses": 8870000000, "costAndExpenses": 56722000000, "interestIncome": 0, "interestExpense": 467000000, "depreciationAndAmortization": 2813000000, "ebitda": 12096000000, "ebitdaratio": 0.1836204934, "operatingIncome": 8573000000, "operatingIncomeRatio": 0.1301404175, "totalOtherIncomeExpensesNet": -450000000, "incomeBeforeTax": 8236000000, "incomeBeforeTaxRatio": 0.1250246679, "incomeTaxExpense": 2528000000, "netIncome": 5681000000, "netIncomeRatio": 0.0862390892, "eps": 8.71, "epsdiluted": 8.48, "weightedAverageShsOut": 652600000, "weightedAverageShsOutDil": 669600000, "link": "https://www.sec.gov/Archives/edgar/data/18230/000001823013000075/0000018230-13-000075-index.htm", "finalLink": "https://www.sec.gov/Archives/edgar/data/18230/000001823013000075/cat_10-kx12312012.htm", "calculatedOtherExpenses": 1065000000, "calculatedOperatingExpenses": 9450000000, "calculatedNetInterest": -467000000, "calculatedOtherIncome": 130000000, "calculatedIncomeNonControlling": 27000000, "calculatedEbitda": 11386000000}, {"date": "2011-12-31", "symbol": "CAT", "reportedCurrency": "USD", "cik": "0000018230", "fillingDate": "2012-02-21", "acceptedDate": "2012-02-21 15:49:01", "calendarYear": "2011", "period": "FY", "revenue": 60138000000, "costOfRevenue": 43578000000, "grossProfit": 16560000000, "grossProfitRatio": 0.2753666567, "researchAndDevelopmentExpenses": 2297000000, "generalAndAdministrativeExpenses": 0, "sellingAndMarketingExpenses": 0, "sellingGeneralAndAdministrativeExpenses": 5203000000, "otherExpenses": 0, "operatingExpenses": 8581000000, "costAndExpenses": 52159000000, "interestIncome": 0, "interestExpense": 1222000000, "depreciationAndAmortization": 2527000000, "ebitda": 10506000000, "ebitdaratio": 0.1746981942, "operatingIncome": 7153000000, "operatingIncomeRatio": 0.1189430975, "totalOtherIncomeExpensesNet": -32000000, "incomeBeforeTax": 6725000000, "incomeBeforeTaxRatio": 0.1118261332, "incomeTaxExpense": 1720000000, "netIncome": 4928000000, "netIncomeRatio": 0.0819448602, "eps": 7.64, "epsdiluted": 7.4, "weightedAverageShsOut": 645000000, "weightedAverageShsOutDil": 666100000, "link": "https://www.sec.gov/Archives/edgar/data/18230/000110465912011331/0001104659-12-011331-index.htm", "finalLink": "https://www.sec.gov/Archives/edgar/data/18230/000110465912011331/a12-2184_110k.htm", "calculatedOtherExpenses": 1907000000, "calculatedOperatingExpenses": 9407000000, "calculatedNetInterest": -1222000000, "calculatedOtherIncome": 794000000, "calculatedIncomeNonControlling": 77000000, "calculatedEbitda": 9680000000}, {"date": "2010-12-31", "symbol": "CAT", "reportedCurrency": "USD", "cik": "0000018230", "fillingDate": "2011-02-22", "acceptedDate": "2011-02-22 17:15:14", "calendarYear": "2010", "period": "FY", "revenue": 42588000000, "costOfRevenue": 30367000000, "grossProfit": 12221000000, "grossProfitRatio": 0.2869587677, "researchAndDevelopmentExpenses": 1905000000, "generalAndAdministrativeExpenses": 0, "sellingAndMarketingExpenses": 0, "sellingGeneralAndAdministrativeExpenses": 4248000000, "otherExpenses": 0, "operatingExpenses": 7344000000, "costAndExpenses": 37711000000, "interestIncome": 86000000, "interestExpense": 1257000000, "depreciationAndAmortization": 2296000000, "ebitda": 7173000000, "ebitdaratio": 0.1684277261, "operatingIncome": 3963000000, "operatingIncomeRatio": 0.0930543815, "totalOtherIncomeExpensesNet": 130000000, "incomeBeforeTax": 3750000000, "incomeBeforeTaxRatio": 0.0880529727, "incomeTaxExpense": 968000000, "netIncome": 2700000000, "netIncomeRatio": 0.0633981403, "eps": 4.28, "epsdiluted": 4.15, "weightedAverageShsOut": 631500000, "weightedAverageShsOutDil": 650400000, "link": "https://www.sec.gov/Archives/edgar/data/18230/000110465911008938/0001104659-11-008938-index.htm", "finalLink": "https://www.sec.gov/Archives/edgar/data/18230/000110465911008938/a10-18643_110k.htm", "calculatedOtherExpenses": 2105000000, "calculatedOperatingExpenses": 8258000000, "calculatedNetInterest": -1171000000, "calculatedOtherIncome": 958000000, "calculatedIncomeNonControlling": 82000000, "calculatedEbitda": 6259000000}, {"date": "2009-12-31", "symbol": "CAT", "reportedCurrency": "USD", "cik": "0000018230", "fillingDate": "2010-02-19", "acceptedDate": "2010-02-19 12:42:45", "calendarYear": "2009", "period": "FY", "revenue": 32396000000, "costOfRevenue": 23886000000, "grossProfit": 8510000000, "grossProfitRatio": 0.2626867515, "researchAndDevelopmentExpenses": 1421000000, "generalAndAdministrativeExpenses": 0, "sellingAndMarketingExpenses": 0, "sellingGeneralAndAdministrativeExpenses": 3645000000, "otherExpenses": 0, "operatingExpenses": 5066000000, "costAndExpenses": 28952000000, "interestIncome": 98000000, "interestExpense": 1434000000, "depreciationAndAmortization": 2336000000, "ebitda": 5878000000, "ebitdaratio": 0.1814421534, "operatingIncome": 577000000, "operatingIncomeRatio": 0.0178108408, "totalOtherIncomeExpensesNet": -1539000000, "incomeBeforeTax": 569000000, "incomeBeforeTaxRatio": 0.0175638968, "incomeTaxExpense": -270000000, "netIncome": 895000000, "netIncomeRatio": 0.0276268675, "eps": 1.45, "epsdiluted": 1.43, "weightedAverageShsOut": 615200000, "weightedAverageShsOutDil": 626000000, "link": "https://www.sec.gov/Archives/edgar/data/18230/000001823010000092/0000018230-10-000092-index.htm", "finalLink": "https://www.sec.gov/Archives/edgar/data/18230/000001823010000092/form10k_2009.htm", "calculatedOtherExpenses": 2867000000, "calculatedOperatingExpenses": 7933000000, "calculatedNetInterest": -1336000000, "calculatedOtherIncome": 1328000000, "calculatedIncomeNonControlling": -56000000, "calculatedEbitda": 2913000000}, {"date": "2008-12-31", "symbol": "CAT", "reportedCurrency": "USD", "cik": "0000018230", "fillingDate": "2009-02-20", "acceptedDate": "2009-02-20 14:49:22", "calendarYear": "2008", "period": "FY", "revenue": 51324000000, "costOfRevenue": 38415000000, "grossProfit": 12909000000, "grossProfitRatio": 0.2515197568, "researchAndDevelopmentExpenses": 1728000000, "generalAndAdministrativeExpenses": 0, "sellingAndMarketingExpenses": 0, "sellingGeneralAndAdministrativeExpenses": 4399000000, "otherExpenses": 0, "operatingExpenses": 7308000000, "costAndExpenses": 45723000000, "interestIncome": 101000000, "interestExpense": 1427000000, "depreciationAndAmortization": 1980000000, "ebitda": 7581000000, "ebitdaratio": 0.1477086743, "operatingIncome": 4448000000, "operatingIncomeRatio": 0.0866651079, "totalOtherIncomeExpensesNet": 299000000, "incomeBeforeTax": 4473000000, "incomeBeforeTaxRatio": 0.0871522095, "incomeTaxExpense": 953000000, "netIncome": 3557000000, "netIncomeRatio": 0.0693048087, "eps": 5.83, "epsdiluted": 5.66, "weightedAverageShsOut": 610500000, "weightedAverageShsOutDil": 627900000, "link": "https://www.sec.gov/Archives/edgar/data/18230/000001823009000063/0000018230-09-000063-index.htm", "finalLink": "https://www.sec.gov/Archives/edgar/data/18230/000001823009000063/form10k_2008.htm", "calculatedOtherExpenses": 2334000000, "calculatedOperatingExpenses": 8461000000, "calculatedNetInterest": -1326000000, "calculatedOtherIncome": 1351000000, "calculatedIncomeNonControlling": -37000000, "calculatedEbitda": 6428000000}, {"date": "2007-12-31", "symbol": "CAT", "reportedCurrency": "USD", "cik": "0000018230", "fillingDate": "2008-02-22", "acceptedDate": "2008-02-22 13:39:59", "calendarYear": "2007", "period": "FY", "revenue": 44958000000, "costOfRevenue": 32626000000, "grossProfit": 12332000000, "grossProfitRatio": 0.2743004582, "researchAndDevelopmentExpenses": 1404000000, "generalAndAdministrativeExpenses": 0, "sellingAndMarketingExpenses": 0, "sellingGeneralAndAdministrativeExpenses": 3821000000, "otherExpenses": 1054000000, "operatingExpenses": 6279000000, "costAndExpenses": 38905000000, "interestIncome": 0, "interestExpense": 1420000000, "depreciationAndAmortization": 1797000000, "ebitda": 7850000000, "ebitdaratio": 0.1746074114, "operatingIncome": 4921000000, "operatingIncomeRatio": 0.1094577161, "totalOtherIncomeExpensesNet": 320000000, "incomeBeforeTax": 4953000000, "incomeBeforeTaxRatio": 0.1101694915, "incomeTaxExpense": 1485000000, "netIncome": 3541000000, "netIncomeRatio": 0.0787624005, "eps": 5.55, "epsdiluted": 5.37, "weightedAverageShsOut": 638200000, "weightedAverageShsOutDil": 659500000, "link": "https://www.sec.gov/Archives/edgar/data/18230/000001823008000052/0000018230-08-000052-index.htm", "finalLink": "https://www.sec.gov/Archives/edgar/data/18230/000001823008000052/form10k_2007.htm", "calculatedOtherExpenses": 2186000000, "calculatedOperatingExpenses": 7411000000, "calculatedNetInterest": -1420000000, "calculatedOtherIncome": 1452000000, "calculatedIncomeNonControlling": -73000000, "calculatedEbitda": 6718000000}, {"date": "2006-12-31", "symbol": "CAT", "reportedCurrency": "USD", "cik": "0000018230", "fillingDate": "2007-02-23", "acceptedDate": "2007-02-23 14:07:22", "calendarYear": "2006", "period": "FY", "revenue": 41517000000, "costOfRevenue": 29549000000, "grossProfit": 11968000000, "grossProfitRatio": 0.2882674567, "researchAndDevelopmentExpenses": 1347000000, "generalAndAdministrativeExpenses": 0, "sellingAndMarketingExpenses": 0, "sellingGeneralAndAdministrativeExpenses": 3706000000, "otherExpenses": 971000000, "operatingExpenses": 6024000000, "costAndExpenses": 35573000000, "interestIncome": 0, "interestExpense": 1297000000, "depreciationAndAmortization": 1602000000, "ebitda": 7546000000, "ebitdaratio": 0.1817568707, "operatingIncome": 4921000000, "operatingIncomeRatio": 0.1185297589, "totalOtherIncomeExpensesNet": 214000000, "incomeBeforeTax": 4861000000, "incomeBeforeTaxRatio": 0.1170845678, "incomeTaxExpense": 1405000000, "netIncome": 3537000000, "netIncomeRatio": 0.0851940169, "eps": 5.37, "epsdiluted": 5.17, "weightedAverageShsOut": 658700000, "weightedAverageShsOutDil": 683800000, "link": "https://www.sec.gov/Archives/edgar/data/18230/000001823007000053/0000018230-07-000053-index.htm", "finalLink": "https://www.sec.gov/Archives/edgar/data/18230/000001823007000053/form10k_2006.htm", "calculatedOtherExpenses": 1994000000, "calculatedOperatingExpenses": 7047000000, "calculatedNetInterest": -1297000000, "calculatedOtherIncome": 1237000000, "calculatedIncomeNonControlling": -81000000, "calculatedEbitda": 6523000000}, {"date": "2005-12-31", "symbol": "CAT", "reportedCurrency": "USD", "cik": "0000018230", "fillingDate": "2006-05-31", "acceptedDate": "2006-05-31 13:52:23", "calendarYear": "2005", "period": "FY", "revenue": 36339000000, "costOfRevenue": 26558000000, "grossProfit": 9781000000, "grossProfitRatio": 0.2691598558, "researchAndDevelopmentExpenses": 1084000000, "generalAndAdministrativeExpenses": 0, "sellingAndMarketingExpenses": 0, "sellingGeneralAndAdministrativeExpenses": 3190000000, "otherExpenses": 955000000, "operatingExpenses": 5229000000, "costAndExpenses": 31787000000, "interestIncome": 0, "interestExpense": 1028000000, "depreciationAndAmortization": 1477000000, "ebitda": 6029000000, "ebitdaratio": 0.165909904, "operatingIncome": 3784000000, "operatingIncomeRatio": 0.1041305484, "totalOtherIncomeExpensesNet": 377000000, "incomeBeforeTax": 3901000000, "incomeBeforeTaxRatio": 0.1073502298, "incomeTaxExpense": 1120000000, "netIncome": 2854000000, "netIncomeRatio": 0.0785382096, "eps": 4.21, "epsdiluted": 4.04, "weightedAverageShsOut": 678400000, "weightedAverageShsOutDil": 705800000, "link": "https://www.sec.gov/Archives/edgar/data/18230/000001823006000262/0000018230-06-000262-index.htm", "finalLink": "https://www.sec.gov/Archives/edgar/data/18230/000001823006000262/form10ka_053106.htm", "calculatedOtherExpenses": 1723000000, "calculatedOperatingExpenses": 5997000000, "calculatedNetInterest": -1028000000, "calculatedOtherIncome": 1145000000, "calculatedIncomeNonControlling": -73000000, "calculatedEbitda": 5261000000}, {"date": "2004-12-31", "symbol": "CAT", "reportedCurrency": "USD", "cik": "0000018230", "fillingDate": "2005-02-24", "acceptedDate": "2005-02-24 16:42:01", "calendarYear": "2004", "period": "FY", "revenue": 30251000000, "costOfRevenue": 22420000000, "grossProfit": 7831000000, "grossProfitRatio": 0.2588674755, "researchAndDevelopmentExpenses": 928000000, "generalAndAdministrativeExpenses": 0, "sellingAndMarketingExpenses": 0, "sellingGeneralAndAdministrativeExpenses": 3072000000, "otherExpenses": 578000000, "operatingExpenses": 4578000000, "costAndExpenses": 26998000000, "interestIncome": 0, "interestExpense": 750000000, "depreciationAndAmortization": 1397000000, "ebitda": 4650000000, "ebitdaratio": 0.1537139268, "operatingIncome": 2733000000, "operatingIncomeRatio": 0.0903441209, "totalOtherIncomeExpensesNet": 204000000, "incomeBeforeTax": 2707000000, "incomeBeforeTaxRatio": 0.0894846451, "incomeTaxExpense": 731000000, "netIncome": 2035000000, "netIncomeRatio": 0.0672705035, "eps": 1.49, "epsdiluted": 1.44, "weightedAverageShsOut": 1369000000, "weightedAverageShsOutDil": 1414800000, "link": "https://www.sec.gov/Archives/edgar/data/18230/000001823005000218/0000018230-05-000218-index.htm", "finalLink": "https://www.sec.gov/Archives/edgar/data/18230/000001823005000218/form10k_2004.htm", "calculatedOtherExpenses": 1098000000, "calculatedOperatingExpenses": 5098000000, "calculatedNetInterest": -750000000, "calculatedOtherIncome": 724000000, "calculatedIncomeNonControlling": -59000000, "calculatedEbitda": 4130000000}, {"date": "2003-12-31", "symbol": "CAT", "reportedCurrency": "USD", "cik": "0000018230", "fillingDate": "2004-03-10", "acceptedDate": "2004-03-10 14:17:24", "calendarYear": "2003", "period": "FY", "revenue": 22763000000, "costOfRevenue": 17466000000, "grossProfit": 5297000000, "grossProfitRatio": 0.2327021922, "researchAndDevelopmentExpenses": 669000000, "generalAndAdministrativeExpenses": 0, "sellingAndMarketingExpenses": 0, "sellingGeneralAndAdministrativeExpenses": 2470000000, "otherExpenses": 470000000, "operatingExpenses": 3609000000, "costAndExpenses": 21075000000, "interestIncome": 0, "interestExpense": 0, "depreciationAndAmortization": 1347000000, "ebitda": 3000000000, "ebitdaratio": 0.1317928217, "operatingIncome": 1688000000, "operatingIncomeRatio": 0.0741554277, "totalOtherIncomeExpensesNet": 55000000, "incomeBeforeTax": 1477000000, "incomeBeforeTaxRatio": 0.0648859992, "incomeTaxExpense": 398000000, "netIncome": 1099000000, "netIncomeRatio": 0.0482801037, "eps": 1.59, "epsdiluted": 1.56, "weightedAverageShsOut": 690400000, "weightedAverageShsOutDil": 702700000, "link": "https://www.sec.gov/Archives/edgar/data/18230/000001823004000161/0000018230-04-000161-index.htm", "finalLink": "https://www.sec.gov/Archives/edgar/data/18230/000001823004000161/form10k_2003.htm", "calculatedOtherExpenses": 470000000, "calculatedOperatingExpenses": 3609000000, "calculatedNetInterest": 0, "calculatedOtherIncome": -211000000, "calculatedIncomeNonControlling": -20000000, "calculatedEbitda": 3035000000}, {"date": "2002-12-31", "symbol": "CAT", "reportedCurrency": "USD", "cik": "0000018230", "fillingDate": "2003-03-31", "acceptedDate": "2003-03-31 17:10:42", "calendarYear": "2002", "period": "FY", "revenue": 20152000000, "costOfRevenue": 15125000000, "grossProfit": 5027000000, "grossProfitRatio": 0.2494541485, "researchAndDevelopmentExpenses": 656000000, "generalAndAdministrativeExpenses": 0, "sellingAndMarketingExpenses": 0, "sellingGeneralAndAdministrativeExpenses": 2531000000, "otherExpenses": 521000000, "operatingExpenses": 3708000000, "costAndExpenses": 18833000000, "interestIncome": 0, "interestExpense": 521000000, "depreciationAndAmortization": 1220000000, "ebitda": 2465000000, "ebitdaratio": 0.1223203652, "operatingIncome": 1319000000, "operatingIncomeRatio": 0.0654525605, "totalOtherIncomeExpensesNet": 70000000, "incomeBeforeTax": 1114000000, "incomeBeforeTaxRatio": 0.055279873, "incomeTaxExpense": 312000000, "netIncome": 798000000, "netIncomeRatio": 0.0395990472, "eps": 1.16, "epsdiluted": 1.15, "weightedAverageShsOut": 688000000, "weightedAverageShsOutDil": 693800000, "link": "https://www.sec.gov/Archives/edgar/data/18230/000001823003000130/0000018230-03-000130-index.htm", "finalLink": "https://www.sec.gov/Archives/edgar/data/18230/000001823003000130/form10k_2002.htm", "calculatedOtherExpenses": 521000000, "calculatedOperatingExpenses": 3708000000, "calculatedNetInterest": -521000000, "calculatedOtherIncome": 316000000, "calculatedIncomeNonControlling": 4000000, "calculatedEbitda": 2539000000}, {"date": "2001-12-31", "symbol": "CAT", "reportedCurrency": "USD", "cik": "0000018230", "fillingDate": "2002-03-22", "acceptedDate": "2002-03-22 00:00:00", "calendarYear": "2001", "period": "FY", "revenue": 20450000000, "costOfRevenue": 15219000000, "grossProfit": 5231000000, "grossProfitRatio": 0.255794621, "researchAndDevelopmentExpenses": 696000000, "generalAndAdministrativeExpenses": 0, "sellingAndMarketingExpenses": 0, "sellingGeneralAndAdministrativeExpenses": 2567000000, "otherExpenses": 657000000, "operatingExpenses": 3920000000, "costAndExpenses": 19139000000, "interestIncome": 0, "interestExpense": 0, "depreciationAndAmortization": 1169000000, "ebitda": 2337000000, "ebitdaratio": 0.1142787286, "operatingIncome": 1311000000, "operatingIncomeRatio": 0.0641075795, "totalOtherIncomeExpensesNet": 146000000, "incomeBeforeTax": 1169000000, "incomeBeforeTaxRatio": 0.0571638142, "incomeTaxExpense": 367000000, "netIncome": 805000000, "netIncomeRatio": 0.0393643032, "eps": 1.17, "epsdiluted": 1.16, "weightedAverageShsOut": 686600000, "weightedAverageShsOutDil": 694200000, "link": "https://www.sec.gov/Archives/edgar/data/18230/000001823002000014/0000018230-02-000014-index.htm", "finalLink": "https://www.sec.gov/Archives/edgar/data/18230/000001823002000014/form10k_2001.htm", "calculatedOtherExpenses": 657000000, "calculatedOperatingExpenses": 3920000000, "calculatedNetInterest": 0, "calculatedOtherIncome": -142000000, "calculatedIncomeNonControlling": -3000000, "calculatedEbitda": 2480000000}, {"date": "2000-12-31", "symbol": "CAT", "reportedCurrency": "USD", "cik": "0000018230", "fillingDate": "2001-03-15", "acceptedDate": "2001-03-15 00:00:00", "calendarYear": "2000", "period": "FY", "revenue": 20175000000, "costOfRevenue": 14497000000, "grossProfit": 5678000000, "grossProfitRatio": 0.2814374226, "researchAndDevelopmentExpenses": 649000000, "generalAndAdministrativeExpenses": 0, "sellingAndMarketingExpenses": 0, "sellingGeneralAndAdministrativeExpenses": 2604000000, "otherExpenses": 0, "operatingExpenses": 3253000000, "costAndExpenses": 17750000000, "interestIncome": 0, "interestExpense": 0, "depreciationAndAmortization": 1022000000, "ebitda": 3392000000, "ebitdaratio": 0.1681288724, "operatingIncome": 2425000000, "operatingIncomeRatio": 0.1201982652, "totalOtherIncomeExpensesNet": 55000000, "incomeBeforeTax": 1500000000, "incomeBeforeTaxRatio": 0.0743494424, "incomeTaxExpense": 447000000, "netIncome": 1053000000, "netIncomeRatio": 0.0521933086, "eps": 1.52, "epsdiluted": 1.51, "weightedAverageShsOut": 692763158, "weightedAverageShsOutDil": 697350993, "link": "https://www.sec.gov/Archives/edgar/data/18230/000001823001500017/0000018230-01-500017-index.htm", "finalLink": "https://www.sec.gov/Archives/edgar/data/18230/000001823001500017/tenk.htm", "calculatedOtherExpenses": 0, "calculatedOperatingExpenses": 3253000000, "calculatedNetInterest": 0, "calculatedOtherIncome": -925000000, "calculatedIncomeNonControlling": 0, "calculatedEbitda": 3447000000}, {"date": "1999-12-31", "symbol": "CAT", "reportedCurrency": "USD", "cik": "0000018230", "fillingDate": "2000-03-30", "acceptedDate": "2000-03-30 00:00:00", "calendarYear": "1999", "period": "FY", "revenue": 19702000000, "costOfRevenue": 13536000000, "grossProfit": 6166000000, "grossProfitRatio": 0.3129631509, "researchAndDevelopmentExpenses": 626000000, "generalAndAdministrativeExpenses": 0, "sellingAndMarketingExpenses": 0, "sellingGeneralAndAdministrativeExpenses": 2541000000, "otherExpenses": 945000000, "operatingExpenses": 4112000000, "costAndExpenses": 17648000000, "interestIncome": 0, "interestExpense": 0, "depreciationAndAmortization": 945000000, "ebitda": 2823000000, "ebitdaratio": 0.1432849457, "operatingIncome": 2054000000, "operatingIncomeRatio": 0.1042533753, "totalOtherIncomeExpensesNet": 176000000, "incomeBeforeTax": 1401000000, "incomeBeforeTaxRatio": 0.071109532, "incomeTaxExpense": 455000000, "netIncome": 946000000, "netIncomeRatio": 0.0480154299, "eps": 1.33, "epsdiluted": 1.32, "weightedAverageShsOut": 710800000, "weightedAverageShsOutDil": 718800000, "link": "https://www.sec.gov/Archives/edgar/data/18230/000102140800001352/0001021408-00-001352-index.html", "finalLink": "https://www.sec.gov/Archives/edgar/data/18230/000102140800001352/0001021408-00-001352-d1.html", "calculatedOtherExpenses": 945000000, "calculatedOperatingExpenses": 4112000000, "calculatedNetInterest": 0, "calculatedOtherIncome": -653000000, "calculatedIncomeNonControlling": 0, "calculatedEbitda": 2999000000}, {"date": "1998-12-31", "symbol": "CAT", "reportedCurrency": "USD", "cik": "0000018230", "fillingDate": "1999-03-31", "acceptedDate": "1999-03-31 00:00:00", "calendarYear": "1998", "period": "FY", "revenue": 20977000000, "costOfRevenue": 14166000000, "grossProfit": 6811000000, "grossProfitRatio": 0.324688945, "researchAndDevelopmentExpenses": 643000000, "generalAndAdministrativeExpenses": 0, "sellingAndMarketingExpenses": 0, "sellingGeneralAndAdministrativeExpenses": 2561000000, "otherExpenses": 865000000, "operatingExpenses": 4069000000, "costAndExpenses": 18235000000, "interestIncome": 0, "interestExpense": 0, "depreciationAndAmortization": 865000000, "ebitda": 3418000000, "ebitdaratio": 0.1629403633, "operatingIncome": 2742000000, "operatingIncomeRatio": 0.1307145922, "totalOtherIncomeExpensesNet": 189000000, "incomeBeforeTax": 2178000000, "incomeBeforeTaxRatio": 0.1038280021, "incomeTaxExpense": 665000000, "netIncome": 1513000000, "netIncomeRatio": 0.0721266149, "eps": 2.09, "epsdiluted": 2.06, "weightedAverageShsOut": 725659472, "weightedAverageShsOutDil": 736253041, "link": "https://www.sec.gov/Archives/edgar/data/18230/000095013199001977/0000950131-99-001977-index.html", "finalLink": "https://www.sec.gov/Archives/edgar/data/18230/", "calculatedOtherExpenses": 865000000, "calculatedOperatingExpenses": 4069000000, "calculatedNetInterest": 0, "calculatedOtherIncome": -564000000, "calculatedIncomeNonControlling": 0, "calculatedEbitda": 3607000000}, {"date": "1997-12-31", "symbol": "CAT", "reportedCurrency": "USD", "cik": "0000018230", "fillingDate": "1998-03-27", "acceptedDate": "1998-03-27 00:00:00", "calendarYear": "1997", "period": "FY", "revenue": 18925000000, "costOfRevenue": 12636000000, "grossProfit": 6289000000, "grossProfitRatio": 0.3323117569, "researchAndDevelopmentExpenses": 528000000, "generalAndAdministrativeExpenses": 0, "sellingAndMarketingExpenses": 0, "sellingGeneralAndAdministrativeExpenses": 2232000000, "otherExpenses": 738000000, "operatingExpenses": 3498000000, "costAndExpenses": 16134000000, "interestIncome": 0, "interestExpense": 0, "depreciationAndAmortization": 738000000, "ebitda": 3279000000, "ebitdaratio": 0.1732628798, "operatingIncome": 2791000000, "operatingIncomeRatio": 0.1474768824, "totalOtherIncomeExpensesNet": 250000000, "incomeBeforeTax": 2461000000, "incomeBeforeTaxRatio": 0.1300396301, "incomeTaxExpense": 796000000, "netIncome": 1665000000, "netIncomeRatio": 0.0879788639, "eps": 2.22, "epsdiluted": 2.18, "weightedAverageShsOut": 750000000, "weightedAverageShsOutDil": 762013730, "link": "https://www.sec.gov/Archives/edgar/data/18230/000095013198002084/0000950131-98-002084-index.html", "finalLink": "https://www.sec.gov/Archives/edgar/data/18230/", "calculatedOtherExpenses": 738000000, "calculatedOperatingExpenses": 3498000000, "calculatedNetInterest": 0, "calculatedOtherIncome": -330000000, "calculatedIncomeNonControlling": 0, "calculatedEbitda": 3529000000}, {"date": "1996-12-31", "symbol": "CAT", "reportedCurrency": "USD", "cik": "0000018230", "fillingDate": "1997-03-26", "acceptedDate": "1997-03-26 00:00:00", "calendarYear": "1996", "period": "FY", "revenue": 16522000000, "costOfRevenue": 11136000000, "grossProfit": 5386000000, "grossProfitRatio": 0.3259895896, "researchAndDevelopmentExpenses": 0, "generalAndAdministrativeExpenses": 0, "sellingAndMarketingExpenses": 0, "sellingGeneralAndAdministrativeExpenses": 2403000000, "otherExpenses": 696000000, "operatingExpenses": 3099000000, "costAndExpenses": 14235000000, "interestIncome": 0, "interestExpense": 0, "depreciationAndAmortization": 696000000, "ebitda": 2786000000, "ebitdaratio": 0.1686236533, "operatingIncome": 2287000000, "operatingIncomeRatio": 0.1384214986, "totalOtherIncomeExpensesNet": 197000000, "incomeBeforeTax": 1974000000, "incomeBeforeTaxRatio": 0.1194770609, "incomeTaxExpense": 613000000, "netIncome": 1361000000, "netIncomeRatio": 0.0823750151, "eps": 1.77, "epsdiluted": 1.75, "weightedAverageShsOut": 770014144, "weightedAverageShsOutDil": 777777778, "link": "https://www.sec.gov/Archives/edgar/data/18230/000095013197002066/0000950131-97-002066-index.html", "finalLink": "https://www.sec.gov/Archives/edgar/data/18230/", "calculatedOtherExpenses": 696000000, "calculatedOperatingExpenses": 3099000000, "calculatedNetInterest": 0, "calculatedOtherIncome": -313000000, "calculatedIncomeNonControlling": 0, "calculatedEbitda": 2983000000}, {"date": "1995-12-31", "symbol": "CAT", "reportedCurrency": "USD", "cik": "0000018230", "fillingDate": "1996-03-05", "acceptedDate": "1996-03-05 00:00:00", "calendarYear": "1995", "period": "FY", "revenue": 16072000000, "costOfRevenue": 11318000000, "grossProfit": 4754000000, "grossProfitRatio": 0.2957939273, "researchAndDevelopmentExpenses": 0, "generalAndAdministrativeExpenses": 0, "sellingAndMarketingExpenses": 0, "sellingGeneralAndAdministrativeExpenses": 2098000000, "otherExpenses": 682000000, "operatingExpenses": 2780000000, "costAndExpenses": 14098000000, "interestIncome": 0, "interestExpense": 0, "depreciationAndAmortization": 682000000, "ebitda": 2509000000, "ebitdaratio": 0.156110005, "operatingIncome": 1974000000, "operatingIncomeRatio": 0.1228222997, "totalOtherIncomeExpensesNet": 147000000, "incomeBeforeTax": 1637000000, "incomeBeforeTaxRatio": 0.1018541563, "incomeTaxExpense": 501000000, "netIncome": 1136000000, "netIncomeRatio": 0.0706819313, "eps": 1.43, "epsdiluted": 1.42, "weightedAverageShsOut": 794405594, "weightedAverageShsOutDil": 800000000, "link": "https://www.sec.gov/Archives/edgar/data/18230/000095013196000892/0000950131-96-000892-index.html", "finalLink": "https://www.sec.gov/Archives/edgar/data/18230/", "calculatedOtherExpenses": 682000000, "calculatedOperatingExpenses": 2780000000, "calculatedNetInterest": 0, "calculatedOtherIncome": -337000000, "calculatedIncomeNonControlling": 0, "calculatedEbitda": 2656000000}, {"date": "1994-12-31", "symbol": "CAT", "reportedCurrency": "USD", "cik": "0000018230", "fillingDate": "1995-02-23", "acceptedDate": "1995-02-23 00:00:00", "calendarYear": "1994", "period": "FY", "revenue": 14328000000, "costOfRevenue": 10151000000, "grossProfit": 4177000000, "grossProfitRatio": 0.2915270798, "researchAndDevelopmentExpenses": 0, "generalAndAdministrativeExpenses": 0, "sellingAndMarketingExpenses": 0, "sellingGeneralAndAdministrativeExpenses": 1850000000, "otherExpenses": 683000000, "operatingExpenses": 2533000000, "costAndExpenses": 12684000000, "interestIncome": 0, "interestExpense": 0, "depreciationAndAmortization": 683000000, "ebitda": 2252000000, "ebitdaratio": 0.1571747627, "operatingIncome": 1644000000, "operatingIncomeRatio": 0.1147403685, "totalOtherIncomeExpensesNet": 75000000, "incomeBeforeTax": 1309000000, "incomeBeforeTaxRatio": 0.0913595757, "incomeTaxExpense": 354000000, "netIncome": 955000000, "netIncomeRatio": 0.066652708, "eps": 1.18, "epsdiluted": 1.16, "weightedAverageShsOut": 812765957, "weightedAverageShsOutDil": 822400000, "link": "https://www.sec.gov/Archives/edgar/data/18230/000095013195000431/0000950131-95-000431-index.html", "finalLink": "https://www.sec.gov/Archives/edgar/data/18230/", "calculatedOtherExpenses": 683000000, "calculatedOperatingExpenses": 2533000000, "calculatedNetInterest": 0, "calculatedOtherIncome": -335000000, "calculatedIncomeNonControlling": 0, "calculatedEbitda": 2327000000}, {"date": "1993-12-31", "symbol": "CAT", "reportedCurrency": "USD", "cik": "0000018230", "fillingDate": "1994-03-02", "acceptedDate": "1994-03-02 00:00:00", "calendarYear": "1993", "period": "FY", "revenue": 11615000000, "costOfRevenue": 8407000000, "grossProfit": 3208000000, "grossProfitRatio": 0.276194576, "researchAndDevelopmentExpenses": 0, "generalAndAdministrativeExpenses": 0, "sellingAndMarketingExpenses": 0, "sellingGeneralAndAdministrativeExpenses": 1742000000, "otherExpenses": 668000000, "operatingExpenses": 2410000000, "costAndExpenses": 10817000000, "interestIncome": 0, "interestExpense": 0, "depreciationAndAmortization": 668000000, "ebitda": 1101000000, "ebitdaratio": 0.0947912183, "operatingIncome": 798000000, "operatingIncomeRatio": 0.0687042617, "totalOtherIncomeExpensesNet": 365000000, "incomeBeforeTax": 723000000, "incomeBeforeTaxRatio": 0.0622470943, "incomeTaxExpense": 42000000, "netIncome": 652000000, "netIncomeRatio": 0.0561343091, "eps": 0.76, "epsdiluted": 0.76, "weightedAverageShsOut": 852287582, "weightedAverageShsOutDil": 857894737, "link": "https://www.sec.gov/Archives/edgar/data/18230/000001823094000007/0000018230-94-000007-index.html", "finalLink": "https://www.sec.gov/Archives/edgar/data/18230/", "calculatedOtherExpenses": 668000000, "calculatedOperatingExpenses": 2410000000, "calculatedNetInterest": 0, "calculatedOtherIncome": -75000000, "calculatedIncomeNonControlling": 29000000, "calculatedEbitda": 1466000000}, {"date": "1992-12-31", "symbol": "CAT", "reportedCurrency": "USD", "cik": "0000018230", "fillingDate": "1992-12-31", "acceptedDate": "1992-12-30 19:00:00", "calendarYear": "1992", "period": "FY", "revenue": 10194000000, "costOfRevenue": 7790000000, "grossProfit": 2404000000, "grossProfitRatio": 0.2358249951, "researchAndDevelopmentExpenses": 0, "generalAndAdministrativeExpenses": 0, "sellingAndMarketingExpenses": 0, "sellingGeneralAndAdministrativeExpenses": 1719000000, "otherExpenses": 654000000, "operatingExpenses": 2373000000, "costAndExpenses": 10163000000, "interestIncome": 0, "interestExpense": 0, "depreciationAndAmortization": 654000000, "ebitda": 551000000, "ebitdaratio": 0.0540514028, "operatingIncome": 31000000, "operatingIncomeRatio": 0.0030410045, "totalOtherIncomeExpensesNet": 134000000, "incomeBeforeTax": -332000000, "incomeBeforeTaxRatio": -0.0325681774, "incomeTaxExpense": -114000000, "netIncome": -2435000000, "netIncomeRatio": -0.2388659996, "eps": -3.02, "epsdiluted": -3.02, "weightedAverageShsOut": 807628524, "weightedAverageShsOutDil": 807628524, "link": "", "finalLink": "", "calculatedOtherExpenses": 654000000, "calculatedOperatingExpenses": 2373000000, "calculatedNetInterest": 0, "calculatedOtherIncome": -363000000, "calculatedIncomeNonControlling": 2217000000, "calculatedEbitda": 685000000}, {"date": "1991-12-31", "symbol": "CAT", "reportedCurrency": "USD", "cik": "0000018230", "fillingDate": "1991-12-31", "acceptedDate": "1991-12-30 19:00:00", "calendarYear": "1991", "period": "FY", "revenue": 10182000000, "costOfRevenue": 7849000000, "grossProfit": 2333000000, "grossProfitRatio": 0.229129837, "researchAndDevelopmentExpenses": 0, "generalAndAdministrativeExpenses": 0, "sellingAndMarketingExpenses": 0, "sellingGeneralAndAdministrativeExpenses": 1911000000, "otherExpenses": 602000000, "operatingExpenses": 2513000000, "costAndExpenses": 10362000000, "interestIncome": 0, "interestExpense": 0, "depreciationAndAmortization": 602000000, "ebitda": 329000000, "ebitdaratio": 0.032311923, "operatingIncome": -180000000, "operatingIncomeRatio": -0.0176782557, "totalOtherIncomeExpensesNet": 93000000, "incomeBeforeTax": -556000000, "incomeBeforeTaxRatio": -0.0546061677, "incomeTaxExpense": -152000000, "netIncome": -404000000, "netIncomeRatio": -0.0396778629, "eps": -0.5, "epsdiluted": -0.5, "weightedAverageShsOut": 808000000, "weightedAverageShsOutDil": 808000000, "link": "", "finalLink": "", "calculatedOtherExpenses": 602000000, "calculatedOperatingExpenses": 2513000000, "calculatedNetInterest": 0, "calculatedOtherIncome": -376000000, "calculatedIncomeNonControlling": 0, "calculatedEbitda": 422000000}, {"date": "1990-12-31", "symbol": "CAT", "reportedCurrency": "USD", "cik": "0000018230", "fillingDate": "1990-12-31", "acceptedDate": "1990-12-30 19:00:00", "calendarYear": "1990", "period": "FY", "revenue": 11436000000, "costOfRevenue": 8685000000, "grossProfit": 2751000000, "grossProfitRatio": 0.2405561385, "researchAndDevelopmentExpenses": 0, "generalAndAdministrativeExpenses": 0, "sellingAndMarketingExpenses": 0, "sellingGeneralAndAdministrativeExpenses": 1676000000, "otherExpenses": 533000000, "operatingExpenses": 2209000000, "costAndExpenses": 10894000000, "interestIncome": 0, "interestExpense": 0, "depreciationAndAmortization": 533000000, "ebitda": 923000000, "ebitdaratio": 0.0807100385, "operatingIncome": 542000000, "operatingIncomeRatio": 0.0473941938, "totalOtherIncomeExpensesNet": 152000000, "incomeBeforeTax": 288000000, "incomeBeforeTaxRatio": 0.0251836306, "incomeTaxExpense": 78000000, "netIncome": 210000000, "netIncomeRatio": 0.018363064, "eps": 0.26, "epsdiluted": 0.26, "weightedAverageShsOut": 807692308, "weightedAverageShsOutDil": 807692308, "link": "", "finalLink": "", "calculatedOtherExpenses": 533000000, "calculatedOperatingExpenses": 2209000000, "calculatedNetInterest": 0, "calculatedOtherIncome": -254000000, "calculatedIncomeNonControlling": 0, "calculatedEbitda": 1075000000}, {"date": "1989-12-31", "symbol": "CAT", "reportedCurrency": "USD", "cik": "0000018230", "fillingDate": "1989-12-31", "acceptedDate": "1989-12-30 19:00:00", "calendarYear": "1989", "period": "FY", "revenue": 11126000000, "costOfRevenue": 8256000000, "grossProfit": 2870000000, "grossProfitRatio": 0.2579543412, "researchAndDevelopmentExpenses": 0, "generalAndAdministrativeExpenses": 0, "sellingAndMarketingExpenses": 0, "sellingGeneralAndAdministrativeExpenses": 1573000000, "otherExpenses": 471000000, "operatingExpenses": 2044000000, "costAndExpenses": 10300000000, "interestIncome": 0, "interestExpense": 0, "depreciationAndAmortization": 471000000, "ebitda": 1092000000, "ebitdaratio": 0.098148481, "operatingIncome": 826000000, "operatingIncomeRatio": 0.0742405177, "totalOtherIncomeExpensesNet": 205000000, "incomeBeforeTax": 659000000, "incomeBeforeTaxRatio": 0.059230631, "incomeTaxExpense": 162000000, "netIncome": 497000000, "netIncomeRatio": 0.044670142, "eps": 0.62, "epsdiluted": 0.62, "weightedAverageShsOut": 808130081, "weightedAverageShsOutDil": 808130081, "link": "", "finalLink": "", "calculatedOtherExpenses": 471000000, "calculatedOperatingExpenses": 2044000000, "calculatedNetInterest": 0, "calculatedOtherIncome": -167000000, "calculatedIncomeNonControlling": 0, "calculatedEbitda": 1297000000}, {"date": "1988-12-31", "symbol": "CAT", "reportedCurrency": "USD", "cik": "0000018230", "fillingDate": "1988-12-31", "acceptedDate": "1988-12-30 19:00:00", "calendarYear": "1988", "period": "FY", "revenue": 10435000000, "costOfRevenue": 7577000000, "grossProfit": 2858000000, "grossProfitRatio": 0.2738859607, "researchAndDevelopmentExpenses": 0, "generalAndAdministrativeExpenses": 0, "sellingAndMarketingExpenses": 0, "sellingGeneralAndAdministrativeExpenses": 1424000000, "otherExpenses": 434000000, "operatingExpenses": 1858000000, "costAndExpenses": 9435000000, "interestIncome": 0, "interestExpense": 0, "depreciationAndAmortization": 434000000, "ebitda": 1216000000, "ebitdaratio": 0.1165309056, "operatingIncome": 1000000000, "operatingIncomeRatio": 0.0958313368, "totalOtherIncomeExpensesNet": 218000000, "incomeBeforeTax": 878000000, "incomeBeforeTaxRatio": 0.0841399138, "incomeTaxExpense": 262000000, "netIncome": 616000000, "netIncomeRatio": 0.0590321035, "eps": 0.76, "epsdiluted": 0.76, "weightedAverageShsOut": 810526316, "weightedAverageShsOutDil": 810526316, "link": "", "finalLink": "", "calculatedOtherExpenses": 434000000, "calculatedOperatingExpenses": 1858000000, "calculatedNetInterest": 0, "calculatedOtherIncome": -122000000, "calculatedIncomeNonControlling": 0, "calculatedEbitda": 1434000000}, {"date": "1987-12-31", "symbol": "CAT", "reportedCurrency": "USD", "cik": "0000018230", "fillingDate": "1987-12-31", "acceptedDate": "1987-12-30 19:00:00", "calendarYear": "1987", "period": "FY", "revenue": 8180000000, "costOfRevenue": 6120000000, "grossProfit": 2060000000, "grossProfitRatio": 0.2518337408, "researchAndDevelopmentExpenses": 0, "generalAndAdministrativeExpenses": 0, "sellingAndMarketingExpenses": 0, "sellingGeneralAndAdministrativeExpenses": 1175000000, "otherExpenses": 403000000, "operatingExpenses": 1578000000, "costAndExpenses": 7698000000, "interestIncome": 0, "interestExpense": 0, "depreciationAndAmortization": 403000000, "ebitda": 723000000, "ebitdaratio": 0.0883863081, "operatingIncome": 482000000, "operatingIncomeRatio": 0.0589242054, "totalOtherIncomeExpensesNet": 162000000, "incomeBeforeTax": 435000000, "incomeBeforeTaxRatio": 0.0531784841, "incomeTaxExpense": 116000000, "netIncome": 319000000, "netIncomeRatio": 0.038997555, "eps": 0.4, "epsdiluted": 0.4, "weightedAverageShsOut": 797500000, "weightedAverageShsOutDil": 797500000, "link": "", "finalLink": "", "calculatedOtherExpenses": 403000000, "calculatedOperatingExpenses": 1578000000, "calculatedNetInterest": 0, "calculatedOtherIncome": -47000000, "calculatedIncomeNonControlling": 0, "calculatedEbitda": 885000000}, {"date": "1986-12-31", "symbol": "CAT", "reportedCurrency": "USD", "cik": "0000018230", "fillingDate": "1986-12-31", "acceptedDate": "1986-12-30 19:00:00", "calendarYear": "1986", "period": "FY", "revenue": 7321000000, "costOfRevenue": 5516000000, "grossProfit": 1805000000, "grossProfitRatio": 0.2465510176, "researchAndDevelopmentExpenses": 0, "generalAndAdministrativeExpenses": 0, "sellingAndMarketingExpenses": 0, "sellingGeneralAndAdministrativeExpenses": 1120000000, "otherExpenses": 436000000, "operatingExpenses": 1556000000, "costAndExpenses": 7072000000, "interestIncome": 0, "interestExpense": 0, "depreciationAndAmortization": 436000000, "ebitda": 638000000, "ebitdaratio": 0.0871465647, "operatingIncome": 249000000, "operatingIncomeRatio": 0.034011747, "totalOtherIncomeExpensesNet": 47000000, "incomeBeforeTax": 99000000, "incomeBeforeTaxRatio": 0.0135227428, "incomeTaxExpense": 23000000, "netIncome": 76000000, "netIncomeRatio": 0.0103810955, "eps": 0.1, "epsdiluted": 0.1, "weightedAverageShsOut": 760000000, "weightedAverageShsOutDil": 760000000, "link": "", "finalLink": "", "calculatedOtherExpenses": 436000000, "calculatedOperatingExpenses": 1556000000, "calculatedNetInterest": 0, "calculatedOtherIncome": -150000000, "calculatedIncomeNonControlling": 0, "calculatedEbitda": 685000000}, {"date": "1985-12-31", "symbol": "CAT", "reportedCurrency": "USD", "cik": "0000018230", "fillingDate": "1985-12-31", "acceptedDate": "1985-12-30 19:00:00", "calendarYear": "1985", "period": "FY", "revenue": 6725000000, "costOfRevenue": 4880000000, "grossProfit": 1845000000, "grossProfitRatio": 0.2743494424, "researchAndDevelopmentExpenses": 0, "generalAndAdministrativeExpenses": 0, "sellingAndMarketingExpenses": 0, "sellingGeneralAndAdministrativeExpenses": 1067000000, "otherExpenses": 476000000, "operatingExpenses": 1543000000, "costAndExpenses": 6423000000, "interestIncome": 0, "interestExpense": 0, "depreciationAndAmortization": 476000000, "ebitda": 621000000, "ebitdaratio": 0.0923420074, "operatingIncome": 302000000, "operatingIncomeRatio": 0.0449070632, "totalOtherIncomeExpensesNet": 157000000, "incomeBeforeTax": 225000000, "incomeBeforeTaxRatio": 0.0334572491, "incomeTaxExpense": 27000000, "netIncome": 198000000, "netIncomeRatio": 0.0294423792, "eps": 0.26, "epsdiluted": 0.26, "weightedAverageShsOut": 776470588, "weightedAverageShsOutDil": 776470588, "link": "", "finalLink": "", "calculatedOtherExpenses": 476000000, "calculatedOperatingExpenses": 1543000000, "calculatedNetInterest": 0, "calculatedOtherIncome": -77000000, "calculatedIncomeNonControlling": 0, "calculatedEbitda": 778000000}]}