{"originalCurrency": "USD", "convertedCurrency": "USD", "report": [{"date": "2023-12-31", "symbol": "CATY", "reportedCurrency": "USD", "cik": "0000861842", "fillingDate": "2024-02-29", "acceptedDate": "2024-02-28 17:48:37", "calendarYear": "2023", "period": "FY", "revenue": 1301818000, "costOfRevenue": -7935000, "grossProfit": 1309753000, "grossProfitRatio": 1.0060953221, "researchAndDevelopmentExpenses": 0, "generalAndAdministrativeExpenses": 177737000, "sellingAndMarketingExpenses": 5887000, "sellingGeneralAndAdministrativeExpenses": 183624000, "otherExpenses": -175416000, "operatingExpenses": 175416000, "costAndExpenses": 897565000, "interestIncome": 1242222000, "interestExpense": 32514000, "depreciationAndAmortization": 18104000, "ebitda": 1310000, "ebitdaratio": 0.0010062851, "operatingIncome": 22390000, "operatingIncomeRatio": 0.0171990247, "totalOtherIncomeExpensesNet": 403582000, "incomeBeforeTax": 403582000, "incomeBeforeTaxRatio": 0.3100141494, "incomeTaxExpense": 49458000, "netIncome": 354124000, "netIncomeRatio": 0.2720226637, "eps": 4.88, "epsdiluted": 4.86, "weightedAverageShsOut": 72573025, "weightedAverageShsOutDil": 72862628, "link": "https://www.sec.gov/Archives/edgar/data/861842/000143774924005948/0001437749-24-005948-index.htm", "finalLink": "https://www.sec.gov/Archives/edgar/data/861842/000143774924005948/caty20231231_10k.htm", "calculatedOtherExpenses": 1103739000, "calculatedOperatingExpenses": 1287363000, "calculatedNetInterest": 1209708000, "calculatedOtherIncome": -828516000, "calculatedIncomeNonControlling": 0, "calculatedEbitda": 40494000}, {"date": "2022-12-31", "symbol": "CATY", "reportedCurrency": "USD", "cik": "0000861842", "fillingDate": "2023-02-28", "acceptedDate": "2023-02-28 17:31:14", "calendarYear": "2022", "period": "FY", "revenue": 790511000, "costOfRevenue": 0, "grossProfit": 790511000, "grossProfitRatio": 1, "researchAndDevelopmentExpenses": 0, "generalAndAdministrativeExpenses": 150583000, "sellingAndMarketingExpenses": 6863000, "sellingGeneralAndAdministrativeExpenses": 157446000, "otherExpenses": -121853000, "operatingExpenses": 6863000, "costAndExpenses": 6863000, "interestIncome": 851281000, "interestExpense": 117584000, "depreciationAndAmortization": 1892000, "ebitda": 592012000, "ebitdaratio": 0.7488978648, "operatingIncome": 590120000, "operatingIncomeRatio": 0.7465044762, "totalOtherIncomeExpensesNet": -117584000, "incomeBeforeTax": 472536000, "incomeBeforeTaxRatio": 0.597760183, "incomeTaxExpense": 111894000, "netIncome": 360642000, "netIncomeRatio": 0.4562137655, "eps": 4.85, "epsdiluted": 4.83, "weightedAverageShsOut": 74337265, "weightedAverageShsOutDil": 74664735, "link": "https://www.sec.gov/Archives/edgar/data/861842/000143774923004952/0001437749-23-004952-index.htm", "finalLink": "https://www.sec.gov/Archives/edgar/data/861842/000143774923004952/caty20221231_10k.htm", "calculatedOtherExpenses": 42945000, "calculatedOperatingExpenses": 200391000, "calculatedNetInterest": 733697000, "calculatedOtherIncome": -851281000, "calculatedIncomeNonControlling": 0, "calculatedEbitda": 592012000}, {"date": "2021-12-31", "symbol": "CATY", "reportedCurrency": "USD", "cik": "0000861842", "fillingDate": "2022-03-01", "acceptedDate": "2022-02-28 20:23:30", "calendarYear": "2021", "period": "FY", "revenue": 652358000, "costOfRevenue": 0, "grossProfit": 652358000, "grossProfitRatio": 1, "researchAndDevelopmentExpenses": 0, "generalAndAdministrativeExpenses": 153534000, "sellingAndMarketingExpenses": 6913000, "sellingGeneralAndAdministrativeExpenses": 160447000, "otherExpenses": -430962000, "operatingExpenses": -270515000, "costAndExpenses": -270515000, "interestIncome": 666511000, "interestExpense": 68756000, "depreciationAndAmortization": 687000, "ebitda": 382530000, "ebitdaratio": 0.5863804843, "operatingIncome": 381843000, "operatingIncomeRatio": 0.5853273816, "totalOtherIncomeExpensesNet": 339354000, "incomeBeforeTax": 381843000, "incomeBeforeTaxRatio": 0.5853273816, "incomeTaxExpense": 83539000, "netIncome": 298304000, "netIncomeRatio": 0.4572703945, "eps": 3.81, "epsdiluted": 3.8, "weightedAverageShsOut": 78268369, "weightedAverageShsOutDil": 78570638, "link": "https://www.sec.gov/Archives/edgar/data/861842/000143774922004752/0001437749-22-004752-index.htm", "finalLink": "https://www.sec.gov/Archives/edgar/data/861842/000143774922004752/caty20211231_10k.htm", "calculatedOtherExpenses": 110068000, "calculatedOperatingExpenses": 270515000, "calculatedNetInterest": 597755000, "calculatedOtherIncome": -597755000, "calculatedIncomeNonControlling": 0, "calculatedEbitda": 382530000}, {"date": "2020-12-31", "symbol": "CATY", "reportedCurrency": "USD", "cik": "0000861842", "fillingDate": "2021-03-01", "acceptedDate": "2021-02-26 19:47:59", "calendarYear": "2020", "period": "FY", "revenue": 594930000, "costOfRevenue": 0, "grossProfit": 594930000, "grossProfitRatio": 1, "researchAndDevelopmentExpenses": 0, "generalAndAdministrativeExpenses": 147918000, "sellingAndMarketingExpenses": 5224000, "sellingGeneralAndAdministrativeExpenses": 153142000, "otherExpenses": -494107000, "operatingExpenses": -340965000, "costAndExpenses": -340965000, "interestIncome": 700574000, "interestExpense": 148464000, "depreciationAndAmortization": 687000, "ebitda": 254652000, "ebitdaratio": 0.4280369119, "operatingIncome": 253965000, "operatingIncomeRatio": 0.4268821542, "totalOtherIncomeExpensesNet": 223382000, "incomeBeforeTax": 253965000, "incomeBeforeTaxRatio": 0.4268821542, "incomeTaxExpense": 25105000, "netIncome": 228860000, "netIncomeRatio": 0.3846839124, "eps": 2.88, "epsdiluted": 2.87, "weightedAverageShsOut": 79584560, "weightedAverageShsOutDil": 79777847, "link": "https://www.sec.gov/Archives/edgar/data/861842/000143774921004299/0001437749-21-004299-index.htm", "finalLink": "https://www.sec.gov/Archives/edgar/data/861842/000143774921004299/caty20201231_10k.htm", "calculatedOtherExpenses": 187823000, "calculatedOperatingExpenses": 340965000, "calculatedNetInterest": 552110000, "calculatedOtherIncome": -552110000, "calculatedIncomeNonControlling": 0, "calculatedEbitda": 254652000}, {"date": "2019-12-31", "symbol": "CATY", "reportedCurrency": "USD", "cik": "0000861842", "fillingDate": "2020-03-02", "acceptedDate": "2020-02-28 18:01:05", "calendarYear": "2019", "period": "FY", "revenue": 619657000, "costOfRevenue": 0, "grossProfit": 619657000, "grossProfitRatio": 1, "researchAndDevelopmentExpenses": 0, "generalAndAdministrativeExpenses": 152127000, "sellingAndMarketingExpenses": 7585000, "sellingGeneralAndAdministrativeExpenses": 159712000, "otherExpenses": -430000000, "operatingExpenses": -270288000, "costAndExpenses": -270288000, "interestIncome": 769267000, "interestExpense": 194361000, "depreciationAndAmortization": 687000, "ebitda": 350056000, "ebitdaratio": 0.5649189794, "operatingIncome": 349369000, "operatingIncomeRatio": 0.5638103015, "totalOtherIncomeExpensesNet": 321735000, "incomeBeforeTax": 349369000, "incomeBeforeTaxRatio": 0.5638103015, "incomeTaxExpense": 70234000, "netIncome": 279135000, "netIncomeRatio": 0.4504669519, "eps": 3.49, "epsdiluted": 3.48, "weightedAverageShsOut": 79999703, "weightedAverageShsOutDil": 80247893, "link": "https://www.sec.gov/Archives/edgar/data/861842/000143774920003977/0001437749-20-003977-index.htm", "finalLink": "https://www.sec.gov/Archives/edgar/data/861842/000143774920003977/caty20191231_10k.htm", "calculatedOtherExpenses": 110576000, "calculatedOperatingExpenses": 270288000, "calculatedNetInterest": 574906000, "calculatedOtherIncome": -574906000, "calculatedIncomeNonControlling": 0, "calculatedEbitda": 350056000}, {"date": "2018-12-31", "symbol": "CATY", "reportedCurrency": "USD", "cik": "0000861842", "fillingDate": "2019-03-04", "acceptedDate": "2019-03-04 15:26:12", "calendarYear": "2018", "period": "FY", "revenue": 596907000, "costOfRevenue": -359000, "grossProfit": 597266000, "grossProfitRatio": 1.0006014337, "researchAndDevelopmentExpenses": 0, "generalAndAdministrativeExpenses": 145381000, "sellingAndMarketingExpenses": 7837000, "sellingGeneralAndAdministrativeExpenses": 153218000, "otherExpenses": -290275000, "operatingExpenses": -137523000, "costAndExpenses": -137523000, "interestIncome": 687955000, "interestExpense": 122056000, "depreciationAndAmortization": 876000, "ebitda": 467057000, "ebitdaratio": 0.7824619246, "operatingIncome": 459743000, "operatingIncomeRatio": 0.7702087595, "totalOtherIncomeExpensesNet": -122056000, "incomeBeforeTax": 338211000, "incomeBeforeTaxRatio": 0.5666058532, "incomeTaxExpense": 66034000, "netIncome": 272177000, "netIncomeRatio": 0.4559789046, "eps": 3.35, "epsdiluted": 3.34, "weightedAverageShsOut": 81131269, "weightedAverageShsOutDil": 81607346, "link": "https://www.sec.gov/Archives/edgar/data/861842/000143774919003923/0001437749-19-003923-index.htm", "finalLink": "https://www.sec.gov/Archives/edgar/data/861842/000143774919003923/caty20181231_10k.htm", "calculatedOtherExpenses": -15695000, "calculatedOperatingExpenses": 137523000, "calculatedNetInterest": 565899000, "calculatedOtherIncome": -687431000, "calculatedIncomeNonControlling": 0, "calculatedEbitda": 460619000}, {"date": "2017-12-31", "symbol": "CATY", "reportedCurrency": "USD", "cik": "0000861842", "fillingDate": "2018-03-01", "acceptedDate": "2018-03-01 16:29:54", "calendarYear": "2017", "period": "FY", "revenue": 526378000, "costOfRevenue": 0, "grossProfit": 526378000, "grossProfitRatio": 1, "researchAndDevelopmentExpenses": 0, "generalAndAdministrativeExpenses": 131281000, "sellingAndMarketingExpenses": 6200000, "sellingGeneralAndAdministrativeExpenses": 137481000, "otherExpenses": -92994000, "operatingExpenses": 6200000, "costAndExpenses": 6200000, "interestIncome": 576151000, "interestExpense": 80442000, "depreciationAndAmortization": 930000, "ebitda": 386014000, "ebitdaratio": 0.7333399192, "operatingIncome": 19179000, "operatingIncomeRatio": 0.0364357933, "totalOtherIncomeExpensesNet": 279128000, "incomeBeforeTax": 298307000, "incomeBeforeTaxRatio": 0.5667163141, "incomeTaxExpense": 122265000, "netIncome": 176042000, "netIncomeRatio": 0.3344402692, "eps": 2.19, "epsdiluted": 2.17, "weightedAverageShsOut": 80262782, "weightedAverageShsOutDil": 81004550, "link": "https://www.sec.gov/Archives/edgar/data/861842/000143774918003646/0001437749-18-003646-index.htm", "finalLink": "https://www.sec.gov/Archives/edgar/data/861842/000143774918003646/caty20171231_10k.htm", "calculatedOtherExpenses": 369718000, "calculatedOperatingExpenses": 507199000, "calculatedNetInterest": 495709000, "calculatedOtherIncome": -216581000, "calculatedIncomeNonControlling": 0, "calculatedEbitda": 20109000}, {"date": "2016-12-31", "symbol": "CATY", "reportedCurrency": "USD", "cik": "0000861842", "fillingDate": "2017-03-01", "acceptedDate": "2017-03-01 16:41:32", "calendarYear": "2016", "period": "FY", "revenue": 451240000, "costOfRevenue": 0, "grossProfit": 451240000, "grossProfitRatio": 1, "researchAndDevelopmentExpenses": 0, "generalAndAdministrativeExpenses": 116017000, "sellingAndMarketingExpenses": 5092000, "sellingGeneralAndAdministrativeExpenses": 121109000, "otherExpenses": -98394000, "operatingExpenses": 5092000, "costAndExpenses": 5092000, "interestIncome": 499070000, "interestExpense": 81200000, "depreciationAndAmortization": 689000, "ebitda": 330890000, "ebitdaratio": 0.7332904884, "operatingIncome": 18055000, "operatingIncomeRatio": 0.040011967, "totalOtherIncomeExpensesNet": 224145000, "incomeBeforeTax": 242200000, "incomeBeforeTaxRatio": 0.5367431965, "incomeTaxExpense": 67101000, "netIncome": 175099000, "netIncomeRatio": 0.3880396241, "eps": 2.21, "epsdiluted": 2.19, "weightedAverageShsOut": 79153762, "weightedAverageShsOutDil": 79929262, "link": "https://www.sec.gov/Archives/edgar/data/861842/000143774917003556/0001437749-17-003556-index.htm", "finalLink": "https://www.sec.gov/Archives/edgar/data/861842/000143774917003556/caty20161231_10k.htm", "calculatedOtherExpenses": 312076000, "calculatedOperatingExpenses": 433185000, "calculatedNetInterest": 417870000, "calculatedOtherIncome": -193725000, "calculatedIncomeNonControlling": 0, "calculatedEbitda": 18744000}, {"date": "2015-12-31", "symbol": "CATY", "reportedCurrency": "USD", "cik": "0000861842", "fillingDate": "2016-02-29", "acceptedDate": "2016-02-29 16:19:59", "calendarYear": "2015", "period": "FY", "revenue": 412416000, "costOfRevenue": 0, "grossProfit": 412416000, "grossProfitRatio": 1, "researchAndDevelopmentExpenses": 0, "generalAndAdministrativeExpenses": 99047000, "sellingAndMarketingExpenses": 4926000, "sellingGeneralAndAdministrativeExpenses": 103973000, "otherExpenses": 0, "operatingExpenses": 4926000, "costAndExpenses": 4926000, "interestIncome": 453706000, "interestExpense": 73964000, "depreciationAndAmortization": 667000, "ebitda": 302634000, "ebitdaratio": 0.7338076117, "operatingIncome": 25130000, "operatingIncomeRatio": 0.0609336204, "totalOtherIncomeExpensesNet": 195966000, "incomeBeforeTax": 221096000, "incomeBeforeTaxRatio": 0.5360994724, "incomeTaxExpense": 59987000, "netIncome": 161109000, "netIncomeRatio": 0.3906468226, "eps": 2, "epsdiluted": 1.98, "weightedAverageShsOut": 80563577, "weightedAverageShsOutDil": 81294796, "link": "https://www.sec.gov/Archives/edgar/data/861842/000143774916026345/0001437749-16-026345-index.htm", "finalLink": "https://www.sec.gov/Archives/edgar/data/861842/000143774916026345/caty20151231_10k.htm", "calculatedOtherExpenses": 283313000, "calculatedOperatingExpenses": 387286000, "calculatedNetInterest": 379742000, "calculatedOtherIncome": -183776000, "calculatedIncomeNonControlling": 0, "calculatedEbitda": 25797000}, {"date": "2014-12-31", "symbol": "CATY", "reportedCurrency": "USD", "cik": "0000861842", "fillingDate": "2015-03-02", "acceptedDate": "2015-02-27 19:39:36", "calendarYear": "2014", "period": "FY", "revenue": 383308000, "costOfRevenue": 0, "grossProfit": 383308000, "grossProfitRatio": 1, "researchAndDevelopmentExpenses": 0, "generalAndAdministrativeExpenses": 98689000, "sellingAndMarketingExpenses": 4126000, "sellingGeneralAndAdministrativeExpenses": 102815000, "otherExpenses": 0, "operatingExpenses": 4126000, "costAndExpenses": 4126000, "interestIncome": 418647000, "interestExpense": 75866000, "depreciationAndAmortization": 719000, "ebitda": 303529000, "ebitdaratio": 0.7918671147, "operatingIncome": 22448000, "operatingIncomeRatio": 0.0585638703, "totalOtherIncomeExpensesNet": 197347000, "incomeBeforeTax": 219795000, "incomeBeforeTaxRatio": 0.5734161562, "incomeTaxExpense": 81965000, "netIncome": 137830000, "netIncomeRatio": 0.3595802853, "eps": 1.73, "epsdiluted": 1.72, "weightedAverageShsOut": 79661571, "weightedAverageShsOutDil": 80106895, "link": "https://www.sec.gov/Archives/edgar/data/861842/000143774915003707/0001437749-15-003707-index.htm", "finalLink": "https://www.sec.gov/Archives/edgar/data/861842/000143774915003707/caty20141231_10k.htm", "calculatedOtherExpenses": 258045000, "calculatedOperatingExpenses": 360860000, "calculatedNetInterest": 342781000, "calculatedOtherIncome": -145434000, "calculatedIncomeNonControlling": 0, "calculatedEbitda": 23167000}, {"date": "2013-12-31", "symbol": "CATY", "reportedCurrency": "USD", "cik": "0000861842", "fillingDate": "2014-03-03", "acceptedDate": "2014-02-28 20:14:17", "calendarYear": "2013", "period": "FY", "revenue": 385003000, "costOfRevenue": 0, "grossProfit": 385003000, "grossProfitRatio": 1, "researchAndDevelopmentExpenses": 0, "generalAndAdministrativeExpenses": 95627000, "sellingAndMarketingExpenses": 3403000, "sellingGeneralAndAdministrativeExpenses": 99030000, "otherExpenses": 0, "operatingExpenses": 3403000, "costAndExpenses": 3403000, "interestIncome": 406996000, "interestExpense": 82300000, "depreciationAndAmortization": 4533000, "ebitda": 287225000, "ebitdaratio": 0.7460331478, "operatingIncome": 20963000, "operatingIncomeRatio": 0.0544489264, "totalOtherIncomeExpensesNet": 173207000, "incomeBeforeTax": 194170000, "incomeBeforeTaxRatio": 0.5043337325, "incomeTaxExpense": 70435000, "netIncome": 123143000, "netIncomeRatio": 0.3198494557, "eps": 1.44, "epsdiluted": 1.43, "weightedAverageShsOut": 78954898, "weightedAverageShsOutDil": 79137983, "link": "https://www.sec.gov/Archives/edgar/data/861842/000143774914003147/0001437749-14-003147-index.htm", "finalLink": "https://www.sec.gov/Archives/edgar/data/861842/000143774914003147/caty20131231_10k.htm", "calculatedOtherExpenses": 265010000, "calculatedOperatingExpenses": 364040000, "calculatedNetInterest": 324696000, "calculatedOtherIncome": -151489000, "calculatedIncomeNonControlling": 592000, "calculatedEbitda": 25496000}, {"date": "2012-12-31", "symbol": "CATY", "reportedCurrency": "USD", "cik": "0000861842", "fillingDate": "2013-03-01", "acceptedDate": "2013-03-01 15:43:50", "calendarYear": "2012", "period": "FY", "revenue": 367760000, "costOfRevenue": 0, "grossProfit": 367760000, "grossProfitRatio": 1, "researchAndDevelopmentExpenses": 0, "generalAndAdministrativeExpenses": 86716000, "sellingAndMarketingExpenses": 4607000, "sellingGeneralAndAdministrativeExpenses": 91323000, "otherExpenses": 0, "operatingExpenses": 4607000, "costAndExpenses": 4607000, "interestIncome": 429744000, "interestExpense": 108491000, "depreciationAndAmortization": 5663000, "ebitda": 303794000, "ebitdaratio": 0.8260659126, "operatingIncome": 16712000, "operatingIncomeRatio": 0.04544268, "totalOtherIncomeExpensesNet": 167459000, "incomeBeforeTax": 184171000, "incomeBeforeTaxRatio": 0.5007912769, "incomeTaxExpense": 66128000, "netIncome": 117438000, "netIncomeRatio": 0.3193332608, "eps": 1.28, "epsdiluted": 1.28, "weightedAverageShsOut": 78719133, "weightedAverageShsOutDil": 78723297, "link": "https://www.sec.gov/Archives/edgar/data/861842/000143774913002186/0001437749-13-002186-index.htm", "finalLink": "https://www.sec.gov/Archives/edgar/data/861842/000143774913002186/caty_10k-123112.htm", "calculatedOtherExpenses": 259725000, "calculatedOperatingExpenses": 351048000, "calculatedNetInterest": 321253000, "calculatedOtherIncome": -153794000, "calculatedIncomeNonControlling": 605000, "calculatedEbitda": 22375000}, {"date": "2011-12-31", "symbol": "CATY", "reportedCurrency": "USD", "cik": "0000861842", "fillingDate": "2012-02-28", "acceptedDate": "2012-02-27 21:42:19", "calendarYear": "2011", "period": "FY", "revenue": 364582000, "costOfRevenue": 0, "grossProfit": 364582000, "grossProfitRatio": 1, "researchAndDevelopmentExpenses": 0, "generalAndAdministrativeExpenses": 84343000, "sellingAndMarketingExpenses": 3175000, "sellingGeneralAndAdministrativeExpenses": 87518000, "otherExpenses": 0, "operatingExpenses": 3175000, "costAndExpenses": 3175000, "interestIncome": 453571000, "interestExpense": 139881000, "depreciationAndAmortization": 5859000, "ebitda": 303336000, "ebitdaratio": 0.8320103571, "operatingIncome": 18697000, "operatingIncomeRatio": 0.0512833876, "totalOtherIncomeExpensesNet": 133319000, "incomeBeforeTax": 152016000, "incomeBeforeTaxRatio": 0.4169596963, "incomeTaxExpense": 51261000, "netIncome": 100150000, "netIncomeRatio": 0.2746981475, "eps": 1.06, "epsdiluted": 1.06, "weightedAverageShsOut": 78633317, "weightedAverageShsOutDil": 78640652, "link": "https://www.sec.gov/Archives/edgar/data/861842/000119312512082651/0001193125-12-082651-index.htm", "finalLink": "https://www.sec.gov/Archives/edgar/data/861842/000119312512082651/d260725d10k.htm", "calculatedOtherExpenses": 258367000, "calculatedOperatingExpenses": 345885000, "calculatedNetInterest": 313690000, "calculatedOtherIncome": -180371000, "calculatedIncomeNonControlling": 605000, "calculatedEbitda": 24556000}, {"date": "2010-12-31", "symbol": "CATY", "reportedCurrency": "USD", "cik": "0000861842", "fillingDate": "2011-02-28", "acceptedDate": "2011-02-25 21:48:20", "calendarYear": "2010", "period": "FY", "revenue": 330157000, "costOfRevenue": 0, "grossProfit": 330157000, "grossProfitRatio": 1, "researchAndDevelopmentExpenses": 0, "generalAndAdministrativeExpenses": 94395000, "sellingAndMarketingExpenses": 3160000, "sellingGeneralAndAdministrativeExpenses": 97555000, "otherExpenses": 0, "operatingExpenses": 3160000, "costAndExpenses": 3160000, "interestIncome": 489594000, "interestExpense": 191688000, "depreciationAndAmortization": 5958000, "ebitda": 199277000, "ebitdaratio": 0.603582538, "operatingIncome": 3870000, "operatingIncomeRatio": 0.011721696, "totalOtherIncomeExpensesNet": -6324000, "incomeBeforeTax": -2454000, "incomeBeforeTaxRatio": -0.0074328274, "incomeTaxExpense": -14629000, "netIncome": 11565000, "netIncomeRatio": 0.0350287893, "eps": -0.06, "epsdiluted": -0.06, "weightedAverageShsOut": 77073954, "weightedAverageShsOutDil": 77073954, "link": "https://www.sec.gov/Archives/edgar/data/861842/000119312511047986/0001193125-11-047986-index.htm", "finalLink": "https://www.sec.gov/Archives/edgar/data/861842/000119312511047986/d10k.htm", "calculatedOtherExpenses": 228732000, "calculatedOperatingExpenses": 326287000, "calculatedNetInterest": 297906000, "calculatedOtherIncome": -304230000, "calculatedIncomeNonControlling": 610000, "calculatedEbitda": 9828000}, {"date": "2009-12-31", "symbol": "CATY", "reportedCurrency": "USD", "cik": "0000861842", "fillingDate": "2010-03-16", "acceptedDate": "2010-03-16 14:47:34", "calendarYear": "2009", "period": "FY", "revenue": 361346000, "costOfRevenue": 0, "grossProfit": 361346000, "grossProfitRatio": 1, "researchAndDevelopmentExpenses": 0, "generalAndAdministrativeExpenses": 60795000, "sellingAndMarketingExpenses": 2593000, "sellingGeneralAndAdministrativeExpenses": 63388000, "otherExpenses": 0, "operatingExpenses": 2593000, "costAndExpenses": 2593000, "interestIncome": 528731000, "interestExpense": 246039000, "depreciationAndAmortization": 6636000, "ebitda": 131135000, "ebitdaratio": 0.3629070199, "operatingIncome": 13588000, "operatingIncomeRatio": 0.0376038478, "totalOtherIncomeExpensesNet": -142279000, "incomeBeforeTax": -128691000, "incomeBeforeTaxRatio": -0.3561434193, "incomeTaxExpense": -61912000, "netIncome": -67390000, "netIncomeRatio": -0.1864971523, "eps": -1.28, "epsdiluted": -1.28, "weightedAverageShsOut": 52629159, "weightedAverageShsOutDil": 52629159, "link": "https://www.sec.gov/Archives/edgar/data/861842/000119312510058205/0001193125-10-058205-index.htm", "finalLink": "https://www.sec.gov/Archives/edgar/data/861842/000119312510058205/d10k.htm", "calculatedOtherExpenses": 284370000, "calculatedOperatingExpenses": 347758000, "calculatedNetInterest": 282692000, "calculatedOtherIncome": -424971000, "calculatedIncomeNonControlling": 611000, "calculatedEbitda": 20224000}, {"date": "2008-12-31", "symbol": "CATY", "reportedCurrency": "USD", "cik": "0000861842", "fillingDate": "2009-03-02", "acceptedDate": "2009-02-27 21:00:37", "calendarYear": "2008", "period": "FY", "revenue": 314054000, "costOfRevenue": 0, "grossProfit": 314054000, "grossProfitRatio": 1, "researchAndDevelopmentExpenses": 0, "generalAndAdministrativeExpenses": 66626000, "sellingAndMarketingExpenses": 3616000, "sellingGeneralAndAdministrativeExpenses": 70242000, "otherExpenses": 0, "operatingExpenses": 3616000, "costAndExpenses": 3616000, "interestIncome": 589951000, "interestExpense": 294804000, "depreciationAndAmortization": 13207000, "ebitda": 378086000, "ebitdaratio": 1.2038885033, "operatingIncome": 14503000, "operatingIncomeRatio": 0.0461799563, "totalOtherIncomeExpensesNet": 55572000, "incomeBeforeTax": 70075000, "incomeBeforeTaxRatio": 0.2231304171, "incomeTaxExpense": 19554000, "netIncome": 50521000, "netIncomeRatio": 0.1608672394, "eps": 1, "epsdiluted": 1, "weightedAverageShsOut": 49414824, "weightedAverageShsOutDil": 49529793, "link": "https://www.sec.gov/Archives/edgar/data/861842/000119312509041390/0001193125-09-041390-index.htm", "finalLink": "https://www.sec.gov/Archives/edgar/data/861842/000119312509041390/d10k.htm", "calculatedOtherExpenses": 229309000, "calculatedOperatingExpenses": 299551000, "calculatedNetInterest": 295147000, "calculatedOtherIncome": -239575000, "calculatedIncomeNonControlling": 0, "calculatedEbitda": 27710000}, {"date": "2007-12-31", "symbol": "CATY", "reportedCurrency": "USD", "cik": "0000861842", "fillingDate": "2008-02-29", "acceptedDate": "2008-02-29 15:12:42", "calendarYear": "2007", "period": "FY", "revenue": 337008000, "costOfRevenue": 0, "grossProfit": 337008000, "grossProfitRatio": 1, "researchAndDevelopmentExpenses": 0, "generalAndAdministrativeExpenses": 68949000, "sellingAndMarketingExpenses": 3309000, "sellingGeneralAndAdministrativeExpenses": 72258000, "otherExpenses": 0, "operatingExpenses": 3309000, "costAndExpenses": 3309000, "interestIncome": 615271000, "interestExpense": 305750000, "depreciationAndAmortization": 13118000, "ebitda": 515528000, "ebitdaratio": 1.5297203627, "operatingIncome": 13247000, "operatingIncomeRatio": 0.0393076722, "totalOtherIncomeExpensesNet": 183413000, "incomeBeforeTax": 196660000, "incomeBeforeTaxRatio": 0.5835469781, "incomeTaxExpense": 71191000, "netIncome": 125469000, "netIncomeRatio": 0.3723027347, "eps": 2.49, "epsdiluted": 2.46, "weightedAverageShsOut": 50418303, "weightedAverageShsOutDil": 50975449, "link": "https://www.sec.gov/Archives/edgar/data/861842/000119312508043511/0001193125-08-043511-index.htm", "finalLink": "https://www.sec.gov/Archives/edgar/data/861842/000119312508043511/d10k.htm", "calculatedOtherExpenses": 251503000, "calculatedOperatingExpenses": 323761000, "calculatedNetInterest": 309521000, "calculatedOtherIncome": -126108000, "calculatedIncomeNonControlling": 0, "calculatedEbitda": 26365000}, {"date": "2006-12-31", "symbol": "CATY", "reportedCurrency": "USD", "cik": "0000861842", "fillingDate": "2007-03-01", "acceptedDate": "2007-03-01 13:49:54", "calendarYear": "2006", "period": "FY", "revenue": 300747000, "costOfRevenue": 0, "grossProfit": 300747000, "grossProfitRatio": 1, "researchAndDevelopmentExpenses": 0, "generalAndAdministrativeExpenses": 62500000, "sellingAndMarketingExpenses": 3459000, "sellingGeneralAndAdministrativeExpenses": 65959000, "otherExpenses": 0, "operatingExpenses": 3459000, "costAndExpenses": 3459000, "interestIncome": 491518000, "interestExpense": 212235000, "depreciationAndAmortization": 13617000, "ebitda": 410681000, "ebitdaratio": 1.3655364808, "operatingIncome": 11055000, "operatingIncomeRatio": 0.0367584714, "totalOtherIncomeExpensesNet": 173774000, "incomeBeforeTax": 184829000, "incomeBeforeTaxRatio": 0.6145663963, "incomeTaxExpense": 67259000, "netIncome": 117570000, "netIncomeRatio": 0.3909265928, "eps": 2.29, "epsdiluted": 2.27, "weightedAverageShsOut": 51234596, "weightedAverageShsOutDil": 51804495, "link": "https://www.sec.gov/Archives/edgar/data/861842/000119312507044042/0001193125-07-044042-index.htm", "finalLink": "https://www.sec.gov/Archives/edgar/data/861842/000119312507044042/d10k.htm", "calculatedOtherExpenses": 223733000, "calculatedOperatingExpenses": 289692000, "calculatedNetInterest": 279283000, "calculatedOtherIncome": -105509000, "calculatedIncomeNonControlling": 0, "calculatedEbitda": 24672000}, {"date": "2005-12-31", "symbol": "CATY", "reportedCurrency": "USD", "cik": "0000861842", "fillingDate": "2006-03-16", "acceptedDate": "2006-03-16 16:22:46", "calendarYear": "2005", "period": "FY", "revenue": 262868000, "costOfRevenue": 0, "grossProfit": 262868000, "grossProfitRatio": 1, "researchAndDevelopmentExpenses": 0, "generalAndAdministrativeExpenses": 52571000, "sellingAndMarketingExpenses": 2488000, "sellingGeneralAndAdministrativeExpenses": 55059000, "otherExpenses": 0, "operatingExpenses": 2488000, "costAndExpenses": 2488000, "interestIncome": 350661000, "interestExpense": 110279000, "depreciationAndAmortization": 15167000, "ebitda": 291927000, "ebitdaratio": 1.1105459774, "operatingIncome": 10237000, "operatingIncomeRatio": 0.0389435002, "totalOtherIncomeExpensesNet": 156244000, "incomeBeforeTax": 166481000, "incomeBeforeTaxRatio": 0.6333254713, "incomeTaxExpense": 62390000, "netIncome": 104091000, "netIncomeRatio": 0.3959820138, "eps": 2.07, "epsdiluted": 2.05, "weightedAverageShsOut": 50373076, "weightedAverageShsOutDil": 50821093, "link": "https://www.sec.gov/Archives/edgar/data/861842/000119312506056738/0001193125-06-056738-index.htm", "finalLink": "https://www.sec.gov/Archives/edgar/data/861842/000119312506056738/d10k.htm", "calculatedOtherExpenses": 197572000, "calculatedOperatingExpenses": 252631000, "calculatedNetInterest": 240382000, "calculatedOtherIncome": -84138000, "calculatedIncomeNonControlling": 0, "calculatedEbitda": 25404000}, {"date": "2004-12-31", "symbol": "CATY", "reportedCurrency": "USD", "cik": "0000861842", "fillingDate": "2005-03-30", "acceptedDate": "2005-03-30 15:40:25", "calendarYear": "2004", "period": "FY", "revenue": 231081000, "costOfRevenue": 0, "grossProfit": 231081000, "grossProfitRatio": 1, "researchAndDevelopmentExpenses": 0, "generalAndAdministrativeExpenses": 49149000, "sellingAndMarketingExpenses": 2474000, "sellingGeneralAndAdministrativeExpenses": 51623000, "otherExpenses": 0, "operatingExpenses": 2474000, "costAndExpenses": 2474000, "interestIncome": 274979000, "interestExpense": 60162000, "depreciationAndAmortization": 16899000, "ebitda": 217483000, "ebitdaratio": 0.9411548332, "operatingIncome": 9057000, "operatingIncomeRatio": 0.0391940488, "totalOtherIncomeExpensesNet": 131365000, "incomeBeforeTax": 140422000, "incomeBeforeTaxRatio": 0.6076743653, "incomeTaxExpense": 53609000, "netIncome": 86813000, "netIncomeRatio": 0.3756821201, "eps": 1.74, "epsdiluted": 1.72, "weightedAverageShsOut": 49869271, "weightedAverageShsOutDil": 50480154, "link": "https://www.sec.gov/Archives/edgar/data/861842/000119312505064991/0001193125-05-064991-index.htm", "finalLink": "https://www.sec.gov/Archives/edgar/data/861842/000119312505064991/d10k.htm", "calculatedOtherExpenses": 170401000, "calculatedOperatingExpenses": 222024000, "calculatedNetInterest": 214817000, "calculatedOtherIncome": -83452000, "calculatedIncomeNonControlling": 0, "calculatedEbitda": 25956000}, {"date": "2003-12-31", "symbol": "CATY", "reportedCurrency": "USD", "cik": "0000861842", "fillingDate": "2004-03-15", "acceptedDate": "2004-03-15 12:09:15", "calendarYear": "2003", "period": "FY", "revenue": 150112000, "costOfRevenue": 0, "grossProfit": 150112000, "grossProfitRatio": 1, "researchAndDevelopmentExpenses": 0, "generalAndAdministrativeExpenses": 32029000, "sellingAndMarketingExpenses": 1638000, "sellingGeneralAndAdministrativeExpenses": 33667000, "otherExpenses": 0, "operatingExpenses": 1638000, "costAndExpenses": 1638000, "interestIncome": 167267000, "interestExpense": 40148000, "depreciationAndAmortization": 10610000, "ebitda": 138580000, "ebitdaratio": 0.9231773609, "operatingIncome": 4768000, "operatingIncomeRatio": 0.0317629503, "totalOtherIncomeExpensesNet": 83054000, "incomeBeforeTax": 87822000, "incomeBeforeTaxRatio": 0.5850431678, "incomeTaxExpense": 32250000, "netIncome": 55572000, "netIncomeRatio": 0.3702035813, "eps": 1.44, "epsdiluted": 1.43, "weightedAverageShsOut": 38713728, "weightedAverageShsOutDil": 39035616, "link": "https://www.sec.gov/Archives/edgar/data/861842/000119312504041806/0001193125-04-041806-index.htm", "finalLink": "https://www.sec.gov/Archives/edgar/data/861842/000119312504041806/d10k.htm", "calculatedOtherExpenses": 111677000, "calculatedOperatingExpenses": 145344000, "calculatedNetInterest": 127119000, "calculatedOtherIncome": -44065000, "calculatedIncomeNonControlling": 0, "calculatedEbitda": 15378000}, {"date": "2002-12-31", "symbol": "CATY", "reportedCurrency": "USD", "cik": "0000861842", "fillingDate": "2003-03-17", "acceptedDate": "2003-03-14 18:38:17", "calendarYear": "2002", "period": "FY", "revenue": 120312000, "costOfRevenue": 0, "grossProfit": 120312000, "grossProfitRatio": 1, "researchAndDevelopmentExpenses": 0, "generalAndAdministrativeExpenses": 25716000, "sellingAndMarketingExpenses": 1405000, "sellingGeneralAndAdministrativeExpenses": 27121000, "otherExpenses": 0, "operatingExpenses": 1405000, "costAndExpenses": 1405000, "interestIncome": 144061000, "interestExpense": 39920000, "depreciationAndAmortization": 2567000, "ebitda": 113482000, "ebitdaratio": 0.9432309329, "operatingIncome": 6543000, "operatingIncomeRatio": 0.0543836026, "totalOtherIncomeExpensesNet": 64452000, "incomeBeforeTax": 70995000, "incomeBeforeTaxRatio": 0.590090764, "incomeTaxExpense": 22295000, "netIncome": 48700000, "netIncomeRatio": 0.404780903, "eps": 1.36, "epsdiluted": 1.35, "weightedAverageShsOut": 35982666, "weightedAverageShsOutDil": 36230238, "link": "https://www.sec.gov/Archives/edgar/data/861842/000095015003000326/0000950150-03-000326-index.htm", "finalLink": "https://www.sec.gov/Archives/edgar/data/861842/000095015003000326/a87970e10vk.htm", "calculatedOtherExpenses": 86648000, "calculatedOperatingExpenses": 113769000, "calculatedNetInterest": 104141000, "calculatedOtherIncome": -39689000, "calculatedIncomeNonControlling": 0, "calculatedEbitda": 9110000}, {"date": "2001-12-31", "symbol": "CATY", "reportedCurrency": "USD", "cik": "0000861842", "fillingDate": "2002-03-14", "acceptedDate": "2002-03-14 00:00:00", "calendarYear": "2001", "period": "FY", "revenue": 107978000, "costOfRevenue": 0, "grossProfit": 107978000, "grossProfitRatio": 1, "researchAndDevelopmentExpenses": 0, "generalAndAdministrativeExpenses": 23689000, "sellingAndMarketingExpenses": 1449000, "sellingGeneralAndAdministrativeExpenses": 25138000, "otherExpenses": 0, "operatingExpenses": 1449000, "costAndExpenses": 1449000, "interestIncome": 159352000, "interestExpense": 66153000, "depreciationAndAmortization": 2911000, "ebitda": 130504000, "ebitdaratio": 1.20861657, "operatingIncome": 5373000, "operatingIncomeRatio": 0.0497601363, "totalOtherIncomeExpensesNet": 56067000, "incomeBeforeTax": 61440000, "incomeBeforeTaxRatio": 0.5690047973, "incomeTaxExpense": 18820000, "netIncome": 42620000, "netIncomeRatio": 0.3947100335, "eps": 1.18, "epsdiluted": 1.18, "weightedAverageShsOut": 36215580, "weightedAverageShsOutDil": 36330520, "link": "https://www.sec.gov/Archives/edgar/data/861842/000095015002000213/0000950150-02-000213-index.htm", "finalLink": "https://www.sec.gov/Archives/edgar/data/861842/000095015002000213/a79485e10-k405.htm", "calculatedOtherExpenses": 77467000, "calculatedOperatingExpenses": 102605000, "calculatedNetInterest": 93199000, "calculatedOtherIncome": -37132000, "calculatedIncomeNonControlling": 0, "calculatedEbitda": 8284000}, {"date": "2000-12-31", "symbol": "CATY", "reportedCurrency": "USD", "cik": "0000861842", "fillingDate": "2001-04-02", "acceptedDate": "2001-04-02 00:00:00", "calendarYear": "2000", "period": "FY", "revenue": 103153000, "costOfRevenue": 0, "grossProfit": 103153000, "grossProfitRatio": 1, "researchAndDevelopmentExpenses": 0, "generalAndAdministrativeExpenses": 22735000, "sellingAndMarketingExpenses": 1172000, "sellingGeneralAndAdministrativeExpenses": 23907000, "otherExpenses": 7545000, "operatingExpenses": 31452000, "costAndExpenses": 31452000, "interestIncome": 164553000, "interestExpense": 74156000, "depreciationAndAmortization": 1389000, "ebitda": 135994000, "ebitdaratio": 1.3183717391, "operatingIncome": 134605000, "operatingIncomeRatio": 1.3049063042, "totalOtherIncomeExpensesNet": -74156000, "incomeBeforeTax": 60449000, "incomeBeforeTaxRatio": 0.5860130098, "incomeTaxExpense": 21862000, "netIncome": 38587000, "netIncomeRatio": 0.3740754026, "eps": 1.07, "epsdiluted": 1.06, "weightedAverageShsOut": 36227004, "weightedAverageShsOutDil": 36295540, "link": "https://www.sec.gov/Archives/edgar/data/861842/000091205701506085/0000912057-01-506085-index.htm", "finalLink": "https://www.sec.gov/Archives/edgar/data/861842/000091205701506085/a2041192z10-k405.txt", "calculatedOtherExpenses": -55359000, "calculatedOperatingExpenses": -31452000, "calculatedNetInterest": 90397000, "calculatedOtherIncome": -164553000, "calculatedIncomeNonControlling": 0, "calculatedEbitda": 135994000}, {"date": "1999-12-31", "symbol": "CATY", "reportedCurrency": "USD", "cik": "0000861842", "fillingDate": "2000-03-29", "acceptedDate": "2000-03-29 00:00:00", "calendarYear": "1999", "period": "FY", "revenue": 84500000, "costOfRevenue": 0, "grossProfit": 84500000, "grossProfitRatio": 1, "researchAndDevelopmentExpenses": 0, "generalAndAdministrativeExpenses": 19200000, "sellingAndMarketingExpenses": 1000000, "sellingGeneralAndAdministrativeExpenses": 20200000, "otherExpenses": 2700000, "operatingExpenses": 22900000, "costAndExpenses": 22900000, "interestIncome": 133000000, "interestExpense": 57400000, "depreciationAndAmortization": 2600000, "ebitda": 110000000, "ebitdaratio": 1.3017751479, "operatingIncome": 107400000, "operatingIncomeRatio": 1.2710059172, "totalOtherIncomeExpensesNet": -57400000, "incomeBeforeTax": 50000000, "incomeBeforeTaxRatio": 0.5917159763, "incomeTaxExpense": 19700000, "netIncome": 30300000, "netIncomeRatio": 0.3585798817, "eps": 0.84, "epsdiluted": 0.84, "weightedAverageShsOut": 36053712, "weightedAverageShsOutDil": 36071040, "link": "https://www.sec.gov/Archives/edgar/data/861842/000091205700014448/0000912057-00-014448-index.html", "finalLink": "https://www.sec.gov/Archives/edgar/data/861842/000091205700014448/", "calculatedOtherExpenses": -43100000, "calculatedOperatingExpenses": -22900000, "calculatedNetInterest": 75600000, "calculatedOtherIncome": -133000000, "calculatedIncomeNonControlling": 0, "calculatedEbitda": 110000000}, {"date": "1998-12-31", "symbol": "CATY", "reportedCurrency": "USD", "cik": "0000861842", "fillingDate": "1999-03-30", "acceptedDate": "1999-03-30 00:00:00", "calendarYear": "1998", "period": "FY", "revenue": 74200000, "costOfRevenue": 0, "grossProfit": 74200000, "grossProfitRatio": 1, "researchAndDevelopmentExpenses": 0, "generalAndAdministrativeExpenses": 18000000, "sellingAndMarketingExpenses": 1000000, "sellingGeneralAndAdministrativeExpenses": 19000000, "otherExpenses": 4600000, "operatingExpenses": 23600000, "costAndExpenses": 23600000, "interestIncome": 123300000, "interestExpense": 57200000, "depreciationAndAmortization": 2500000, "ebitda": 100300000, "ebitdaratio": 1.3517520216, "operatingIncome": 97800000, "operatingIncomeRatio": 1.3180592992, "totalOtherIncomeExpensesNet": -57200000, "incomeBeforeTax": 40600000, "incomeBeforeTaxRatio": 0.5471698113, "incomeTaxExpense": 16000000, "netIncome": 24600000, "netIncomeRatio": 0.3315363881, "eps": 0.69, "epsdiluted": 0.69, "weightedAverageShsOut": 35868752, "weightedAverageShsOutDil": 35873572, "link": "https://www.sec.gov/Archives/edgar/data/861842/000104746999012295/0001047469-99-012295-index.html", "finalLink": "https://www.sec.gov/Archives/edgar/data/861842/", "calculatedOtherExpenses": -42600000, "calculatedOperatingExpenses": -23600000, "calculatedNetInterest": 66100000, "calculatedOtherIncome": -123300000, "calculatedIncomeNonControlling": 0, "calculatedEbitda": 100300000}, {"date": "1997-12-31", "symbol": "CATY", "reportedCurrency": "USD", "cik": "0000861842", "fillingDate": "1998-03-30", "acceptedDate": "1998-03-30 00:00:00", "calendarYear": "1997", "period": "FY", "revenue": 67900000, "costOfRevenue": 0, "grossProfit": 67900000, "grossProfitRatio": 1, "researchAndDevelopmentExpenses": 0, "generalAndAdministrativeExpenses": 17000000, "sellingAndMarketingExpenses": 1200000, "sellingGeneralAndAdministrativeExpenses": 18200000, "otherExpenses": -1900000, "operatingExpenses": 16300000, "costAndExpenses": 16300000, "interestIncome": 112000000, "interestExpense": 50900000, "depreciationAndAmortization": 2100000, "ebitda": 86300000, "ebitdaratio": 1.2709867452, "operatingIncome": 84200000, "operatingIncomeRatio": 1.2400589102, "totalOtherIncomeExpensesNet": -50900000, "incomeBeforeTax": 33300000, "incomeBeforeTaxRatio": 0.4904270987, "incomeTaxExpense": 13200000, "netIncome": 20100000, "netIncomeRatio": 0.2960235641, "eps": 0.56, "epsdiluted": 0.56, "weightedAverageShsOut": 35575221, "weightedAverageShsOutDil": 35575221, "link": "https://www.sec.gov/Archives/edgar/data/861842/000095015098000477/0000950150-98-000477-index.html", "finalLink": "https://www.sec.gov/Archives/edgar/data/861842/", "calculatedOtherExpenses": -34500000, "calculatedOperatingExpenses": -16300000, "calculatedNetInterest": 61100000, "calculatedOtherIncome": -112000000, "calculatedIncomeNonControlling": 0, "calculatedEbitda": 86300000}, {"date": "1996-12-31", "symbol": "CATY", "reportedCurrency": "USD", "cik": "0000861842", "fillingDate": "1997-03-31", "acceptedDate": "1997-03-31 00:00:00", "calendarYear": "1996", "period": "FY", "revenue": 52800000, "costOfRevenue": 0, "grossProfit": 52800000, "grossProfitRatio": 1, "researchAndDevelopmentExpenses": 0, "generalAndAdministrativeExpenses": 14000000, "sellingAndMarketingExpenses": 1100000, "sellingGeneralAndAdministrativeExpenses": 15100000, "otherExpenses": -7600000, "operatingExpenses": 7500000, "costAndExpenses": 7500000, "interestIncome": 86100000, "interestExpense": 39200000, "depreciationAndAmortization": 2000000, "ebitda": 62300000, "ebitdaratio": 1.1799242424, "operatingIncome": 60300000, "operatingIncomeRatio": 1.1420454545, "totalOtherIncomeExpensesNet": -39200000, "incomeBeforeTax": 21100000, "incomeBeforeTaxRatio": 0.3996212121, "incomeTaxExpense": 7800000, "netIncome": 13300000, "netIncomeRatio": 0.2518939394, "eps": 0.42, "epsdiluted": 0.42, "weightedAverageShsOut": 32069592, "weightedAverageShsOutDil": 32069592, "link": "https://www.sec.gov/Archives/edgar/data/861842/000095015097000456/0000950150-97-000456-index.html", "finalLink": "https://www.sec.gov/Archives/edgar/data/861842/", "calculatedOtherExpenses": -22600000, "calculatedOperatingExpenses": -7500000, "calculatedNetInterest": 46900000, "calculatedOtherIncome": -86100000, "calculatedIncomeNonControlling": 0, "calculatedEbitda": 62300000}, {"date": "1995-12-31", "symbol": "CATY", "reportedCurrency": "USD", "cik": "0000861842", "fillingDate": "1995-12-31", "acceptedDate": "1995-12-30 19:00:00", "calendarYear": "1995", "period": "FY", "revenue": 51100000, "costOfRevenue": 0, "grossProfit": 51100000, "grossProfitRatio": 1, "researchAndDevelopmentExpenses": 0, "generalAndAdministrativeExpenses": 12900000, "sellingAndMarketingExpenses": 1000000, "sellingGeneralAndAdministrativeExpenses": 13900000, "otherExpenses": -17500000, "operatingExpenses": -3600000, "costAndExpenses": -3600000, "interestIncome": 76200000, "interestExpense": 31300000, "depreciationAndAmortization": 1600000, "ebitda": 49100000, "ebitdaratio": 0.9608610568, "operatingIncome": 47500000, "operatingIncomeRatio": 0.9295499022, "totalOtherIncomeExpensesNet": -31300000, "incomeBeforeTax": 16200000, "incomeBeforeTaxRatio": 0.3170254403, "incomeTaxExpense": 5600000, "netIncome": 10600000, "netIncomeRatio": 0.2074363992, "eps": 0.34, "epsdiluted": 0.34, "weightedAverageShsOut": 31176471, "weightedAverageShsOutDil": 31176471, "link": "", "finalLink": "", "calculatedOtherExpenses": -10300000, "calculatedOperatingExpenses": 3600000, "calculatedNetInterest": 44900000, "calculatedOtherIncome": -76200000, "calculatedIncomeNonControlling": 0, "calculatedEbitda": 49100000}, {"date": "1994-12-31", "symbol": "CATY", "reportedCurrency": "USD", "cik": "0000861842", "fillingDate": "1994-12-31", "acceptedDate": "1994-12-30 19:00:00", "calendarYear": "1994", "period": "FY", "revenue": 47400000, "costOfRevenue": 0, "grossProfit": 47400000, "grossProfitRatio": 1, "researchAndDevelopmentExpenses": 0, "generalAndAdministrativeExpenses": 12100000, "sellingAndMarketingExpenses": 800000, "sellingGeneralAndAdministrativeExpenses": 12900000, "otherExpenses": -26800000, "operatingExpenses": -13900000, "costAndExpenses": -13900000, "interestIncome": 61600000, "interestExpense": 20000000, "depreciationAndAmortization": 1300000, "ebitda": 34800000, "ebitdaratio": 0.7341772152, "operatingIncome": 33500000, "operatingIncomeRatio": 0.7067510549, "totalOtherIncomeExpensesNet": -20000000, "incomeBeforeTax": 13500000, "incomeBeforeTaxRatio": 0.2848101266, "incomeTaxExpense": 4000000, "netIncome": 9500000, "netIncomeRatio": 0.2004219409, "eps": 0.31, "epsdiluted": 0.31, "weightedAverageShsOut": 30894309, "weightedAverageShsOutDil": 30894309, "link": "", "finalLink": "", "calculatedOtherExpenses": 1000000, "calculatedOperatingExpenses": 13900000, "calculatedNetInterest": 41600000, "calculatedOtherIncome": -61600000, "calculatedIncomeNonControlling": 0, "calculatedEbitda": 34800000}, {"date": "1993-12-31", "symbol": "CATY", "reportedCurrency": "USD", "cik": "0000861842", "fillingDate": "1993-12-31", "acceptedDate": "1993-12-30 19:00:00", "calendarYear": "1993", "period": "FY", "revenue": 42900000, "costOfRevenue": 0, "grossProfit": 42900000, "grossProfitRatio": 1, "researchAndDevelopmentExpenses": 0, "generalAndAdministrativeExpenses": 11200000, "sellingAndMarketingExpenses": 700000, "sellingGeneralAndAdministrativeExpenses": 11900000, "otherExpenses": -23900000, "operatingExpenses": -12000000, "costAndExpenses": -12000000, "interestIncome": 55600000, "interestExpense": 18700000, "depreciationAndAmortization": 1300000, "ebitda": 32200000, "ebitdaratio": 0.7505827506, "operatingIncome": 30900000, "operatingIncomeRatio": 0.7202797203, "totalOtherIncomeExpensesNet": -18700000, "incomeBeforeTax": 12200000, "incomeBeforeTaxRatio": 0.2843822844, "incomeTaxExpense": 4400000, "netIncome": 7800000, "netIncomeRatio": 0.1818181818, "eps": 0.26, "epsdiluted": 0.26, "weightedAverageShsOut": 30588235, "weightedAverageShsOutDil": 30588235, "link": "", "finalLink": "", "calculatedOtherExpenses": 100000, "calculatedOperatingExpenses": 12000000, "calculatedNetInterest": 36900000, "calculatedOtherIncome": -55600000, "calculatedIncomeNonControlling": 0, "calculatedEbitda": 32200000}, {"date": "1992-12-31", "symbol": "CATY", "reportedCurrency": "USD", "cik": "0000861842", "fillingDate": "1992-12-31", "acceptedDate": "1992-12-30 19:00:00", "calendarYear": "1992", "period": "FY", "revenue": 41800000, "costOfRevenue": 0, "grossProfit": 41800000, "grossProfitRatio": 1, "researchAndDevelopmentExpenses": 0, "generalAndAdministrativeExpenses": 11100000, "sellingAndMarketingExpenses": 700000, "sellingGeneralAndAdministrativeExpenses": 11800000, "otherExpenses": -14700000, "operatingExpenses": -2900000, "costAndExpenses": -2900000, "interestIncome": 57700000, "interestExpense": 22800000, "depreciationAndAmortization": 1100000, "ebitda": 40000000, "ebitdaratio": 0.956937799, "operatingIncome": 38900000, "operatingIncomeRatio": 0.9306220096, "totalOtherIncomeExpensesNet": -22800000, "incomeBeforeTax": 16100000, "incomeBeforeTaxRatio": 0.3851674641, "incomeTaxExpense": 6000000, "netIncome": 10100000, "netIncomeRatio": 0.2416267943, "eps": 0.33, "epsdiluted": 0.33, "weightedAverageShsOut": 30375940, "weightedAverageShsOutDil": 30375940, "link": "", "finalLink": "", "calculatedOtherExpenses": -8900000, "calculatedOperatingExpenses": 2900000, "calculatedNetInterest": 34900000, "calculatedOtherIncome": -57700000, "calculatedIncomeNonControlling": 0, "calculatedEbitda": 40000000}, {"date": "1991-12-31", "symbol": "CATY", "reportedCurrency": "USD", "cik": "0000861842", "fillingDate": "1991-12-31", "acceptedDate": "1991-12-30 19:00:00", "calendarYear": "1991", "period": "FY", "revenue": 36500000, "costOfRevenue": 0, "grossProfit": 36500000, "grossProfitRatio": 1, "researchAndDevelopmentExpenses": 0, "generalAndAdministrativeExpenses": 10400000, "sellingAndMarketingExpenses": 600000, "sellingGeneralAndAdministrativeExpenses": 11000000, "otherExpenses": -200000, "operatingExpenses": 10800000, "costAndExpenses": 10800000, "interestIncome": 63300000, "interestExpense": 31600000, "depreciationAndAmortization": 1200000, "ebitda": 48500000, "ebitdaratio": 1.3287671233, "operatingIncome": 47300000, "operatingIncomeRatio": 1.295890411, "totalOtherIncomeExpensesNet": -31600000, "incomeBeforeTax": 15700000, "incomeBeforeTaxRatio": 0.4301369863, "incomeTaxExpense": 5700000, "netIncome": 10000000, "netIncomeRatio": 0.2739726027, "eps": 0.34, "epsdiluted": 0.34, "weightedAverageShsOut": 29850746, "weightedAverageShsOutDil": 29850746, "link": "", "finalLink": "", "calculatedOtherExpenses": -21800000, "calculatedOperatingExpenses": -10800000, "calculatedNetInterest": 31700000, "calculatedOtherIncome": -63300000, "calculatedIncomeNonControlling": 0, "calculatedEbitda": 48500000}, {"date": "1990-12-31", "symbol": "CATY", "reportedCurrency": "USD", "cik": "0000861842", "fillingDate": "1990-12-31", "acceptedDate": "1990-12-30 19:00:00", "calendarYear": "1990", "period": "FY", "revenue": 32500000, "costOfRevenue": 0, "grossProfit": 32500000, "grossProfitRatio": 1, "researchAndDevelopmentExpenses": 0, "generalAndAdministrativeExpenses": 9300000, "sellingAndMarketingExpenses": 0, "sellingGeneralAndAdministrativeExpenses": 9300000, "otherExpenses": 6400000, "operatingExpenses": 15700000, "costAndExpenses": 15700000, "interestIncome": 62000000, "interestExpense": 32900000, "depreciationAndAmortization": 900000, "ebitda": 49100000, "ebitdaratio": 1.5107692308, "operatingIncome": 48200000, "operatingIncomeRatio": 1.4830769231, "totalOtherIncomeExpensesNet": -32900000, "incomeBeforeTax": 15300000, "incomeBeforeTaxRatio": 0.4707692308, "incomeTaxExpense": 5600000, "netIncome": 9700000, "netIncomeRatio": 0.2984615385, "eps": 0.34, "epsdiluted": 0.34, "weightedAverageShsOut": 28955224, "weightedAverageShsOutDil": 28955224, "link": "", "finalLink": "", "calculatedOtherExpenses": -25000000, "calculatedOperatingExpenses": -15700000, "calculatedNetInterest": 29100000, "calculatedOtherIncome": -62000000, "calculatedIncomeNonControlling": 0, "calculatedEbitda": 49100000}, {"date": "1989-12-31", "symbol": "CATY", "reportedCurrency": "USD", "cik": "0000861842", "fillingDate": "1989-12-31", "acceptedDate": "1989-12-30 19:00:00", "calendarYear": "1989", "period": "FY", "revenue": 0, "costOfRevenue": 0, "grossProfit": 0, "grossProfitRatio": 0, "researchAndDevelopmentExpenses": 0, "generalAndAdministrativeExpenses": 0, "sellingAndMarketingExpenses": 0, "sellingGeneralAndAdministrativeExpenses": 0, "otherExpenses": 9100000, "operatingExpenses": 9100000, "costAndExpenses": 9100000, "interestIncome": 0, "interestExpense": 0, "depreciationAndAmortization": 0, "ebitda": 9100000, "ebitdaratio": 0, "operatingIncome": 9100000, "operatingIncomeRatio": 0, "totalOtherIncomeExpensesNet": 0, "incomeBeforeTax": 0, "incomeBeforeTaxRatio": 0, "incomeTaxExpense": -9100000, "netIncome": 9100000, "netIncomeRatio": 0, "eps": 0.34, "epsdiluted": 0.34, "weightedAverageShsOut": 27164179, "weightedAverageShsOutDil": 27164179, "link": "", "finalLink": "", "calculatedOtherExpenses": -9100000, "calculatedOperatingExpenses": -9100000, "calculatedNetInterest": 0, "calculatedOtherIncome": -9100000, "calculatedIncomeNonControlling": 0, "calculatedEbitda": 9100000}]}