{"originalCurrency": "USD", "convertedCurrency": "USD", "report": [{"date": "2023-12-31", "symbol": "CBRE", "reportedCurrency": "USD", "cik": "0001138118", "fillingDate": "2024-02-20", "acceptedDate": "2024-02-20 06:09:11", "calendarYear": "2023", "period": "FY", "revenue": 31949000000, "costOfRevenue": 26271800000, "grossProfit": 5677200000, "grossProfitRatio": 0.1776957025, "researchAndDevelopmentExpenses": 0, "generalAndAdministrativeExpenses": 4562000000, "sellingAndMarketingExpenses": 74400000, "sellingGeneralAndAdministrativeExpenses": 4562000000, "otherExpenses": -4562000000, "operatingExpenses": 4562000000, "costAndExpenses": 30859000000, "interestIncome": 0, "interestExpense": 149000000, "depreciationAndAmortization": 647200000, "ebitda": 1762400000, "ebitdaratio": 0.0551629159, "operatingIncome": 1115200000, "operatingIncomeRatio": 0.0349056308, "totalOtherIncomeExpensesNet": 161800000, "incomeBeforeTax": 1277000000, "incomeBeforeTaxRatio": 0.0399699521, "incomeTaxExpense": 250000000, "netIncome": 986000000, "netIncomeRatio": 0.0308616858, "eps": 3.2, "epsdiluted": 3.15, "weightedAverageShsOut": 308430080, "weightedAverageShsOutDil": 312550942, "link": "https://www.sec.gov/Archives/edgar/data/1138118/000113811824000006/0001138118-24-000006-index.htm", "finalLink": "https://www.sec.gov/Archives/edgar/data/1138118/000113811824000006/cbre-20231231.htm", "calculatedOtherExpenses": 0, "calculatedOperatingExpenses": 4562000000, "calculatedNetInterest": -149000000, "calculatedOtherIncome": 310800000, "calculatedIncomeNonControlling": 41000000, "calculatedEbitda": 1762400000}, {"date": "2022-12-31", "symbol": "CBRE", "reportedCurrency": "USD", "cik": "0001138118", "fillingDate": "2023-02-27", "acceptedDate": "2023-02-24 18:34:13", "calendarYear": "2022", "period": "FY", "revenue": 30828246000, "costOfRevenue": 24239488000, "grossProfit": 6588758000, "grossProfitRatio": 0.2137247121, "researchAndDevelopmentExpenses": 0, "generalAndAdministrativeExpenses": 4649460000, "sellingAndMarketingExpenses": 85100000, "sellingGeneralAndAdministrativeExpenses": 4649460000, "otherExpenses": 613088000, "operatingExpenses": 5262548000, "costAndExpenses": 29502036000, "interestIncome": 68999000, "interestExpense": 68999000, "depreciationAndAmortization": 644517000, "ebitda": 2156432000, "ebitdaratio": 0.0699498765, "operatingIncome": 1511915000, "operatingIncomeRatio": 0.0490431729, "totalOtherIncomeExpensesNet": 146275000, "incomeBeforeTax": 1658190000, "incomeBeforeTaxRatio": 0.0537880099, "incomeTaxExpense": 234230000, "netIncome": 1407000000, "netIncomeRatio": 0.0456399628, "eps": 4.36, "epsdiluted": 4.29, "weightedAverageShsOut": 322813345, "weightedAverageShsOutDil": 327696115, "link": "https://www.sec.gov/Archives/edgar/data/1138118/000113811823000009/0001138118-23-000009-index.htm", "finalLink": "https://www.sec.gov/Archives/edgar/data/1138118/000113811823000009/cbre-20221231.htm", "calculatedOtherExpenses": 427383000, "calculatedOperatingExpenses": 5076843000, "calculatedNetInterest": 0, "calculatedOtherIncome": 146275000, "calculatedIncomeNonControlling": 16960000, "calculatedEbitda": 2156432000}, {"date": "2021-12-31", "symbol": "CBRE", "reportedCurrency": "USD", "cik": "0001138118", "fillingDate": "2022-03-01", "acceptedDate": "2022-02-28 19:23:41", "calendarYear": "2021", "period": "FY", "revenue": 27746036000, "costOfRevenue": 21579507000, "grossProfit": 6166529000, "grossProfitRatio": 0.2222490088, "researchAndDevelopmentExpenses": 0, "generalAndAdministrativeExpenses": 4074184000, "sellingAndMarketingExpenses": 68900000, "sellingGeneralAndAdministrativeExpenses": 4074184000, "otherExpenses": 525871000, "operatingExpenses": 4600055000, "costAndExpenses": 26179562000, "interestIncome": 50352000, "interestExpense": 50352000, "depreciationAndAmortization": 525871000, "ebitda": 2914651000, "ebitdaratio": 0.1050474742, "operatingIncome": 2388780000, "operatingIncomeRatio": 0.0860944605, "totalOtherIncomeExpensesNet": 20641000, "incomeBeforeTax": 2409421000, "incomeBeforeTaxRatio": 0.0868383866, "incomeTaxExpense": 567506000, "netIncome": 1837000000, "netIncomeRatio": 0.0662076558, "eps": 5.48, "epsdiluted": 5.41, "weightedAverageShsOut": 335232840, "weightedAverageShsOutDil": 339717401, "link": "https://www.sec.gov/Archives/edgar/data/1138118/000113811822000010/0001138118-22-000010-index.htm", "finalLink": "https://www.sec.gov/Archives/edgar/data/1138118/000113811822000010/cbre-20211231.htm", "calculatedOtherExpenses": -296435000, "calculatedOperatingExpenses": 3777749000, "calculatedNetInterest": 0, "calculatedOtherIncome": 20641000, "calculatedIncomeNonControlling": 4915000, "calculatedEbitda": 2914651000}, {"date": "2020-12-31", "symbol": "CBRE", "reportedCurrency": "USD", "cik": "0001138118", "fillingDate": "2021-02-24", "acceptedDate": "2021-02-24 17:03:30", "calendarYear": "2020", "period": "FY", "revenue": 23826195000, "costOfRevenue": 19047620000, "grossProfit": 4778575000, "grossProfitRatio": 0.2005597201, "researchAndDevelopmentExpenses": 0, "generalAndAdministrativeExpenses": 3306205000, "sellingAndMarketingExpenses": 57200000, "sellingGeneralAndAdministrativeExpenses": 3306205000, "otherExpenses": 501728000, "operatingExpenses": 3807933000, "costAndExpenses": 22855553000, "interestIncome": 67753000, "interestExpense": 67753000, "depreciationAndAmortization": 646166000, "ebitda": 1615925000, "ebitdaratio": 0.0678213622, "operatingIncome": 969759000, "operatingIncomeRatio": 0.0407013793, "totalOtherIncomeExpensesNet": 210000, "incomeBeforeTax": 969969000, "incomeBeforeTaxRatio": 0.0407101931, "incomeTaxExpense": 214101000, "netIncome": 751989000, "netIncomeRatio": 0.031561439, "eps": 2.24, "epsdiluted": 2.22, "weightedAverageShsOut": 335196296, "weightedAverageShsOutDil": 338392210, "link": "https://www.sec.gov/Archives/edgar/data/1138118/000113811821000012/0001138118-21-000012-index.htm", "finalLink": "https://www.sec.gov/Archives/edgar/data/1138118/000113811821000012/cbre-20201231.htm", "calculatedOtherExpenses": 502611000, "calculatedOperatingExpenses": 3808816000, "calculatedNetInterest": 0, "calculatedOtherIncome": 210000, "calculatedIncomeNonControlling": 3879000, "calculatedEbitda": 1615925000}, {"date": "2019-12-31", "symbol": "CBRE", "reportedCurrency": "USD", "cik": "0001138118", "fillingDate": "2020-03-02", "acceptedDate": "2020-03-02 13:03:45", "calendarYear": "2019", "period": "FY", "revenue": 23894091000, "costOfRevenue": 18689013000, "grossProfit": 5205078000, "grossProfitRatio": 0.2178395487, "researchAndDevelopmentExpenses": 0, "generalAndAdministrativeExpenses": 3436009000, "sellingAndMarketingExpenses": 76100000, "sellingGeneralAndAdministrativeExpenses": 3436009000, "otherExpenses": 439224000, "operatingExpenses": 3875233000, "costAndExpenses": 22564246000, "interestIncome": 85754000, "interestExpense": 85754000, "depreciationAndAmortization": 699026000, "ebitda": 1958901000, "ebitdaratio": 0.0819826542, "operatingIncome": 1259875000, "operatingIncomeRatio": 0.0527274714, "totalOtherIncomeExpensesNet": 101470000, "incomeBeforeTax": 1361345000, "incomeBeforeTaxRatio": 0.056974128, "incomeTaxExpense": 69895000, "netIncome": 1282357000, "netIncomeRatio": 0.0536683735, "eps": 3.82, "epsdiluted": 3.77, "weightedAverageShsOut": 335795654, "weightedAverageShsOutDil": 340522871, "link": "https://www.sec.gov/Archives/edgar/data/1138118/000156459020008056/0001564590-20-008056-index.htm", "finalLink": "https://www.sec.gov/Archives/edgar/data/1138118/000156459020008056/cbre-10k_20191231.htm", "calculatedOtherExpenses": 509194000, "calculatedOperatingExpenses": 3945203000, "calculatedNetInterest": 0, "calculatedOtherIncome": 101470000, "calculatedIncomeNonControlling": 9093000, "calculatedEbitda": 1958901000}, {"date": "2018-12-31", "symbol": "CBRE", "reportedCurrency": "USD", "cik": "0001138118", "fillingDate": "2019-03-01", "acceptedDate": "2019-03-01 09:12:05", "calendarYear": "2018", "period": "FY", "revenue": 21340088000, "costOfRevenue": 16449212000, "grossProfit": 4890876000, "grossProfitRatio": 0.2291872461, "researchAndDevelopmentExpenses": 0, "generalAndAdministrativeExpenses": 3365773000, "sellingAndMarketingExpenses": 74800000, "sellingGeneralAndAdministrativeExpenses": 3365773000, "otherExpenses": 93020000, "operatingExpenses": 3817761000, "costAndExpenses": 20266973000, "interestIncome": 8585000, "interestExpense": 107270000, "depreciationAndAmortization": 451988000, "ebitda": 1951372000, "ebitdaratio": 0.0914416098, "operatingIncome": 1087989000, "operatingIncomeRatio": 0.0509833418, "totalOtherIncomeExpensesNet": 404576000, "incomeBeforeTax": 1379006000, "incomeBeforeTaxRatio": 0.0646204458, "incomeTaxExpense": 313058000, "netIncome": 1063219000, "netIncomeRatio": 0.0498226155, "eps": 3.13, "epsdiluted": 3.1, "weightedAverageShsOut": 339321056, "weightedAverageShsOutDil": 343122741, "link": "https://www.sec.gov/Archives/edgar/data/1138118/000156459019005666/0001564590-19-005666-index.htm", "finalLink": "https://www.sec.gov/Archives/edgar/data/1138118/000156459019005666/cbg-10k_20181231.htm", "calculatedOtherExpenses": 437114000, "calculatedOperatingExpenses": 3802887000, "calculatedNetInterest": -98685000, "calculatedOtherIncome": 389702000, "calculatedIncomeNonControlling": 2729000, "calculatedEbitda": 1539977000}, {"date": "2017-12-31", "symbol": "CBRE", "reportedCurrency": "USD", "cik": "0001138118", "fillingDate": "2018-03-01", "acceptedDate": "2018-03-01 10:29:41", "calendarYear": "2017", "period": "FY", "revenue": 14209608000, "costOfRevenue": 9893226000, "grossProfit": 4316382000, "grossProfitRatio": 0.30376503, "researchAndDevelopmentExpenses": 0, "generalAndAdministrativeExpenses": 2858654000, "sellingAndMarketingExpenses": 63100000, "sellingGeneralAndAdministrativeExpenses": 2858654000, "otherExpenses": 9405000, "operatingExpenses": 3264768000, "costAndExpenses": 13157994000, "interestIncome": 9853000, "interestExpense": 136814000, "depreciationAndAmortization": 406114000, "ebitda": 1687193000, "ebitdaratio": 0.1187360693, "operatingIncome": 1071442000, "operatingIncomeRatio": 0.0754026431, "totalOtherIncomeExpensesNet": 239440000, "incomeBeforeTax": 1164093000, "incomeBeforeTaxRatio": 0.0819229496, "incomeTaxExpense": 466147000, "netIncome": 691479000, "netIncomeRatio": 0.048662778, "eps": 2.06, "epsdiluted": 2.05, "weightedAverageShsOut": 337658017, "weightedAverageShsOutDil": 340783556, "link": "https://www.sec.gov/Archives/edgar/data/1138118/000156459018003991/0001564590-18-003991-index.htm", "finalLink": "https://www.sec.gov/Archives/edgar/data/1138118/000156459018003991/cbg-10k_20171231.htm", "calculatedOtherExpenses": 386286000, "calculatedOperatingExpenses": 3244940000, "calculatedNetInterest": -126961000, "calculatedOtherIncome": 219612000, "calculatedIncomeNonControlling": 6467000, "calculatedEbitda": 1477556000}, {"date": "2016-12-31", "symbol": "CBRE", "reportedCurrency": "USD", "cik": "0001138118", "fillingDate": "2017-03-01", "acceptedDate": "2017-03-01 12:54:02", "calendarYear": "2016", "period": "FY", "revenue": 13071589000, "costOfRevenue": 9123727000, "grossProfit": 3947862000, "grossProfitRatio": 0.3020185228, "researchAndDevelopmentExpenses": 0, "generalAndAdministrativeExpenses": 2781310000, "sellingAndMarketingExpenses": 7679000, "sellingGeneralAndAdministrativeExpenses": 2788989000, "otherExpenses": 4688000, "operatingExpenses": 3155916000, "costAndExpenses": 12279643000, "interestIncome": 8051000, "interestExpense": 144851000, "depreciationAndAmortization": 366927000, "ebitda": 1368963000, "ebitdaratio": 0.1047281245, "operatingIncome": 815487000, "operatingIncomeRatio": 0.0623862179, "totalOtherIncomeExpensesNet": 225580000, "incomeBeforeTax": 880726000, "incomeBeforeTaxRatio": 0.0673771184, "incomeTaxExpense": 296662000, "netIncome": 571973000, "netIncomeRatio": 0.0437569602, "eps": 1.71, "epsdiluted": 1.69, "weightedAverageShsOut": 335414831, "weightedAverageShsOutDil": 338424563, "link": "https://www.sec.gov/Archives/edgar/data/1138118/000119312517064772/0001193125-17-064772-index.htm", "finalLink": "https://www.sec.gov/Archives/edgar/data/1138118/000119312517064772/d291832d10k.htm", "calculatedOtherExpenses": 343386000, "calculatedOperatingExpenses": 3132375000, "calculatedNetInterest": -136800000, "calculatedOtherIncome": 202039000, "calculatedIncomeNonControlling": 12091000, "calculatedEbitda": 1182414000}, {"date": "2015-12-31", "symbol": "CBRE", "reportedCurrency": "USD", "cik": "0001138118", "fillingDate": "2016-02-29", "acceptedDate": "2016-02-29 13:32:36", "calendarYear": "2015", "period": "FY", "revenue": 10855810000, "costOfRevenue": 7082932000, "grossProfit": 3772878000, "grossProfitRatio": 0.3475445867, "researchAndDevelopmentExpenses": 0, "generalAndAdministrativeExpenses": 2633609000, "sellingAndMarketingExpenses": 62700000, "sellingGeneralAndAdministrativeExpenses": 2633609000, "otherExpenses": -3809000, "operatingExpenses": 2947705000, "costAndExpenses": 10030637000, "interestIncome": 6311000, "interestExpense": 118880000, "depreciationAndAmortization": 314096000, "ebitda": 1304620000, "ebitdaratio": 0.1201771217, "operatingIncome": 835944000, "operatingIncomeRatio": 0.0770042954, "totalOtherIncomeExpensesNet": 167126000, "incomeBeforeTax": 879730000, "incomeBeforeTaxRatio": 0.0810377116, "incomeTaxExpense": 320853000, "netIncome": 547132000, "netIncomeRatio": 0.0503999241, "eps": 1.64, "epsdiluted": 1.63, "weightedAverageShsOut": 332616301, "weightedAverageShsOutDil": 336414856, "link": "https://www.sec.gov/Archives/edgar/data/1138118/000119312516484680/0001193125-16-484680-index.htm", "finalLink": "https://www.sec.gov/Archives/edgar/data/1138118/000119312516484680/d215062d10k.htm", "calculatedOtherExpenses": 303325000, "calculatedOperatingExpenses": 2936934000, "calculatedNetInterest": -112569000, "calculatedOtherIncome": 156355000, "calculatedIncomeNonControlling": 11745000, "calculatedEbitda": 1150040000}, {"date": "2014-12-31", "symbol": "CBRE", "reportedCurrency": "USD", "cik": "0001138118", "fillingDate": "2015-03-02", "acceptedDate": "2015-03-02 15:07:51", "calendarYear": "2014", "period": "FY", "revenue": 9049918000, "costOfRevenue": 5611262000, "grossProfit": 3438656000, "grossProfitRatio": 0.3799654317, "researchAndDevelopmentExpenses": 0, "generalAndAdministrativeExpenses": 2438960000, "sellingAndMarketingExpenses": 55600000, "sellingGeneralAndAdministrativeExpenses": 2438960000, "otherExpenses": 12183000, "operatingExpenses": 2704061000, "costAndExpenses": 8315323000, "interestIncome": 6233000, "interestExpense": 112035000, "depreciationAndAmortization": 265101000, "ebitda": 1119826000, "ebitdaratio": 0.1237388007, "operatingIncome": 792254000, "operatingIncomeRatio": 0.0875426717, "totalOtherIncomeExpensesNet": 148469000, "incomeBeforeTax": 777262000, "incomeBeforeTaxRatio": 0.0858860821, "incomeTaxExpense": 263759000, "netIncome": 484503000, "netIncomeRatio": 0.0535367282, "eps": 1.47, "epsdiluted": 1.45, "weightedAverageShsOut": 330620206, "weightedAverageShsOutDil": 334171509, "link": "https://www.sec.gov/Archives/edgar/data/1138118/000119312515073030/0001193125-15-073030-index.htm", "finalLink": "https://www.sec.gov/Archives/edgar/data/1138118/000119312515073030/d837146d10k.htm", "calculatedOtherExpenses": 207442000, "calculatedOperatingExpenses": 2646402000, "calculatedNetInterest": -105802000, "calculatedOtherIncome": 90810000, "calculatedIncomeNonControlling": 29000000, "calculatedEbitda": 1057355000}, {"date": "2013-12-31", "symbol": "CBRE", "reportedCurrency": "USD", "cik": "0001138118", "fillingDate": "2014-03-03", "acceptedDate": "2014-03-03 16:22:17", "calendarYear": "2013", "period": "FY", "revenue": 7184794000, "costOfRevenue": 4189389000, "grossProfit": 2995405000, "grossProfitRatio": 0.4169089608, "researchAndDevelopmentExpenses": 0, "generalAndAdministrativeExpenses": 2104310000, "sellingAndMarketingExpenses": 49400000, "sellingGeneralAndAdministrativeExpenses": 2104310000, "otherExpenses": 13523000, "operatingExpenses": 2294700000, "costAndExpenses": 6484089000, "interestIncome": 6289000, "interestExpense": 135082000, "depreciationAndAmortization": 190390000, "ebitda": 975329000, "ebitdaratio": 0.1357490556, "operatingIncome": 616128000, "operatingIncomeRatio": 0.085754442, "totalOtherIncomeExpensesNet": -62927000, "incomeBeforeTax": 508985000, "incomeBeforeTaxRatio": 0.0708419754, "incomeTaxExpense": 187187000, "netIncome": 316538000, "netIncomeRatio": 0.0440566563, "eps": 0.96, "epsdiluted": 0.95, "weightedAverageShsOut": 328110004, "weightedAverageShsOutDil": 331762854, "link": "https://www.sec.gov/Archives/edgar/data/1138118/000119312514080228/0001193125-14-080228-index.htm", "finalLink": "https://www.sec.gov/Archives/edgar/data/1138118/000119312514080228/d641129d10k.htm", "calculatedOtherExpenses": 274967000, "calculatedOperatingExpenses": 2379277000, "calculatedNetInterest": -128793000, "calculatedOtherIncome": 21650000, "calculatedIncomeNonControlling": 5260000, "calculatedEbitda": 806518000}, {"date": "2012-12-31", "symbol": "CBRE", "reportedCurrency": "USD", "cik": "0001138118", "fillingDate": "2013-03-01", "acceptedDate": "2013-03-01 14:37:23", "calendarYear": "2012", "period": "FY", "revenue": 6514099000, "costOfRevenue": 3742514000, "grossProfit": 2771585000, "grossProfitRatio": 0.4254748047, "researchAndDevelopmentExpenses": 0, "generalAndAdministrativeExpenses": 2002914000, "sellingAndMarketingExpenses": 43700000, "sellingGeneralAndAdministrativeExpenses": 2002914000, "otherExpenses": 11093000, "operatingExpenses": 2172559000, "costAndExpenses": 5915073000, "interestIncome": 7643000, "interestExpense": 175068000, "depreciationAndAmortization": 169645000, "ebitda": 848136000, "ebitdaratio": 0.1302000476, "operatingIncome": 585081000, "operatingIncomeRatio": 0.0898176402, "totalOtherIncomeExpensesNet": 57877000, "incomeBeforeTax": 489478000, "incomeBeforeTaxRatio": 0.0751413204, "incomeTaxExpense": 185322000, "netIncome": 315555000, "netIncomeRatio": 0.048441849, "eps": 0.98, "epsdiluted": 0.97, "weightedAverageShsOut": 322315576, "weightedAverageShsOutDil": 327044145, "link": "https://www.sec.gov/Archives/edgar/data/1138118/000119312513087299/0001193125-13-087299-index.htm", "finalLink": "https://www.sec.gov/Archives/edgar/data/1138118/000119312513087299/d448420d10k.htm", "calculatedOtherExpenses": 183590000, "calculatedOperatingExpenses": 2186504000, "calculatedNetInterest": -167425000, "calculatedOtherIncome": 71822000, "calculatedIncomeNonControlling": -11399000, "calculatedEbitda": 754726000}, {"date": "2011-12-31", "symbol": "CBRE", "reportedCurrency": "USD", "cik": "0001138118", "fillingDate": "2012-02-29", "acceptedDate": "2012-02-29 16:29:27", "calendarYear": "2011", "period": "FY", "revenue": 5905411000, "costOfRevenue": 3457130000, "grossProfit": 2448281000, "grossProfitRatio": 0.4145826599, "researchAndDevelopmentExpenses": 0, "generalAndAdministrativeExpenses": 1882666000, "sellingAndMarketingExpenses": 0, "sellingGeneralAndAdministrativeExpenses": 1882666000, "otherExpenses": 2706000, "operatingExpenses": 1998385000, "costAndExpenses": 5455515000, "interestIncome": 9443000, "interestExpense": 150249000, "depreciationAndAmortization": 115719000, "ebitda": 692800000, "ebitdaratio": 0.117316136, "operatingIncome": 462862000, "operatingIncomeRatio": 0.0783793033, "totalOtherIncomeExpensesNet": 107482000, "incomeBeforeTax": 429538000, "incomeBeforeTaxRatio": 0.072736343, "incomeTaxExpense": 189103000, "netIncome": 239162000, "netIncomeRatio": 0.04049879, "eps": 0.75, "epsdiluted": 0.74, "weightedAverageShsOut": 318454191, "weightedAverageShsOutDil": 323723755, "link": "https://www.sec.gov/Archives/edgar/data/1138118/000119312512089257/0001193125-12-089257-index.htm", "finalLink": "https://www.sec.gov/Archives/edgar/data/1138118/000119312512089257/d266559d10k.htm", "calculatedOtherExpenses": 102753000, "calculatedOperatingExpenses": 1985419000, "calculatedNetInterest": -140806000, "calculatedOtherIncome": 107482000, "calculatedIncomeNonControlling": 1273000, "calculatedEbitda": 578581000}, {"date": "2010-12-31", "symbol": "CBRE", "reportedCurrency": "USD", "cik": "0001138118", "fillingDate": "2011-03-01", "acceptedDate": "2011-03-01 13:08:02", "calendarYear": "2010", "period": "FY", "revenue": 5115316000, "costOfRevenue": 2960170000, "grossProfit": 2155146000, "grossProfitRatio": 0.4213123881, "researchAndDevelopmentExpenses": 0, "generalAndAdministrativeExpenses": 1607682000, "sellingAndMarketingExpenses": 0, "sellingGeneralAndAdministrativeExpenses": 1607682000, "otherExpenses": 108381000, "operatingExpenses": 1716063000, "costAndExpenses": 4676233000, "interestIncome": 8416000, "interestExpense": 191151000, "depreciationAndAmortization": 108381000, "ebitda": 589737000, "ebitdaratio": 0.1152884788, "operatingIncome": 446379000, "operatingIncomeRatio": 0.0872632307, "totalOtherIncomeExpensesNet": 8413000, "incomeBeforeTax": 272057000, "incomeBeforeTaxRatio": 0.0531847886, "incomeTaxExpense": 130368000, "netIncome": 200345000, "netIncomeRatio": 0.0391657133, "eps": 0.64, "epsdiluted": 0.63, "weightedAverageShsOut": 313873439, "weightedAverageShsOutDil": 319016887, "link": "https://www.sec.gov/Archives/edgar/data/1138118/000119312511051618/0001193125-11-051618-index.htm", "finalLink": "https://www.sec.gov/Archives/edgar/data/1138118/000119312511051618/d10k.htm", "calculatedOtherExpenses": 101085000, "calculatedOperatingExpenses": 1708767000, "calculatedNetInterest": -182735000, "calculatedOtherIncome": 8413000, "calculatedIncomeNonControlling": -58656000, "calculatedEbitda": 554760000}, {"date": "2009-12-31", "symbol": "CBRE", "reportedCurrency": "USD", "cik": "0001138118", "fillingDate": "2010-03-01", "acceptedDate": "2010-03-01 15:34:38", "calendarYear": "2009", "period": "FY", "revenue": 4165820000, "costOfRevenue": 2447885000, "grossProfit": 1717935000, "grossProfitRatio": 0.4123881973, "researchAndDevelopmentExpenses": 0, "generalAndAdministrativeExpenses": 1383579000, "sellingAndMarketingExpenses": 0, "sellingGeneralAndAdministrativeExpenses": 1383579000, "otherExpenses": 106432000, "operatingExpenses": 1483052000, "costAndExpenses": 3930937000, "interestIncome": 6129000, "interestExpense": 189146000, "depreciationAndAmortization": 99473000, "ebitda": 313349000, "ebitdaratio": 0.0752190445, "operatingIncome": 241842000, "operatingIncomeRatio": 0.0580538765, "totalOtherIncomeExpensesNet": 8720000, "incomeBeforeTax": -645000, "incomeBeforeTaxRatio": -0.0001548315, "incomeTaxExpense": 26993000, "netIncome": 33341000, "netIncomeRatio": 0.0080034663, "eps": 0.12, "epsdiluted": 0.12, "weightedAverageShsOut": 277361783, "weightedAverageShsOutDil": 279995081, "link": "https://www.sec.gov/Archives/edgar/data/1138118/000119312510044595/0001193125-10-044595-index.htm", "finalLink": "https://www.sec.gov/Archives/edgar/data/1138118/000119312510044595/d10k.htm", "calculatedOtherExpenses": 92514000, "calculatedOperatingExpenses": 1476093000, "calculatedNetInterest": -183017000, "calculatedOtherIncome": -59470000, "calculatedIncomeNonControlling": -60979000, "calculatedEbitda": 341315000}, {"date": "2008-12-31", "symbol": "CBRE", "reportedCurrency": "USD", "cik": "0001138118", "fillingDate": "2009-03-02", "acceptedDate": "2009-03-02 15:32:23", "calendarYear": "2008", "period": "FY", "revenue": 5128817000, "costOfRevenue": 2926721000, "grossProfit": 2202096000, "grossProfitRatio": 0.4293574912, "researchAndDevelopmentExpenses": 0, "generalAndAdministrativeExpenses": 1747082000, "sellingAndMarketingExpenses": 0, "sellingGeneralAndAdministrativeExpenses": 1747082000, "otherExpenses": 1243483000, "operatingExpenses": 2990565000, "costAndExpenses": 5917286000, "interestIncome": 17762000, "interestExpense": 183012000, "depreciationAndAmortization": 114571000, "ebitda": 474454000, "ebitdaratio": 0.0925074925, "operatingIncome": -788469000, "operatingIncomeRatio": -0.1537331123, "totalOtherIncomeExpensesNet": -1228482000, "incomeBeforeTax": -971481000, "incomeBeforeTaxRatio": -0.1894161948, "incomeTaxExpense": 50810000, "netIncome": -1012066000, "netIncomeRatio": -0.1973293257, "eps": -4.81, "epsdiluted": -4.81, "weightedAverageShsOut": 210539032, "weightedAverageShsOutDil": 210539032, "link": "https://www.sec.gov/Archives/edgar/data/1138118/000119312509042445/0001193125-09-042445-index.htm", "finalLink": "https://www.sec.gov/Archives/edgar/data/1138118/000119312509042445/d10k.htm", "calculatedOtherExpenses": 1243483000, "calculatedOperatingExpenses": 2990565000, "calculatedNetInterest": -165250000, "calculatedOtherIncome": -17762000, "calculatedIncomeNonControlling": -10225000, "calculatedEbitda": -673898000}, {"date": "2007-12-31", "symbol": "CBRE", "reportedCurrency": "USD", "cik": "0001138118", "fillingDate": "2008-02-29", "acceptedDate": "2008-02-29 16:14:49", "calendarYear": "2007", "period": "FY", "revenue": 6034249000, "costOfRevenue": 3200718000, "grossProfit": 2833531000, "grossProfitRatio": 0.4695747557, "researchAndDevelopmentExpenses": 0, "generalAndAdministrativeExpenses": 1988658000, "sellingAndMarketingExpenses": 0, "sellingGeneralAndAdministrativeExpenses": 1988658000, "otherExpenses": 88970000, "operatingExpenses": 2077628000, "costAndExpenses": 5278346000, "interestIncome": 29004000, "interestExpense": 115823000, "depreciationAndAmortization": 121652000, "ebitda": 947722000, "ebitdaratio": 0.1570571582, "operatingIncome": 698971000, "operatingIncomeRatio": 0.1158339671, "totalOtherIncomeExpensesNet": -5228000, "incomeBeforeTax": 580514000, "incomeBeforeTaxRatio": 0.0962031895, "incomeTaxExpense": 192643000, "netIncome": 390505000, "netIncomeRatio": 0.064714764, "eps": 1.71, "epsdiluted": 1.66, "weightedAverageShsOut": 228476724, "weightedAverageShsOutDil": 234978464, "link": "https://www.sec.gov/Archives/edgar/data/1138118/000119312508043674/0001193125-08-043674-index.htm", "finalLink": "https://www.sec.gov/Archives/edgar/data/1138118/000119312508043674/d10k.htm", "calculatedOtherExpenses": 145902000, "calculatedOperatingExpenses": 2134560000, "calculatedNetInterest": -86819000, "calculatedOtherIncome": -31638000, "calculatedIncomeNonControlling": -2634000, "calculatedEbitda": 820623000}, {"date": "2006-12-31", "symbol": "CBRE", "reportedCurrency": "USD", "cik": "0001138118", "fillingDate": "2007-03-01", "acceptedDate": "2007-03-01 16:16:44", "calendarYear": "2006", "period": "FY", "revenue": 4032027000, "costOfRevenue": 2110512000, "grossProfit": 1921515000, "grossProfitRatio": 0.476563029, "researchAndDevelopmentExpenses": 0, "generalAndAdministrativeExpenses": 1303781000, "sellingAndMarketingExpenses": 0, "sellingGeneralAndAdministrativeExpenses": 1303781000, "otherExpenses": 67595000, "operatingExpenses": 1371376000, "costAndExpenses": 3481888000, "interestIncome": 9822000, "interestExpense": 45007000, "depreciationAndAmortization": 87690000, "ebitda": 663066000, "ebitdaratio": 0.1644497916, "operatingIncome": 550139000, "operatingIncomeRatio": 0.1364422907, "totalOtherIncomeExpensesNet": 8063000, "incomeBeforeTax": 516897000, "incomeBeforeTaxRatio": 0.1281978022, "incomeTaxExpense": 198326000, "netIncome": 318571000, "netIncomeRatio": 0.0790101356, "eps": 1.41, "epsdiluted": 1.35, "weightedAverageShsOut": 226685122, "weightedAverageShsOutDil": 235118341, "link": "https://www.sec.gov/Archives/edgar/data/1138118/000119312507044383/0001193125-07-044383-index.htm", "finalLink": "https://www.sec.gov/Archives/edgar/data/1138118/000119312507044383/d10k.htm", "calculatedOtherExpenses": 67595000, "calculatedOperatingExpenses": 1371376000, "calculatedNetInterest": -35185000, "calculatedOtherIncome": 1943000, "calculatedIncomeNonControlling": 0, "calculatedEbitda": 637829000}, {"date": "2005-12-31", "symbol": "CBRE", "reportedCurrency": "USD", "cik": "0001138118", "fillingDate": "2006-03-15", "acceptedDate": "2006-03-15 16:47:33", "calendarYear": "2005", "period": "FY", "revenue": 2910641000, "costOfRevenue": 1470087000, "grossProfit": 1440554000, "grossProfitRatio": 0.4949267189, "researchAndDevelopmentExpenses": 0, "generalAndAdministrativeExpenses": 1022632000, "sellingAndMarketingExpenses": 0, "sellingGeneralAndAdministrativeExpenses": 1022632000, "otherExpenses": 45516000, "operatingExpenses": 1068148000, "costAndExpenses": 2538235000, "interestIncome": 9267000, "interestExpense": 54327000, "depreciationAndAmortization": 52119000, "ebitda": 431911000, "ebitdaratio": 0.1483903374, "operatingIncome": 372406000, "operatingIncomeRatio": 0.1279463871, "totalOtherIncomeExpensesNet": 31039000, "incomeBeforeTax": 356222000, "incomeBeforeTaxRatio": 0.1223860998, "incomeTaxExpense": 138881000, "netIncome": 217341000, "netIncomeRatio": 0.0746711807, "eps": 0.98, "epsdiluted": 0.95, "weightedAverageShsOut": 222129066, "weightedAverageShsOutDil": 229855056, "link": "https://www.sec.gov/Archives/edgar/data/1138118/000119312506055100/0001193125-06-055100-index.htm", "finalLink": "https://www.sec.gov/Archives/edgar/data/1138118/000119312506055100/d10k.htm", "calculatedOtherExpenses": 45516000, "calculatedOperatingExpenses": 1068148000, "calculatedNetInterest": -45060000, "calculatedOtherIncome": 28876000, "calculatedIncomeNonControlling": 0, "calculatedEbitda": 424525000}, {"date": "2004-12-31", "symbol": "CBRE", "reportedCurrency": "USD", "cik": "0001138118", "fillingDate": "2005-03-15", "acceptedDate": "2005-03-15 16:54:58", "calendarYear": "2004", "period": "FY", "revenue": 2365096000, "costOfRevenue": 1203765000, "grossProfit": 1161331000, "grossProfitRatio": 0.4910291168, "researchAndDevelopmentExpenses": 0, "generalAndAdministrativeExpenses": 909892000, "sellingAndMarketingExpenses": 0, "sellingGeneralAndAdministrativeExpenses": 909892000, "otherExpenses": 54857000, "operatingExpenses": 964749000, "costAndExpenses": 2168514000, "interestIncome": 4264000, "interestExpense": 88328000, "depreciationAndAmortization": 69544000, "ebitda": 312775000, "ebitdaratio": 0.1322462175, "operatingIncome": 171008000, "operatingIncomeRatio": 0.0723048874, "totalOtherIncomeExpensesNet": -27174000, "incomeBeforeTax": 108254000, "incomeBeforeTaxRatio": 0.0457715036, "incomeTaxExpense": 43529000, "netIncome": 64725000, "netIncomeRatio": 0.0273667538, "eps": 0.32, "epsdiluted": 0.3, "weightedAverageShsOut": 203326218, "weightedAverageShsOutDil": 214035219, "link": "https://www.sec.gov/Archives/edgar/data/1138118/000119312505051169/0001193125-05-051169-index.htm", "finalLink": "https://www.sec.gov/Archives/edgar/data/1138118/000119312505051169/d10k.htm", "calculatedOtherExpenses": 80431000, "calculatedOperatingExpenses": 990323000, "calculatedNetInterest": -84064000, "calculatedOtherIncome": 21310000, "calculatedIncomeNonControlling": 0, "calculatedEbitda": 240552000}, {"date": "2003-12-31", "symbol": "CBRE", "reportedCurrency": "USD", "cik": "0001138118", "fillingDate": "2004-03-30", "acceptedDate": "2004-03-30 16:25:20", "calendarYear": "2003", "period": "FY", "revenue": 1630074000, "costOfRevenue": 796408000, "grossProfit": 833666000, "grossProfitRatio": 0.5114283155, "researchAndDevelopmentExpenses": 0, "generalAndAdministrativeExpenses": 678397000, "sellingAndMarketingExpenses": 0, "sellingGeneralAndAdministrativeExpenses": 678397000, "otherExpenses": 78257000, "operatingExpenses": 756654000, "costAndExpenses": 1553062000, "interestIncome": 6041000, "interestExpense": 87216000, "depreciationAndAmortization": 92622000, "ebitda": 206451000, "ebitdaratio": 0.1266513054, "operatingIncome": 40195000, "operatingIncomeRatio": 0.0246583897, "totalOtherIncomeExpensesNet": -36817000, "incomeBeforeTax": -40980000, "incomeBeforeTaxRatio": -0.025139963, "incomeTaxExpense": -6276000, "netIncome": -34704000, "netIncomeRatio": -0.021289831, "eps": -0.23, "epsdiluted": -0.23, "weightedAverageShsOut": 152755716, "weightedAverageShsOutDil": 152755716, "link": "https://www.sec.gov/Archives/edgar/data/1138118/000119312504053937/0001193125-04-053937-index.htm", "finalLink": "https://www.sec.gov/Archives/edgar/data/1138118/000119312504053937/d10k.htm", "calculatedOtherExpenses": 115074000, "calculatedOperatingExpenses": 793471000, "calculatedNetInterest": -81175000, "calculatedOtherIncome": 0, "calculatedIncomeNonControlling": 0, "calculatedEbitda": 132817000}, {"date": "2002-12-31", "symbol": "CBRE", "reportedCurrency": "USD", "cik": "0001138118", "fillingDate": "2003-03-25", "acceptedDate": "2003-03-25 16:34:58", "calendarYear": "2002", "period": "FY", "revenue": 1170277000, "costOfRevenue": 0, "grossProfit": 1170277000, "grossProfitRatio": 1, "researchAndDevelopmentExpenses": 0, "generalAndAdministrativeExpenses": 493949000, "sellingAndMarketingExpenses": 0, "sellingGeneralAndAdministrativeExpenses": 493949000, "otherExpenses": 570230000, "operatingExpenses": 1064179000, "costAndExpenses": 1064179000, "interestIncome": 3272000, "interestExpense": 57229000, "depreciationAndAmortization": 24614000, "ebitda": 130748000, "ebitdaratio": 0.1117239765, "operatingIncome": 106062000, "operatingIncomeRatio": 0.0906298252, "totalOtherIncomeExpensesNet": -36000, "incomeBeforeTax": 48833000, "incomeBeforeTaxRatio": 0.0417277277, "incomeTaxExpense": 30106000, "netIncome": 18727000, "netIncomeRatio": 0.0160021944, "eps": 0.15, "epsdiluted": 0.15, "weightedAverageShsOut": 124921728, "weightedAverageShsOutDil": 126557967, "link": "https://www.sec.gov/Archives/edgar/data/1138118/000104746903010098/0001047469-03-010098-index.htm", "finalLink": "https://www.sec.gov/Archives/edgar/data/1138118/000104746903010098/a2105317z10-k.htm", "calculatedOtherExpenses": 570266000, "calculatedOperatingExpenses": 1064215000, "calculatedNetInterest": -53957000, "calculatedOtherIncome": -3272000, "calculatedIncomeNonControlling": 0, "calculatedEbitda": 130676000}, {"date": "2001-12-31", "symbol": "CBRE", "reportedCurrency": "USD", "cik": "0001138118", "fillingDate": "2002-03-27", "acceptedDate": "2002-03-27 00:00:00", "calendarYear": "2001", "period": "FY", "revenue": 562828000, "costOfRevenue": 0, "grossProfit": 562828000, "grossProfitRatio": 1, "researchAndDevelopmentExpenses": 0, "generalAndAdministrativeExpenses": 212040000, "sellingAndMarketingExpenses": 0, "sellingGeneralAndAdministrativeExpenses": 212040000, "otherExpenses": 288056000, "operatingExpenses": 500096000, "costAndExpenses": 500096000, "interestIncome": 0, "interestExpense": 27290000, "depreciationAndAmortization": 12198000, "ebitda": 74930000, "ebitdaratio": 0.1331312586, "operatingIncome": 62732000, "operatingIncomeRatio": 0.1114585628, "totalOtherIncomeExpensesNet": -27290000, "incomeBeforeTax": 35442000, "incomeBeforeTaxRatio": 0.0629712807, "incomeTaxExpense": 18016000, "netIncome": 17426000, "netIncomeRatio": 0.0309615016, "eps": 0.74, "epsdiluted": 0.73, "weightedAverageShsOut": 23535012, "weightedAverageShsOutDil": 23729391, "link": "https://www.sec.gov/Archives/edgar/data/1138118/000091205702011967/0000912057-02-011967-index.htm", "finalLink": "https://www.sec.gov/Archives/edgar/data/1138118/000091205702011967/a2074264z10-k.htm", "calculatedOtherExpenses": 288056000, "calculatedOperatingExpenses": 500096000, "calculatedNetInterest": -27290000, "calculatedOtherIncome": 0, "calculatedIncomeNonControlling": 0, "calculatedEbitda": 74930000}]}