{"originalCurrency": "USD", "convertedCurrency": "USD", "report": [{"date": "2023-12-31", "symbol": "CBSH", "reportedCurrency": "USD", "cik": "0000022356", "fillingDate": "2024-02-22", "acceptedDate": "2024-02-22 17:20:37", "calendarYear": "2023", "period": "FY", "revenue": 1969321000, "costOfRevenue": 0, "grossProfit": 1969321000, "grossProfitRatio": 1, "researchAndDevelopmentExpenses": 0, "generalAndAdministrativeExpenses": 617226000, "sellingAndMarketingExpenses": 24511000, "sellingGeneralAndAdministrativeExpenses": 641737000, "otherExpenses": -273742000, "operatingExpenses": 273742000, "costAndExpenses": 1349595000, "interestIncome": 1381291000, "interestExpense": 383162000, "depreciationAndAmortization": 49513000, "ebitda": -8117000, "ebitdaratio": -0.0041217252, "operatingIncome": -8117000, "operatingIncomeRatio": -0.0041217252, "totalOtherIncomeExpensesNet": 619726000, "incomeBeforeTax": 619726000, "incomeBeforeTaxRatio": 0.3146901902, "incomeTaxExpense": 134549000, "netIncome": 477060000, "netIncomeRatio": 0.2422459315, "eps": 3.64, "epsdiluted": 3.64, "weightedAverageShsOut": 129922000, "weightedAverageShsOutDil": 130072000, "link": "https://www.sec.gov/Archives/edgar/data/22356/000002235624000013/0000022356-24-000013-index.htm", "finalLink": "https://www.sec.gov/Archives/edgar/data/22356/000002235624000013/cbsh-20231231.htm", "calculatedOtherExpenses": 1335701000, "calculatedOperatingExpenses": 1977438000, "calculatedNetInterest": 998129000, "calculatedOtherIncome": -370286000, "calculatedIncomeNonControlling": 8117000, "calculatedEbitda": 41396000}, {"date": "2022-12-31", "symbol": "CBSH", "reportedCurrency": "USD", "cik": "0000022356", "fillingDate": "2023-02-22", "acceptedDate": "2023-02-22 16:40:47", "calendarYear": "2022", "period": "FY", "revenue": 1509226000, "costOfRevenue": 0, "grossProfit": 1509226000, "grossProfitRatio": 1, "researchAndDevelopmentExpenses": 0, "generalAndAdministrativeExpenses": 682840000, "sellingAndMarketingExpenses": 23827000, "sellingGeneralAndAdministrativeExpenses": 706667000, "otherExpenses": -226254000, "operatingExpenses": 23827000, "costAndExpenses": 23827000, "interestIncome": 998979000, "interestExpense": 56794000, "depreciationAndAmortization": 46856000, "ebitda": 724407000, "ebitdaratio": 0.4799857675, "operatingIncome": 677551000, "operatingIncomeRatio": 0.4489393901, "totalOtherIncomeExpensesNet": -45173000, "incomeBeforeTax": 632378000, "incomeBeforeTaxRatio": 0.4190081538, "incomeTaxExpense": 132358000, "netIncome": 488399000, "netIncomeRatio": 0.3236089227, "eps": 3.68, "epsdiluted": 3.67, "weightedAverageShsOut": 131538748, "weightedAverageShsOutDil": 131837998, "link": "https://www.sec.gov/Archives/edgar/data/22356/000002235623000017/0000022356-23-000017-index.htm", "finalLink": "https://www.sec.gov/Archives/edgar/data/22356/000002235623000017/cbsh-20221231.htm", "calculatedOtherExpenses": 125008000, "calculatedOperatingExpenses": 831675000, "calculatedNetInterest": 942185000, "calculatedOtherIncome": -987358000, "calculatedIncomeNonControlling": 11621000, "calculatedEbitda": 724407000}, {"date": "2021-12-31", "symbol": "CBSH", "reportedCurrency": "USD", "cik": "0000022356", "fillingDate": "2022-02-23", "acceptedDate": "2022-02-23 16:44:27", "calendarYear": "2021", "period": "FY", "revenue": 1425876000, "costOfRevenue": 0, "grossProfit": 1425876000, "grossProfitRatio": 1, "researchAndDevelopmentExpenses": 0, "generalAndAdministrativeExpenses": 644158000, "sellingAndMarketingExpenses": 21856000, "sellingGeneralAndAdministrativeExpenses": 666014000, "otherExpenses": -1415414000, "operatingExpenses": -749400000, "costAndExpenses": -749400000, "interestIncome": 848290000, "interestExpense": 12866000, "depreciationAndAmortization": 44866000, "ebitda": 721342000, "ebitdaratio": 0.5058939206, "operatingIncome": 676476000, "operatingIncomeRatio": 0.4744283514, "totalOtherIncomeExpensesNet": 9825000, "incomeBeforeTax": 686301000, "incomeBeforeTaxRatio": 0.4813188524, "incomeTaxExpense": 145711000, "netIncome": 530765000, "netIncomeRatio": 0.3722378384, "eps": 3.92, "epsdiluted": 3.91, "weightedAverageShsOut": 134125737, "weightedAverageShsOutDil": 134439950, "link": "https://www.sec.gov/Archives/edgar/data/22356/000002235622000014/0000022356-22-000014-index.htm", "finalLink": "https://www.sec.gov/Archives/edgar/data/22356/000002235622000014/cbsh-20211231.htm", "calculatedOtherExpenses": 83386000, "calculatedOperatingExpenses": 749400000, "calculatedNetInterest": 835424000, "calculatedOtherIncome": -825599000, "calculatedIncomeNonControlling": 9825000, "calculatedEbitda": 721342000}, {"date": "2020-12-31", "symbol": "CBSH", "reportedCurrency": "USD", "cik": "0000022356", "fillingDate": "2021-02-24", "acceptedDate": "2021-02-24 15:52:59", "calendarYear": "2020", "period": "FY", "revenue": 1346746000, "costOfRevenue": 0, "grossProfit": 1346746000, "grossProfitRatio": 1, "researchAndDevelopmentExpenses": 0, "generalAndAdministrativeExpenses": 625731000, "sellingAndMarketingExpenses": 19734000, "sellingGeneralAndAdministrativeExpenses": 645465000, "otherExpenses": -1550861000, "operatingExpenses": -905396000, "costAndExpenses": -905396000, "interestIncome": 872648000, "interestExpense": 42801000, "depreciationAndAmortization": 43769000, "ebitda": 485119000, "ebitdaratio": 0.3602156606, "operatingIncome": 441350000, "operatingIncomeRatio": 0.3277158425, "totalOtherIncomeExpensesNet": -172000, "incomeBeforeTax": 441178000, "incomeBeforeTaxRatio": 0.3275881272, "incomeTaxExpense": 87293000, "netIncome": 354057000, "netIncomeRatio": 0.2628981263, "eps": 2.52, "epsdiluted": 2.51, "weightedAverageShsOut": 134701241, "weightedAverageShsOutDil": 134960549, "link": "https://www.sec.gov/Archives/edgar/data/22356/000002235621000015/0000022356-21-000015-index.htm", "finalLink": "https://www.sec.gov/Archives/edgar/data/22356/000002235621000015/cbsh-20201231.htm", "calculatedOtherExpenses": 259931000, "calculatedOperatingExpenses": 905396000, "calculatedNetInterest": 829847000, "calculatedOtherIncome": -830019000, "calculatedIncomeNonControlling": -172000, "calculatedEbitda": 485119000}, {"date": "2019-12-31", "symbol": "CBSH", "reportedCurrency": "USD", "cik": "0000022356", "fillingDate": "2020-02-25", "acceptedDate": "2020-02-25 14:41:59", "calendarYear": "2019", "period": "FY", "revenue": 1349622000, "costOfRevenue": 0, "grossProfit": 1349622000, "grossProfitRatio": 1, "researchAndDevelopmentExpenses": 0, "generalAndAdministrativeExpenses": 612896000, "sellingAndMarketingExpenses": 21914000, "sellingGeneralAndAdministrativeExpenses": 634810000, "otherExpenses": -1454127000, "operatingExpenses": -819317000, "costAndExpenses": -819317000, "interestIncome": 924685000, "interestExpense": 103392000, "depreciationAndAmortization": 41145000, "ebitda": 571450000, "ebitdaratio": 0.4234148525, "operatingIncome": 530305000, "operatingIncomeRatio": 0.3929285385, "totalOtherIncomeExpensesNet": 1481000, "incomeBeforeTax": 531786000, "incomeBeforeTaxRatio": 0.3940258828, "incomeTaxExpense": 109074000, "netIncome": 421231000, "netIncomeRatio": 0.3121103539, "eps": 2.95, "epsdiluted": 2.94, "weightedAverageShsOut": 138305150, "weightedAverageShsOutDil": 138647923, "link": "https://www.sec.gov/Archives/edgar/data/22356/000002235620000009/0000022356-20-000009-index.htm", "finalLink": "https://www.sec.gov/Archives/edgar/data/22356/000002235620000009/cbsh1231201910k.htm", "calculatedOtherExpenses": 184507000, "calculatedOperatingExpenses": 819317000, "calculatedNetInterest": 821293000, "calculatedOtherIncome": -819812000, "calculatedIncomeNonControlling": 1481000, "calculatedEbitda": 571450000}, {"date": "2018-12-31", "symbol": "CBSH", "reportedCurrency": "USD", "cik": "0000022356", "fillingDate": "2019-02-21", "acceptedDate": "2019-02-21 17:22:00", "calendarYear": "2018", "period": "FY", "revenue": 1324678000, "costOfRevenue": 0, "grossProfit": 1324678000, "grossProfitRatio": 1, "researchAndDevelopmentExpenses": 0, "generalAndAdministrativeExpenses": 586355000, "sellingAndMarketingExpenses": 20548000, "sellingGeneralAndAdministrativeExpenses": 606903000, "otherExpenses": -1326714000, "operatingExpenses": -719811000, "costAndExpenses": -719811000, "interestIncome": 889201000, "interestExpense": 65376000, "depreciationAndAmortization": 38679000, "ebitda": 643546000, "ebitdaratio": 0.4858131561, "operatingIncome": 604867000, "operatingIncomeRatio": 0.4566143621, "totalOtherIncomeExpensesNet": -60704000, "incomeBeforeTax": 544163000, "incomeBeforeTaxRatio": 0.4107888861, "incomeTaxExpense": 105949000, "netIncome": 433542000, "netIncomeRatio": 0.3272810449, "eps": 3.21, "epsdiluted": 3.18, "weightedAverageShsOut": 135106773, "weightedAverageShsOutDil": 136156584, "link": "https://www.sec.gov/Archives/edgar/data/22356/000002235619000013/0000022356-19-000013-index.htm", "finalLink": "https://www.sec.gov/Archives/edgar/data/22356/000002235619000013/cbsh1231201810k.htm", "calculatedOtherExpenses": 112908000, "calculatedOperatingExpenses": 719811000, "calculatedNetInterest": 823825000, "calculatedOtherIncome": -884529000, "calculatedIncomeNonControlling": 4672000, "calculatedEbitda": 643546000}, {"date": "2017-12-31", "symbol": "CBSH", "reportedCurrency": "USD", "cik": "0000022356", "fillingDate": "2018-02-22", "acceptedDate": "2018-02-22 13:56:31", "calendarYear": "2017", "period": "FY", "revenue": 1245334000, "costOfRevenue": 0, "grossProfit": 1245334000, "grossProfitRatio": 1, "researchAndDevelopmentExpenses": 0, "generalAndAdministrativeExpenses": 577343000, "sellingAndMarketingExpenses": 16325000, "sellingGeneralAndAdministrativeExpenses": 593668000, "otherExpenses": -217598000, "operatingExpenses": 16325000, "costAndExpenses": 16325000, "interestIncome": 777407000, "interestExpense": 43728000, "depreciationAndAmortization": 39732000, "ebitda": 513349000, "ebitdaratio": 0.4122179271, "operatingIncome": 473617000, "operatingIncomeRatio": 0.3803132332, "totalOtherIncomeExpensesNet": -43211000, "incomeBeforeTax": 430406000, "incomeBeforeTaxRatio": 0.3456149113, "incomeTaxExpense": 110506000, "netIncome": 319383000, "netIncomeRatio": 0.2564637278, "eps": 2.27, "epsdiluted": 2.26, "weightedAverageShsOut": 135188832, "weightedAverageShsOutDil": 136598655, "link": "https://www.sec.gov/Archives/edgar/data/22356/000002235618000015/0000022356-18-000015-index.htm", "finalLink": "https://www.sec.gov/Archives/edgar/data/22356/000002235618000015/cbsh1231201710k.htm", "calculatedOtherExpenses": 178049000, "calculatedOperatingExpenses": 771717000, "calculatedNetInterest": 733679000, "calculatedOtherIncome": -776890000, "calculatedIncomeNonControlling": 517000, "calculatedEbitda": 513349000}, {"date": "2016-12-31", "symbol": "CBSH", "reportedCurrency": "USD", "cik": "0000022356", "fillingDate": "2017-02-23", "acceptedDate": "2017-02-23 16:25:29", "calendarYear": "2016", "period": "FY", "revenue": 1154388000, "costOfRevenue": 0, "grossProfit": 1154388000, "grossProfitRatio": 1, "researchAndDevelopmentExpenses": 0, "generalAndAdministrativeExpenses": 557494000, "sellingAndMarketingExpenses": 16032000, "sellingGeneralAndAdministrativeExpenses": 573526000, "otherExpenses": -201439000, "operatingExpenses": 16032000, "costAndExpenses": 16032000, "interestIncome": 713052000, "interestExpense": 33003000, "depreciationAndAmortization": 40929000, "ebitda": 473474000, "ebitdaratio": 0.4101515262, "operatingIncome": 432545000, "operatingIncomeRatio": 0.3746963759, "totalOtherIncomeExpensesNet": -31540000, "incomeBeforeTax": 401005000, "incomeBeforeTaxRatio": 0.3473745396, "incomeTaxExpense": 124151000, "netIncome": 275391000, "netIncomeRatio": 0.2385601721, "eps": 1.96, "epsdiluted": 1.95, "weightedAverageShsOut": 134675060, "weightedAverageShsOutDil": 136255503, "link": "https://www.sec.gov/Archives/edgar/data/22356/000002235617000009/0000022356-17-000009-index.htm", "finalLink": "https://www.sec.gov/Archives/edgar/data/22356/000002235617000009/cbsh1231201610k.htm", "calculatedOtherExpenses": 148317000, "calculatedOperatingExpenses": 721843000, "calculatedNetInterest": 680049000, "calculatedOtherIncome": -711589000, "calculatedIncomeNonControlling": 1463000, "calculatedEbitda": 473474000}, {"date": "2015-12-31", "symbol": "CBSH", "reportedCurrency": "USD", "cik": "0000022356", "fillingDate": "2016-02-24", "acceptedDate": "2016-02-24 13:38:36", "calendarYear": "2015", "period": "FY", "revenue": 1088195000, "costOfRevenue": 0, "grossProfit": 1088195000, "grossProfitRatio": 1, "researchAndDevelopmentExpenses": 0, "generalAndAdministrativeExpenses": 519761000, "sellingAndMarketingExpenses": 16107000, "sellingGeneralAndAdministrativeExpenses": 535868000, "otherExpenses": 0, "operatingExpenses": 16107000, "costAndExpenses": 16107000, "interestIncome": 662416000, "interestExpense": 28096000, "depreciationAndAmortization": 42803000, "ebitda": 451219000, "ebitdaratio": 0.4146490289, "operatingIncome": 408416000, "operatingIncomeRatio": 0.375315086, "totalOtherIncomeExpensesNet": -24851000, "incomeBeforeTax": 383565000, "incomeBeforeTaxRatio": 0.3524781864, "incomeTaxExpense": 116590000, "netIncome": 263730000, "netIncomeRatio": 0.2423554602, "eps": 1.82, "epsdiluted": 1.82, "weightedAverageShsOut": 138283868, "weightedAverageShsOutDil": 140011989, "link": "https://www.sec.gov/Archives/edgar/data/22356/000002235616000058/0000022356-16-000058-index.htm", "finalLink": "https://www.sec.gov/Archives/edgar/data/22356/000002235616000058/cbsh1231201510k.htm", "calculatedOtherExpenses": 143911000, "calculatedOperatingExpenses": 679779000, "calculatedNetInterest": 634320000, "calculatedOtherIncome": -659171000, "calculatedIncomeNonControlling": 3245000, "calculatedEbitda": 451219000}, {"date": "2014-12-31", "symbol": "CBSH", "reportedCurrency": "USD", "cik": "0000022356", "fillingDate": "2015-02-24", "acceptedDate": "2015-02-24 14:41:58", "calendarYear": "2014", "period": "FY", "revenue": 1070306000, "costOfRevenue": 0, "grossProfit": 1070306000, "grossProfitRatio": 1, "researchAndDevelopmentExpenses": 0, "generalAndAdministrativeExpenses": 497134000, "sellingAndMarketingExpenses": 15676000, "sellingGeneralAndAdministrativeExpenses": 512810000, "otherExpenses": 0, "operatingExpenses": 15676000, "costAndExpenses": 15676000, "interestIncome": 648292000, "interestExpense": 28088000, "depreciationAndAmortization": 42303000, "ebitda": 452361000, "ebitdaratio": 0.4226464207, "operatingIncome": 410058000, "operatingIncomeRatio": 0.3831222099, "totalOtherIncomeExpensesNet": -27058000, "incomeBeforeTax": 383000000, "incomeBeforeTaxRatio": 0.3578415892, "incomeTaxExpense": 120216000, "netIncome": 261754000, "netIncomeRatio": 0.244559967, "eps": 1.77, "epsdiluted": 1.77, "weightedAverageShsOut": 143874344, "weightedAverageShsOutDil": 145322969, "link": "https://www.sec.gov/Archives/edgar/data/22356/000002235615000013/0000022356-15-000013-index.htm", "finalLink": "https://www.sec.gov/Archives/edgar/data/22356/000002235615000013/cbsh1231201410k.htm", "calculatedOtherExpenses": 147438000, "calculatedOperatingExpenses": 660248000, "calculatedNetInterest": 620204000, "calculatedOtherIncome": -647262000, "calculatedIncomeNonControlling": 1030000, "calculatedEbitda": 452361000}, {"date": "2013-12-31", "symbol": "CBSH", "reportedCurrency": "USD", "cik": "0000022356", "fillingDate": "2014-02-24", "acceptedDate": "2014-02-24 14:06:19", "calendarYear": "2013", "period": "FY", "revenue": 1033333000, "costOfRevenue": 0, "grossProfit": 1033333000, "grossProfitRatio": 1, "researchAndDevelopmentExpenses": 0, "generalAndAdministrativeExpenses": 478790000, "sellingAndMarketingExpenses": 14176000, "sellingGeneralAndAdministrativeExpenses": 492966000, "otherExpenses": 0, "operatingExpenses": 14176000, "costAndExpenses": 14176000, "interestIncome": 650285000, "interestExpense": 30913000, "depreciationAndAmortization": 41944000, "ebitda": 456048000, "ebitdaratio": 0.4413369166, "operatingIncome": 414104000, "operatingIncomeRatio": 0.4007459357, "totalOtherIncomeExpensesNet": -30757000, "incomeBeforeTax": 383347000, "incomeBeforeTaxRatio": 0.3709810874, "incomeTaxExpense": 122230000, "netIncome": 260961000, "netIncomeRatio": 0.2525429847, "eps": 1.76, "epsdiluted": 1.75, "weightedAverageShsOut": 147345662, "weightedAverageShsOutDil": 148291635, "link": "https://www.sec.gov/Archives/edgar/data/22356/000002235614000010/0000022356-14-000010-index.htm", "finalLink": "https://www.sec.gov/Archives/edgar/data/22356/000002235614000010/cbsh1231201310k.htm", "calculatedOtherExpenses": 126263000, "calculatedOperatingExpenses": 619229000, "calculatedNetInterest": 619372000, "calculatedOtherIncome": -650129000, "calculatedIncomeNonControlling": 156000, "calculatedEbitda": 456048000}, {"date": "2012-12-31", "symbol": "CBSH", "reportedCurrency": "USD", "cik": "0000022356", "fillingDate": "2013-02-22", "acceptedDate": "2013-02-22 11:10:37", "calendarYear": "2012", "period": "FY", "revenue": 1044364000, "costOfRevenue": 0, "grossProfit": 1044364000, "grossProfitRatio": 1, "researchAndDevelopmentExpenses": 0, "generalAndAdministrativeExpenses": 467456000, "sellingAndMarketingExpenses": 15106000, "sellingGeneralAndAdministrativeExpenses": 482562000, "otherExpenses": 0, "operatingExpenses": 15106000, "costAndExpenses": 15106000, "interestIncome": 677969000, "interestExpense": 38063000, "depreciationAndAmortization": 43448000, "ebitda": 478009000, "ebitdaratio": 0.4577034444, "operatingIncome": 434561000, "operatingIncomeRatio": 0.4161010912, "totalOtherIncomeExpensesNet": -35953000, "incomeBeforeTax": 398608000, "incomeBeforeTaxRatio": 0.3816753546, "incomeTaxExpense": 127169000, "netIncome": 269329000, "netIncomeRatio": 0.2578880544, "eps": 1.79, "epsdiluted": 1.78, "weightedAverageShsOut": 149684965, "weightedAverageShsOutDil": 150758956, "link": "https://www.sec.gov/Archives/edgar/data/22356/000002235613000011/0000022356-13-000011-index.htm", "finalLink": "https://www.sec.gov/Archives/edgar/data/22356/000002235613000011/cbsh1231201210k.htm", "calculatedOtherExpenses": 127241000, "calculatedOperatingExpenses": 609803000, "calculatedNetInterest": 639906000, "calculatedOtherIncome": -675859000, "calculatedIncomeNonControlling": 2110000, "calculatedEbitda": 478009000}, {"date": "2011-12-31", "symbol": "CBSH", "reportedCurrency": "USD", "cik": "0000022356", "fillingDate": "2012-02-22", "acceptedDate": "2012-02-22 15:30:31", "calendarYear": "2011", "period": "FY", "revenue": 1052336000, "costOfRevenue": 0, "grossProfit": 1052336000, "grossProfitRatio": 1, "researchAndDevelopmentExpenses": 0, "generalAndAdministrativeExpenses": 448999000, "sellingAndMarketingExpenses": 16767000, "sellingGeneralAndAdministrativeExpenses": 465766000, "otherExpenses": 2537000, "operatingExpenses": 16767000, "costAndExpenses": 16767000, "interestIncome": 697971000, "interestExpense": 51901000, "depreciationAndAmortization": 46743000, "ebitda": 476399000, "ebitdaratio": 0.4527061699, "operatingIncome": 429656000, "operatingIncomeRatio": 0.4082878472, "totalOtherIncomeExpensesNet": -48621000, "incomeBeforeTax": 381035000, "incomeBeforeTaxRatio": 0.3620849234, "incomeTaxExpense": 121412000, "netIncome": 256343000, "netIncomeRatio": 0.2435942513, "eps": 1.65, "epsdiluted": 1.65, "weightedAverageShsOut": 154923506, "weightedAverageShsOutDil": 154923506, "link": "https://www.sec.gov/Archives/edgar/data/22356/000002235612000015/0000022356-12-000015-index.htm", "finalLink": "https://www.sec.gov/Archives/edgar/data/22356/000002235612000015/cbsh1231201110k.htm", "calculatedOtherExpenses": 156914000, "calculatedOperatingExpenses": 622680000, "calculatedNetInterest": 646070000, "calculatedOtherIncome": -694691000, "calculatedIncomeNonControlling": 3280000, "calculatedEbitda": 476399000}, {"date": "2010-12-31", "symbol": "CBSH", "reportedCurrency": "USD", "cik": "0000022356", "fillingDate": "2011-02-25", "acceptedDate": "2011-02-25 13:42:22", "calendarYear": "2010", "period": "FY", "revenue": 1049258000, "costOfRevenue": 0, "grossProfit": 1049258000, "grossProfitRatio": 1, "researchAndDevelopmentExpenses": 0, "generalAndAdministrativeExpenses": 460844000, "sellingAndMarketingExpenses": 18161000, "sellingGeneralAndAdministrativeExpenses": 479005000, "otherExpenses": 0, "operatingExpenses": 18161000, "costAndExpenses": 18161000, "interestIncome": 729478000, "interestExpense": 83546000, "depreciationAndAmortization": 48924000, "ebitda": 450429000, "ebitdaratio": 0.4292833602, "operatingIncome": 401505000, "operatingIncomeRatio": 0.3826561246, "totalOtherIncomeExpensesNet": -83381000, "incomeBeforeTax": 318124000, "incomeBeforeTaxRatio": 0.303189492, "incomeTaxExpense": 96249000, "netIncome": 221710000, "netIncomeRatio": 0.2113017008, "eps": 1.41, "epsdiluted": 1.4, "weightedAverageShsOut": 156755632, "weightedAverageShsOutDil": 157999725, "link": "https://www.sec.gov/Archives/edgar/data/22356/000095012311018485/0000950123-11-018485-index.htm", "finalLink": "https://www.sec.gov/Archives/edgar/data/22356/000095012311018485/c62185e10vk.htm", "calculatedOtherExpenses": 168748000, "calculatedOperatingExpenses": 647753000, "calculatedNetInterest": 645932000, "calculatedOtherIncome": -729313000, "calculatedIncomeNonControlling": 165000, "calculatedEbitda": 450429000}, {"date": "2009-12-31", "symbol": "CBSH", "reportedCurrency": "USD", "cik": "0000022356", "fillingDate": "2010-02-26", "acceptedDate": "2010-02-26 11:18:45", "calendarYear": "2009", "period": "FY", "revenue": 1024892000, "costOfRevenue": -7195000, "grossProfit": 1032087000, "grossProfitRatio": 1.0070202519, "researchAndDevelopmentExpenses": 0, "generalAndAdministrativeExpenses": 439724000, "sellingAndMarketingExpenses": 18231000, "sellingGeneralAndAdministrativeExpenses": 457955000, "otherExpenses": 0, "operatingExpenses": 18231000, "costAndExpenses": 11036000, "interestIncome": 789512000, "interestExpense": 154010000, "depreciationAndAmortization": 51514000, "ebitda": 448356000, "ebitdaratio": 0.4374665818, "operatingIncome": 396842000, "operatingIncomeRatio": 0.3872037249, "totalOtherIncomeExpensesNet": -154710000, "incomeBeforeTax": 242132000, "incomeBeforeTaxRatio": 0.2362512343, "incomeTaxExpense": 73757000, "netIncome": 169075000, "netIncomeRatio": 0.1649686016, "eps": 1.1, "epsdiluted": 1.1, "weightedAverageShsOut": 154017453, "weightedAverageShsOutDil": 154017453, "link": "https://www.sec.gov/Archives/edgar/data/22356/000095012310017705/0000950123-10-017705-index.htm", "finalLink": "https://www.sec.gov/Archives/edgar/data/22356/000095012310017705/c55995e10vk.htm", "calculatedOtherExpenses": 177290000, "calculatedOperatingExpenses": 635245000, "calculatedNetInterest": 635502000, "calculatedOtherIncome": -790212000, "calculatedIncomeNonControlling": -700000, "calculatedEbitda": 448356000}, {"date": "2008-12-31", "symbol": "CBSH", "reportedCurrency": "USD", "cik": "0000022356", "fillingDate": "2009-02-26", "acceptedDate": "2009-02-26 16:25:15", "calendarYear": "2008", "period": "FY", "revenue": 998745000, "costOfRevenue": 30294000, "grossProfit": 968451000, "grossProfitRatio": 0.9696679333, "researchAndDevelopmentExpenses": 0, "generalAndAdministrativeExpenses": 425334000, "sellingAndMarketingExpenses": 19994000, "sellingGeneralAndAdministrativeExpenses": 19994000, "otherExpenses": 0, "operatingExpenses": 19994000, "costAndExpenses": 50288000, "interestIncome": 849849000, "interestExpense": 257110000, "depreciationAndAmortization": 50696000, "ebitda": 581538000, "ebitdaratio": 0.5822687473, "operatingIncome": 530842000, "operatingIncomeRatio": 0.5315090439, "totalOtherIncomeExpensesNet": -257110000, "incomeBeforeTax": 273732000, "incomeBeforeTaxRatio": 0.2740759653, "incomeTaxExpense": 85077000, "netIncome": 188655000, "netIncomeRatio": 0.1888920595, "eps": 1.26, "epsdiluted": 1.25, "weightedAverageShsOut": 149409598, "weightedAverageShsOutDil": 150614514, "link": "https://www.sec.gov/Archives/edgar/data/22356/000095013709001320/0000950137-09-001320-index.htm", "finalLink": "https://www.sec.gov/Archives/edgar/data/22356/000095013709001320/c48744e10vk.htm", "calculatedOtherExpenses": 417615000, "calculatedOperatingExpenses": 437609000, "calculatedNetInterest": 592739000, "calculatedOtherIncome": -849849000, "calculatedIncomeNonControlling": 0, "calculatedEbitda": 581538000}, {"date": "2007-12-31", "symbol": "CBSH", "reportedCurrency": "USD", "cik": "0000022356", "fillingDate": "2008-02-26", "acceptedDate": "2008-02-26 10:07:58", "calendarYear": "2007", "period": "FY", "revenue": 917887000, "costOfRevenue": 0, "grossProfit": 917887000, "grossProfitRatio": 1, "researchAndDevelopmentExpenses": 0, "generalAndAdministrativeExpenses": 308768000, "sellingAndMarketingExpenses": 18199000, "sellingGeneralAndAdministrativeExpenses": 326967000, "otherExpenses": 0, "operatingExpenses": 18199000, "costAndExpenses": 18199000, "interestIncome": 936101000, "interestExpense": 398029000, "depreciationAndAmortization": 59867000, "ebitda": 758293000, "ebitdaratio": 0.8261289244, "operatingIncome": 698426000, "operatingIncomeRatio": 0.7609062989, "totalOtherIncomeExpensesNet": -398029000, "incomeBeforeTax": 300397000, "incomeBeforeTaxRatio": 0.3272701324, "incomeTaxExpense": 93737000, "netIncome": 206660000, "netIncomeRatio": 0.2251475399, "eps": 1.37, "epsdiluted": 1.36, "weightedAverageShsOut": 150431243, "weightedAverageShsOutDil": 152153783, "link": "https://www.sec.gov/Archives/edgar/data/22356/000095013708002730/0000950137-08-002730-index.htm", "finalLink": "https://www.sec.gov/Archives/edgar/data/22356/000095013708002730/c23588e10vk.htm", "calculatedOtherExpenses": -107506000, "calculatedOperatingExpenses": 219461000, "calculatedNetInterest": 538072000, "calculatedOtherIncome": -936101000, "calculatedIncomeNonControlling": 0, "calculatedEbitda": 758293000}, {"date": "2006-12-31", "symbol": "CBSH", "reportedCurrency": "USD", "cik": "0000022356", "fillingDate": "2007-02-26", "acceptedDate": "2007-02-26 11:31:52", "calendarYear": "2006", "period": "FY", "revenue": 874820000, "costOfRevenue": 0, "grossProfit": 874820000, "grossProfitRatio": 1, "researchAndDevelopmentExpenses": 0, "generalAndAdministrativeExpenses": 288273000, "sellingAndMarketingExpenses": 17317000, "sellingGeneralAndAdministrativeExpenses": 305590000, "otherExpenses": 0, "operatingExpenses": 17317000, "costAndExpenses": 17317000, "interestIncome": 832306000, "interestExpense": 319107000, "depreciationAndAmortization": 60754000, "ebitda": 703607000, "ebitdaratio": 0.8042877392, "operatingIncome": 642853000, "operatingIncomeRatio": 0.73484031, "totalOtherIncomeExpensesNet": -319107000, "incomeBeforeTax": 323746000, "incomeBeforeTaxRatio": 0.3700715576, "incomeTaxExpense": 103904000, "netIncome": 219842000, "netIncomeRatio": 0.2512996959, "eps": 1.43, "epsdiluted": 1.41, "weightedAverageShsOut": 153367694, "weightedAverageShsOutDil": 155454330, "link": "https://www.sec.gov/Archives/edgar/data/22356/000095013707002722/0000950137-07-002722-index.htm", "finalLink": "https://www.sec.gov/Archives/edgar/data/22356/000095013707002722/c12105e10vk.htm", "calculatedOtherExpenses": -73623000, "calculatedOperatingExpenses": 231967000, "calculatedNetInterest": 513199000, "calculatedOtherIncome": -832306000, "calculatedIncomeNonControlling": 0, "calculatedEbitda": 703607000}, {"date": "2005-12-31", "symbol": "CBSH", "reportedCurrency": "USD", "cik": "0000022356", "fillingDate": "2006-02-27", "acceptedDate": "2006-02-27 10:31:40", "calendarYear": "2005", "period": "FY", "revenue": 842901000, "costOfRevenue": 0, "grossProfit": 842901000, "grossProfitRatio": 1, "researchAndDevelopmentExpenses": 0, "generalAndAdministrativeExpenses": 273177000, "sellingAndMarketingExpenses": 17294000, "sellingGeneralAndAdministrativeExpenses": 290471000, "otherExpenses": 0, "operatingExpenses": 17294000, "costAndExpenses": 17294000, "interestIncome": 697566000, "interestExpense": 195864000, "depreciationAndAmortization": 59048000, "ebitda": 572506000, "ebitdaratio": 0.6792090649, "operatingIncome": 513458000, "operatingIncomeRatio": 0.6091557609, "totalOtherIncomeExpensesNet": -195864000, "incomeBeforeTax": 317594000, "incomeBeforeTaxRatio": 0.376786835, "incomeTaxExpense": 94347000, "netIncome": 223247000, "netIncomeRatio": 0.2648555406, "eps": 1.4, "epsdiluted": 1.38, "weightedAverageShsOut": 159553333, "weightedAverageShsOutDil": 161777073, "link": "https://www.sec.gov/Archives/edgar/data/22356/000095013706002246/0000950137-06-002246-index.htm", "finalLink": "https://www.sec.gov/Archives/edgar/data/22356/000095013706002246/c02206e10vk.htm", "calculatedOtherExpenses": 38972000, "calculatedOperatingExpenses": 329443000, "calculatedNetInterest": 501702000, "calculatedOtherIncome": -697566000, "calculatedIncomeNonControlling": 0, "calculatedEbitda": 572506000}, {"date": "2004-12-31", "symbol": "CBSH", "reportedCurrency": "USD", "cik": "0000022356", "fillingDate": "2005-02-25", "acceptedDate": "2005-02-25 09:32:13", "calendarYear": "2004", "period": "FY", "revenue": 824262000, "costOfRevenue": 0, "grossProfit": 824262000, "grossProfitRatio": 1, "researchAndDevelopmentExpenses": 0, "generalAndAdministrativeExpenses": 265469000, "sellingAndMarketingExpenses": 16688000, "sellingGeneralAndAdministrativeExpenses": 282157000, "otherExpenses": 0, "operatingExpenses": 16688000, "costAndExpenses": 16688000, "interestIncome": 610090000, "interestExpense": 112759000, "depreciationAndAmortization": 67402000, "ebitda": 491303000, "ebitdaratio": 0.5960519835, "operatingIncome": 423901000, "operatingIncomeRatio": 0.5142794403, "totalOtherIncomeExpensesNet": -112759000, "incomeBeforeTax": 311142000, "incomeBeforeTaxRatio": 0.3774794907, "incomeTaxExpense": 90801000, "netIncome": 220341000, "netIncomeRatio": 0.2673191291, "eps": 1.31, "epsdiluted": 1.29, "weightedAverageShsOut": 168341869, "weightedAverageShsOutDil": 171195121, "link": "https://www.sec.gov/Archives/edgar/data/22356/000095013705002250/0000950137-05-002250-index.htm", "finalLink": "https://www.sec.gov/Archives/edgar/data/22356/000095013705002250/c91980e10vk.htm", "calculatedOtherExpenses": 118204000, "calculatedOperatingExpenses": 400361000, "calculatedNetInterest": 497331000, "calculatedOtherIncome": -610090000, "calculatedIncomeNonControlling": 0, "calculatedEbitda": 491303000}, {"date": "2003-12-31", "symbol": "CBSH", "reportedCurrency": "USD", "cik": "0000022356", "fillingDate": "2004-03-12", "acceptedDate": "2004-03-12 09:12:05", "calendarYear": "2003", "period": "FY", "revenue": 804059000, "costOfRevenue": 0, "grossProfit": 804059000, "grossProfitRatio": 1, "researchAndDevelopmentExpenses": 0, "generalAndAdministrativeExpenses": 264599000, "sellingAndMarketingExpenses": 14397000, "sellingGeneralAndAdministrativeExpenses": 278996000, "otherExpenses": 0, "operatingExpenses": 14397000, "costAndExpenses": 14397000, "interestIncome": 617410000, "interestExpense": 115018000, "depreciationAndAmortization": 71024000, "ebitda": 477281000, "ebitdaratio": 0.5935895251, "operatingIncome": 406257000, "operatingIncomeRatio": 0.5052576988, "totalOtherIncomeExpensesNet": -115018000, "incomeBeforeTax": 291239000, "incomeBeforeTaxRatio": 0.362210982, "incomeTaxExpense": 84715000, "netIncome": 206524000, "netIncomeRatio": 0.2568517982, "eps": 1.18, "epsdiluted": 1.17, "weightedAverageShsOut": 175126128, "weightedAverageShsOutDil": 176907072, "link": "https://www.sec.gov/Archives/edgar/data/22356/000095013704001768/0000950137-04-001768-index.htm", "finalLink": "https://www.sec.gov/Archives/edgar/data/22356/000095013704001768/c82294e10vk.htm", "calculatedOtherExpenses": 118806000, "calculatedOperatingExpenses": 397802000, "calculatedNetInterest": 502392000, "calculatedOtherIncome": -617410000, "calculatedIncomeNonControlling": 0, "calculatedEbitda": 477281000}, {"date": "2002-12-31", "symbol": "CBSH", "reportedCurrency": "USD", "cik": "0000022356", "fillingDate": "2003-03-12", "acceptedDate": "2003-03-12 09:50:14", "calendarYear": "2002", "period": "FY", "revenue": 780537000, "costOfRevenue": 0, "grossProfit": 780537000, "grossProfitRatio": 1, "researchAndDevelopmentExpenses": 0, "generalAndAdministrativeExpenses": 250555000, "sellingAndMarketingExpenses": 15001000, "sellingGeneralAndAdministrativeExpenses": 265556000, "otherExpenses": 0, "operatingExpenses": 15001000, "costAndExpenses": 15001000, "interestIncome": 652553000, "interestExpense": 152588000, "depreciationAndAmortization": 54223000, "ebitda": 500313000, "ebitdaratio": 0.6409856291, "operatingIncome": 446090000, "operatingIncomeRatio": 0.5715167891, "totalOtherIncomeExpensesNet": -152588000, "incomeBeforeTax": 293502000, "incomeBeforeTaxRatio": 0.3760257361, "incomeTaxExpense": 94004000, "netIncome": 199498000, "netIncomeRatio": 0.2555907023, "eps": 1.09, "epsdiluted": 1.07, "weightedAverageShsOut": 183746462, "weightedAverageShsOutDil": 186102186, "link": "https://www.sec.gov/Archives/edgar/data/22356/000095013403003708/0000950134-03-003708-index.htm", "finalLink": "https://www.sec.gov/Archives/edgar/data/22356/000095013403003708/c74396e10vk.htm", "calculatedOtherExpenses": 68891000, "calculatedOperatingExpenses": 334447000, "calculatedNetInterest": 499965000, "calculatedOtherIncome": -652553000, "calculatedIncomeNonControlling": 0, "calculatedEbitda": 500313000}, {"date": "2001-12-31", "symbol": "CBSH", "reportedCurrency": "USD", "cik": "0000022356", "fillingDate": "2002-03-11", "acceptedDate": "2002-03-11 00:00:00", "calendarYear": "2001", "period": "FY", "revenue": 745422000, "costOfRevenue": 0, "grossProfit": 745422000, "grossProfitRatio": 1, "researchAndDevelopmentExpenses": 0, "generalAndAdministrativeExpenses": 236133000, "sellingAndMarketingExpenses": 12914000, "sellingGeneralAndAdministrativeExpenses": 249047000, "otherExpenses": 0, "operatingExpenses": 12914000, "costAndExpenses": 12914000, "interestIncome": 750962000, "interestExpense": 283052000, "depreciationAndAmortization": 44891000, "ebitda": 597304000, "ebitdaratio": 0.8012964468, "operatingIncome": 552413000, "operatingIncomeRatio": 0.7410741835, "totalOtherIncomeExpensesNet": -283052000, "incomeBeforeTax": 269361000, "incomeBeforeTaxRatio": 0.361353703, "incomeTaxExpense": 87387000, "netIncome": 181974000, "netIncomeRatio": 0.2441221214, "eps": 0.97, "epsdiluted": 0.96, "weightedAverageShsOut": 187034862, "weightedAverageShsOutDil": 189585337, "link": "https://www.sec.gov/Archives/edgar/data/22356/000095013402001975/0000950134-02-001975-index.htm", "finalLink": "https://www.sec.gov/Archives/edgar/data/22356/000095013402001975/c66774e10-k.htm", "calculatedOtherExpenses": -56038000, "calculatedOperatingExpenses": 193009000, "calculatedNetInterest": 467910000, "calculatedOtherIncome": -750962000, "calculatedIncomeNonControlling": 0, "calculatedEbitda": 597304000}, {"date": "2000-12-31", "symbol": "CBSH", "reportedCurrency": "USD", "cik": "0000022356", "fillingDate": "2001-03-13", "acceptedDate": "2001-03-13 00:00:00", "calendarYear": "2000", "period": "FY", "revenue": 733461000, "costOfRevenue": 0, "grossProfit": 733461000, "grossProfitRatio": 1, "researchAndDevelopmentExpenses": 0, "generalAndAdministrativeExpenses": 220656000, "sellingAndMarketingExpenses": 13274000, "sellingGeneralAndAdministrativeExpenses": 233930000, "otherExpenses": -367955000, "operatingExpenses": -134025000, "costAndExpenses": -134025000, "interestIncome": 812168000, "interestExpense": 331515000, "depreciationAndAmortization": 40996000, "ebitda": 640432000, "ebitdaratio": 0.8731643537, "operatingIncome": 599436000, "operatingIncomeRatio": 0.8172704479, "totalOtherIncomeExpensesNet": -331515000, "incomeBeforeTax": 267921000, "incomeBeforeTaxRatio": 0.3652832257, "incomeTaxExpense": 89347000, "netIncome": 178574000, "netIncomeRatio": 0.2434676145, "eps": 0.94, "epsdiluted": 0.93, "weightedAverageShsOut": 190159125, "weightedAverageShsOutDil": 192717320, "link": "https://www.sec.gov/Archives/edgar/data/22356/000095010901500205/0000950109-01-500205-index.htm", "finalLink": "https://www.sec.gov/Archives/edgar/data/22356/000095010901500205/d10k.htm", "calculatedOtherExpenses": -99905000, "calculatedOperatingExpenses": 134025000, "calculatedNetInterest": 480653000, "calculatedOtherIncome": -812168000, "calculatedIncomeNonControlling": 0, "calculatedEbitda": 640432000}, {"date": "1999-12-31", "symbol": "CBSH", "reportedCurrency": "USD", "cik": "0000022356", "fillingDate": "2000-03-17", "acceptedDate": "2000-03-17 00:00:00", "calendarYear": "1999", "period": "FY", "revenue": 702200000, "costOfRevenue": 0, "grossProfit": 702200000, "grossProfitRatio": 1, "researchAndDevelopmentExpenses": 0, "generalAndAdministrativeExpenses": 215200000, "sellingAndMarketingExpenses": 12900000, "sellingGeneralAndAdministrativeExpenses": 228100000, "otherExpenses": -397900000, "operatingExpenses": -169800000, "costAndExpenses": -169800000, "interestIncome": 750600000, "interestExpense": 284600000, "depreciationAndAmortization": 43200000, "ebitda": 575600000, "ebitdaratio": 0.8197094845, "operatingIncome": 532400000, "operatingIncomeRatio": 0.7581885503, "totalOtherIncomeExpensesNet": -284600000, "incomeBeforeTax": 247800000, "incomeBeforeTaxRatio": 0.3528909143, "incomeTaxExpense": 81600000, "netIncome": 166200000, "netIncomeRatio": 0.2366847052, "eps": 0.85, "epsdiluted": 0.84, "weightedAverageShsOut": 194471333, "weightedAverageShsOutDil": 196833333, "link": "https://www.sec.gov/Archives/edgar/data/22356/000002235600000006/0000022356-00-000006-index.htm", "finalLink": "https://www.sec.gov/Archives/edgar/data/22356/000002235600000006/0000022356-00-000006.txt", "calculatedOtherExpenses": -58300000, "calculatedOperatingExpenses": 169800000, "calculatedNetInterest": 466000000, "calculatedOtherIncome": -750600000, "calculatedIncomeNonControlling": 0, "calculatedEbitda": 575600000}, {"date": "1998-12-31", "symbol": "CBSH", "reportedCurrency": "USD", "cik": "0000022356", "fillingDate": "1999-03-16", "acceptedDate": "1999-03-16 00:00:00", "calendarYear": "1998", "period": "FY", "revenue": 641700000, "costOfRevenue": 0, "grossProfit": 641700000, "grossProfitRatio": 1, "researchAndDevelopmentExpenses": 0, "generalAndAdministrativeExpenses": 198100000, "sellingAndMarketingExpenses": 12200000, "sellingGeneralAndAdministrativeExpenses": 210300000, "otherExpenses": -325600000, "operatingExpenses": -115300000, "costAndExpenses": -115300000, "interestIncome": 728500000, "interestExpense": 300800000, "depreciationAndAmortization": 36000000, "ebitda": 562400000, "ebitdaratio": 0.8764220041, "operatingIncome": 526400000, "operatingIncomeRatio": 0.8203210223, "totalOtherIncomeExpensesNet": -300800000, "incomeBeforeTax": 225600000, "incomeBeforeTaxRatio": 0.3515661524, "incomeTaxExpense": 75500000, "netIncome": 150100000, "netIncomeRatio": 0.2339099268, "eps": 0.76, "epsdiluted": 0.76, "weightedAverageShsOut": 197449689, "weightedAverageShsOutDil": 197449689, "link": "https://www.sec.gov/Archives/edgar/data/22356/000002235699000002/0000022356-99-000002-index.htm", "finalLink": "https://www.sec.gov/Archives/edgar/data/22356/0000022356-99-000002.txt", "calculatedOtherExpenses": -95000000, "calculatedOperatingExpenses": 115300000, "calculatedNetInterest": 427700000, "calculatedOtherIncome": -728500000, "calculatedIncomeNonControlling": 0, "calculatedEbitda": 562400000}, {"date": "1997-12-31", "symbol": "CBSH", "reportedCurrency": "USD", "cik": "0000022356", "fillingDate": "1998-03-13", "acceptedDate": "1998-03-13 00:00:00", "calendarYear": "1997", "period": "FY", "revenue": 577900000, "costOfRevenue": 0, "grossProfit": 577900000, "grossProfitRatio": 1, "researchAndDevelopmentExpenses": 0, "generalAndAdministrativeExpenses": 179100000, "sellingAndMarketingExpenses": 12800000, "sellingGeneralAndAdministrativeExpenses": 191900000, "otherExpenses": -282600000, "operatingExpenses": -90700000, "costAndExpenses": -90700000, "interestIncome": 682900000, "interestExpense": 285100000, "depreciationAndAmortization": 39600000, "ebitda": 526800000, "ebitdaratio": 0.9115763973, "operatingIncome": 487200000, "operatingIncomeRatio": 0.8430524312, "totalOtherIncomeExpensesNet": -285100000, "incomeBeforeTax": 202100000, "incomeBeforeTaxRatio": 0.3497144835, "incomeTaxExpense": 69400000, "netIncome": 132700000, "netIncomeRatio": 0.2296245025, "eps": 0.67, "epsdiluted": 0.66, "weightedAverageShsOut": 198251162, "weightedAverageShsOutDil": 200611295, "link": "https://www.sec.gov/Archives/edgar/data/22356/000002235698000003/0000022356-98-000003-index.htm", "finalLink": "https://www.sec.gov/Archives/edgar/data/22356/0000022356-98-000003.txt", "calculatedOtherExpenses": -101200000, "calculatedOperatingExpenses": 90700000, "calculatedNetInterest": 397800000, "calculatedOtherIncome": -682900000, "calculatedIncomeNonControlling": 0, "calculatedEbitda": 526800000}, {"date": "1996-12-31", "symbol": "CBSH", "reportedCurrency": "USD", "cik": "0000022356", "fillingDate": "1997-03-13", "acceptedDate": "1997-03-13 00:00:00", "calendarYear": "1996", "period": "FY", "revenue": 524900000, "costOfRevenue": 0, "grossProfit": 524900000, "grossProfitRatio": 1, "researchAndDevelopmentExpenses": 0, "generalAndAdministrativeExpenses": 165300000, "sellingAndMarketingExpenses": 11700000, "sellingGeneralAndAdministrativeExpenses": 177000000, "otherExpenses": -237600000, "operatingExpenses": -60600000, "costAndExpenses": -60600000, "interestIncome": 647600000, "interestExpense": 281900000, "depreciationAndAmortization": 51300000, "ebitda": 515600000, "ebitdaratio": 0.9822823395, "operatingIncome": 464300000, "operatingIncomeRatio": 0.884549438, "totalOtherIncomeExpensesNet": -281900000, "incomeBeforeTax": 182400000, "incomeBeforeTaxRatio": 0.3474947609, "incomeTaxExpense": 62900000, "netIncome": 119500000, "netIncomeRatio": 0.2276624119, "eps": 0.58, "epsdiluted": 0.58, "weightedAverageShsOut": 205073422, "weightedAverageShsOutDil": 206451686, "link": "https://www.sec.gov/Archives/edgar/data/22356/000002235697000003/0000022356-97-000003-index.htm", "finalLink": "https://www.sec.gov/Archives/edgar/data/22356/0000022356-97-000003.txt", "calculatedOtherExpenses": -116400000, "calculatedOperatingExpenses": 60600000, "calculatedNetInterest": 365700000, "calculatedOtherIncome": -647600000, "calculatedIncomeNonControlling": 0, "calculatedEbitda": 515600000}, {"date": "1995-12-31", "symbol": "CBSH", "reportedCurrency": "USD", "cik": "0000022356", "fillingDate": "1996-03-08", "acceptedDate": "1996-03-08 00:00:00", "calendarYear": "1995", "period": "FY", "revenue": 488900000, "costOfRevenue": 0, "grossProfit": 488900000, "grossProfitRatio": 1, "researchAndDevelopmentExpenses": 0, "generalAndAdministrativeExpenses": 157900000, "sellingAndMarketingExpenses": 11600000, "sellingGeneralAndAdministrativeExpenses": 169500000, "otherExpenses": -214400000, "operatingExpenses": -44900000, "costAndExpenses": -44900000, "interestIncome": 631000000, "interestExpense": 275300000, "depreciationAndAmortization": 50100000, "ebitda": 494100000, "ebitdaratio": 1.0106361219, "operatingIncome": 444000000, "operatingIncomeRatio": 0.9081611782, "totalOtherIncomeExpensesNet": -275300000, "incomeBeforeTax": 168700000, "incomeBeforeTaxRatio": 0.3450603395, "incomeTaxExpense": 61100000, "netIncome": 107600000, "netIncomeRatio": 0.2200859071, "eps": 0.51, "epsdiluted": 0.51, "weightedAverageShsOut": 211698173, "weightedAverageShsOutDil": 212748522, "link": "https://www.sec.gov/Archives/edgar/data/22356/000002235696000004/0000022356-96-000004-index.htm", "finalLink": "https://www.sec.gov/Archives/edgar/data/22356/000002235696000004/", "calculatedOtherExpenses": -124600000, "calculatedOperatingExpenses": 44900000, "calculatedNetInterest": 355700000, "calculatedOtherIncome": -631000000, "calculatedIncomeNonControlling": 0, "calculatedEbitda": 494100000}, {"date": "1994-12-31", "symbol": "CBSH", "reportedCurrency": "USD", "cik": "0000022356", "fillingDate": "1994-12-31", "acceptedDate": "1994-12-30 19:00:00", "calendarYear": "1994", "period": "FY", "revenue": 435600000, "costOfRevenue": 0, "grossProfit": 435600000, "grossProfitRatio": 1, "researchAndDevelopmentExpenses": 0, "generalAndAdministrativeExpenses": 144000000, "sellingAndMarketingExpenses": 10800000, "sellingGeneralAndAdministrativeExpenses": 154800000, "otherExpenses": -257000000, "operatingExpenses": -102200000, "costAndExpenses": -102200000, "interestIncome": 500300000, "interestExpense": 185700000, "depreciationAndAmortization": 56100000, "ebitda": 389500000, "ebitdaratio": 0.8941689624, "operatingIncome": 333400000, "operatingIncomeRatio": 0.7653810836, "totalOtherIncomeExpensesNet": -185700000, "incomeBeforeTax": 147700000, "incomeBeforeTaxRatio": 0.3390725436, "incomeTaxExpense": 51600000, "netIncome": 96100000, "netIncomeRatio": 0.2206152433, "eps": 0.48, "epsdiluted": 0.48, "weightedAverageShsOut": 200080717, "weightedAverageShsOutDil": 200080717, "link": "", "finalLink": "", "calculatedOtherExpenses": -52600000, "calculatedOperatingExpenses": 102200000, "calculatedNetInterest": 314600000, "calculatedOtherIncome": -500300000, "calculatedIncomeNonControlling": 0, "calculatedEbitda": 389500000}, {"date": "1993-12-31", "symbol": "CBSH", "reportedCurrency": "USD", "cik": "0000022356", "fillingDate": "1993-12-31", "acceptedDate": "1993-12-30 19:00:00", "calendarYear": "1993", "period": "FY", "revenue": 405900000, "costOfRevenue": 0, "grossProfit": 405900000, "grossProfitRatio": 1, "researchAndDevelopmentExpenses": 0, "generalAndAdministrativeExpenses": 134400000, "sellingAndMarketingExpenses": 7500000, "sellingGeneralAndAdministrativeExpenses": 141900000, "otherExpenses": -234600000, "operatingExpenses": -92700000, "costAndExpenses": -92700000, "interestIncome": 460400000, "interestExpense": 175900000, "depreciationAndAmortization": 57400000, "ebitda": 370600000, "ebitdaratio": 0.9130327667, "operatingIncome": 313200000, "operatingIncomeRatio": 0.7716186253, "totalOtherIncomeExpensesNet": -175900000, "incomeBeforeTax": 137300000, "incomeBeforeTaxRatio": 0.3382606553, "incomeTaxExpense": 50400000, "netIncome": 86900000, "netIncomeRatio": 0.2140921409, "eps": 0.44, "epsdiluted": 0.44, "weightedAverageShsOut": 195453517, "weightedAverageShsOutDil": 195453517, "link": "", "finalLink": "", "calculatedOtherExpenses": -49200000, "calculatedOperatingExpenses": 92700000, "calculatedNetInterest": 284500000, "calculatedOtherIncome": -460400000, "calculatedIncomeNonControlling": 0, "calculatedEbitda": 370600000}, {"date": "1992-12-31", "symbol": "CBSH", "reportedCurrency": "USD", "cik": "0000022356", "fillingDate": "1992-12-31", "acceptedDate": "1992-12-30 19:00:00", "calendarYear": "1992", "period": "FY", "revenue": 356300000, "costOfRevenue": 0, "grossProfit": 356300000, "grossProfitRatio": 1, "researchAndDevelopmentExpenses": 0, "generalAndAdministrativeExpenses": 116600000, "sellingAndMarketingExpenses": 6200000, "sellingGeneralAndAdministrativeExpenses": 122800000, "otherExpenses": -164400000, "operatingExpenses": -41600000, "costAndExpenses": -41600000, "interestIncome": 450600000, "interestExpense": 202900000, "depreciationAndAmortization": 20400000, "ebitda": 335100000, "ebitdaratio": 0.940499579, "operatingIncome": 314700000, "operatingIncomeRatio": 0.8832444569, "totalOtherIncomeExpensesNet": -202900000, "incomeBeforeTax": 111800000, "incomeBeforeTaxRatio": 0.313780522, "incomeTaxExpense": 40100000, "netIncome": 71700000, "netIncomeRatio": 0.2012349144, "eps": 0.39, "epsdiluted": 0.39, "weightedAverageShsOut": 184111834, "weightedAverageShsOutDil": 184111834, "link": "", "finalLink": "", "calculatedOtherExpenses": -81200000, "calculatedOperatingExpenses": 41600000, "calculatedNetInterest": 247700000, "calculatedOtherIncome": -450600000, "calculatedIncomeNonControlling": 0, "calculatedEbitda": 335100000}, {"date": "1991-12-31", "symbol": "CBSH", "reportedCurrency": "USD", "cik": "0000022356", "fillingDate": "1991-12-31", "acceptedDate": "1991-12-30 19:00:00", "calendarYear": "1991", "period": "FY", "revenue": 307800000, "costOfRevenue": 0, "grossProfit": 307800000, "grossProfitRatio": 1, "researchAndDevelopmentExpenses": 0, "generalAndAdministrativeExpenses": 102600000, "sellingAndMarketingExpenses": 5200000, "sellingGeneralAndAdministrativeExpenses": 107800000, "otherExpenses": -38500000, "operatingExpenses": 69300000, "costAndExpenses": 69300000, "interestIncome": 508900000, "interestExpense": 286200000, "depreciationAndAmortization": 23400000, "ebitda": 400500000, "ebitdaratio": 1.3011695906, "operatingIncome": 377100000, "operatingIncomeRatio": 1.2251461988, "totalOtherIncomeExpensesNet": -286200000, "incomeBeforeTax": 90900000, "incomeBeforeTaxRatio": 0.2953216374, "incomeTaxExpense": 31100000, "netIncome": 59800000, "netIncomeRatio": 0.1942820013, "eps": 0.33, "epsdiluted": 0.33, "weightedAverageShsOut": 178898926, "weightedAverageShsOutDil": 178898926, "link": "", "finalLink": "", "calculatedOtherExpenses": -177100000, "calculatedOperatingExpenses": -69300000, "calculatedNetInterest": 222700000, "calculatedOtherIncome": -508900000, "calculatedIncomeNonControlling": 0, "calculatedEbitda": 400500000}, {"date": "1990-12-31", "symbol": "CBSH", "reportedCurrency": "USD", "cik": "0000022356", "fillingDate": "1990-12-31", "acceptedDate": "1990-12-30 19:00:00", "calendarYear": "1990", "period": "FY", "revenue": 283900000, "costOfRevenue": 0, "grossProfit": 283900000, "grossProfitRatio": 1, "researchAndDevelopmentExpenses": 0, "generalAndAdministrativeExpenses": 96400000, "sellingAndMarketingExpenses": 5900000, "sellingGeneralAndAdministrativeExpenses": 102300000, "otherExpenses": 18100000, "operatingExpenses": 120400000, "costAndExpenses": 120400000, "interestIncome": 526900000, "interestExpense": 314600000, "depreciationAndAmortization": 18200000, "ebitda": 422500000, "ebitdaratio": 1.4882000704, "operatingIncome": 404300000, "operatingIncomeRatio": 1.4240929905, "totalOtherIncomeExpensesNet": -316600000, "incomeBeforeTax": 87700000, "incomeBeforeTaxRatio": 0.3089115886, "incomeTaxExpense": 30200000, "netIncome": 59500000, "netIncomeRatio": 0.2095808383, "eps": 0.34, "epsdiluted": 0.34, "weightedAverageShsOut": 174611068, "weightedAverageShsOutDil": 174611068, "link": "", "finalLink": "", "calculatedOtherExpenses": -222700000, "calculatedOperatingExpenses": -120400000, "calculatedNetInterest": 212300000, "calculatedOtherIncome": -528900000, "calculatedIncomeNonControlling": -2000000, "calculatedEbitda": 422500000}, {"date": "1989-12-31", "symbol": "CBSH", "reportedCurrency": "USD", "cik": "0000022356", "fillingDate": "1989-12-31", "acceptedDate": "1989-12-30 19:00:00", "calendarYear": "1989", "period": "FY", "revenue": 276300000, "costOfRevenue": 0, "grossProfit": 276300000, "grossProfitRatio": 1, "researchAndDevelopmentExpenses": 0, "generalAndAdministrativeExpenses": 89000000, "sellingAndMarketingExpenses": 5900000, "sellingGeneralAndAdministrativeExpenses": 94900000, "otherExpenses": 8500000, "operatingExpenses": 103400000, "costAndExpenses": 103400000, "interestIncome": 498300000, "interestExpense": 291800000, "depreciationAndAmortization": 14300000, "ebitda": 394000000, "ebitdaratio": 1.4259862468, "operatingIncome": 379700000, "operatingIncomeRatio": 1.3742309084, "totalOtherIncomeExpensesNet": -291800000, "incomeBeforeTax": 87900000, "incomeBeforeTaxRatio": 0.3181324647, "incomeTaxExpense": 28900000, "netIncome": 59000000, "netIncomeRatio": 0.2135360116, "eps": 0.33, "epsdiluted": 0.33, "weightedAverageShsOut": 178236396, "weightedAverageShsOutDil": 178236396, "link": "", "finalLink": "", "calculatedOtherExpenses": -198300000, "calculatedOperatingExpenses": -103400000, "calculatedNetInterest": 206500000, "calculatedOtherIncome": -498300000, "calculatedIncomeNonControlling": 0, "calculatedEbitda": 394000000}, {"date": "1988-12-31", "symbol": "CBSH", "reportedCurrency": "USD", "cik": "0000022356", "fillingDate": "1988-12-31", "acceptedDate": "1988-12-30 19:00:00", "calendarYear": "1988", "period": "FY", "revenue": 0, "costOfRevenue": 0, "grossProfit": 0, "grossProfitRatio": 0, "researchAndDevelopmentExpenses": 0, "generalAndAdministrativeExpenses": 0, "sellingAndMarketingExpenses": 0, "sellingGeneralAndAdministrativeExpenses": 0, "otherExpenses": 49000000, "operatingExpenses": 49000000, "costAndExpenses": 49000000, "interestIncome": 0, "interestExpense": 0, "depreciationAndAmortization": 0, "ebitda": 49000000, "ebitdaratio": 0, "operatingIncome": 49000000, "operatingIncomeRatio": 0, "totalOtherIncomeExpensesNet": 0, "incomeBeforeTax": 0, "incomeBeforeTaxRatio": 0, "incomeTaxExpense": -49000000, "netIncome": 49000000, "netIncomeRatio": 0, "eps": 0.27, "epsdiluted": 0.27, "weightedAverageShsOut": 184130912, "weightedAverageShsOutDil": 184130912, "link": "", "finalLink": "", "calculatedOtherExpenses": -49000000, "calculatedOperatingExpenses": -49000000, "calculatedNetInterest": 0, "calculatedOtherIncome": -49000000, "calculatedIncomeNonControlling": 0, "calculatedEbitda": 49000000}, {"date": "1987-12-31", "symbol": "CBSH", "reportedCurrency": "USD", "cik": "0000022356", "fillingDate": "1987-12-31", "acceptedDate": "1987-12-30 19:00:00", "calendarYear": "1987", "period": "FY", "revenue": 0, "costOfRevenue": 0, "grossProfit": 0, "grossProfitRatio": 0, "researchAndDevelopmentExpenses": 0, "generalAndAdministrativeExpenses": 0, "sellingAndMarketingExpenses": 0, "sellingGeneralAndAdministrativeExpenses": 0, "otherExpenses": 40100000, "operatingExpenses": 40100000, "costAndExpenses": 40100000, "interestIncome": 0, "interestExpense": 0, "depreciationAndAmortization": 0, "ebitda": 40100000, "ebitdaratio": 0, "operatingIncome": 40100000, "operatingIncomeRatio": 0, "totalOtherIncomeExpensesNet": 0, "incomeBeforeTax": 0, "incomeBeforeTaxRatio": 0, "incomeTaxExpense": -40100000, "netIncome": 40100000, "netIncomeRatio": 0, "eps": 0.21, "epsdiluted": 0.21, "weightedAverageShsOut": 193067095, "weightedAverageShsOutDil": 193067095, "link": "", "finalLink": "", "calculatedOtherExpenses": -40100000, "calculatedOperatingExpenses": -40100000, "calculatedNetInterest": 0, "calculatedOtherIncome": -40100000, "calculatedIncomeNonControlling": 0, "calculatedEbitda": 40100000}, {"date": "1986-12-31", "symbol": "CBSH", "reportedCurrency": "USD", "cik": "0000022356", "fillingDate": "1986-12-31", "acceptedDate": "1986-12-30 19:00:00", "calendarYear": "1986", "period": "FY", "revenue": 0, "costOfRevenue": 0, "grossProfit": 0, "grossProfitRatio": 0, "researchAndDevelopmentExpenses": 0, "generalAndAdministrativeExpenses": 0, "sellingAndMarketingExpenses": 0, "sellingGeneralAndAdministrativeExpenses": 0, "otherExpenses": 39200000, "operatingExpenses": 39200000, "costAndExpenses": 39200000, "interestIncome": 0, "interestExpense": 0, "depreciationAndAmortization": 0, "ebitda": 39200000, "ebitdaratio": 0, "operatingIncome": 39200000, "operatingIncomeRatio": 0, "totalOtherIncomeExpensesNet": 0, "incomeBeforeTax": 0, "incomeBeforeTaxRatio": 0, "incomeTaxExpense": -39200000, "netIncome": 39200000, "netIncomeRatio": 0, "eps": 0.2, "epsdiluted": 0.2, "weightedAverageShsOut": 191729349, "weightedAverageShsOutDil": 191729349, "link": "", "finalLink": "", "calculatedOtherExpenses": -39200000, "calculatedOperatingExpenses": -39200000, "calculatedNetInterest": 0, "calculatedOtherIncome": -39200000, "calculatedIncomeNonControlling": 0, "calculatedEbitda": 39200000}, {"date": "1985-12-31", "symbol": "CBSH", "reportedCurrency": "USD", "cik": "0000022356", "fillingDate": "1985-12-31", "acceptedDate": "1985-12-30 19:00:00", "calendarYear": "1985", "period": "FY", "revenue": 0, "costOfRevenue": 0, "grossProfit": 0, "grossProfitRatio": 0, "researchAndDevelopmentExpenses": 0, "generalAndAdministrativeExpenses": 0, "sellingAndMarketingExpenses": 0, "sellingGeneralAndAdministrativeExpenses": 0, "otherExpenses": 37900000, "operatingExpenses": 37900000, "costAndExpenses": 37900000, "interestIncome": 0, "interestExpense": 0, "depreciationAndAmortization": 0, "ebitda": 37900000, "ebitdaratio": 0, "operatingIncome": 37900000, "operatingIncomeRatio": 0, "totalOtherIncomeExpensesNet": 0, "incomeBeforeTax": 0, "incomeBeforeTaxRatio": 0, "incomeTaxExpense": -37900000, "netIncome": 37900000, "netIncomeRatio": 0, "eps": 0.19, "epsdiluted": 0.19, "weightedAverageShsOut": 194639847, "weightedAverageShsOutDil": 194639847, "link": "", "finalLink": "", "calculatedOtherExpenses": -37900000, "calculatedOperatingExpenses": -37900000, "calculatedNetInterest": 0, "calculatedOtherIncome": -37900000, "calculatedIncomeNonControlling": 0, "calculatedEbitda": 37900000}]}