{"originalCurrency": "USD", "convertedCurrency": "USD", "report": [{"date": "2023-09-30", "symbol": "CBT", "reportedCurrency": "USD", "cik": "0000016040", "fillingDate": "2023-11-22", "acceptedDate": "2023-11-22 15:35:41", "calendarYear": "2023", "period": "FY", "revenue": 3931000000, "costOfRevenue": 3092000000, "grossProfit": 839000000, "grossProfitRatio": 0.2134316968, "researchAndDevelopmentExpenses": 57000000, "generalAndAdministrativeExpenses": 0, "sellingAndMarketingExpenses": 0, "sellingGeneralAndAdministrativeExpenses": 253000000, "otherExpenses": -16000000, "operatingExpenses": 310000000, "costAndExpenses": 3402000000, "interestIncome": 31000000, "interestExpense": 90000000, "depreciationAndAmortization": 144000000, "ebitda": 688000000, "ebitdaratio": 0.1750190791, "operatingIncome": 526000000, "operatingIncomeRatio": 0.1338081913, "totalOtherIncomeExpensesNet": -19000000, "incomeBeforeTax": 451000000, "incomeBeforeTaxRatio": 0.1147290766, "incomeTaxExpense": -28000000, "netIncome": 445000000, "netIncomeRatio": 0.1132027474, "eps": 8.06, "epsdiluted": 7.93, "weightedAverageShsOut": 56100000, "weightedAverageShsOutDil": 56100000, "link": "https://www.sec.gov/Archives/edgar/data/16040/000095017023065844/0000950170-23-065844-index.htm", "finalLink": "https://www.sec.gov/Archives/edgar/data/16040/000095017023065844/cbt-20230930.htm", "calculatedOtherExpenses": 3000000, "calculatedOperatingExpenses": 313000000, "calculatedNetInterest": -59000000, "calculatedOtherIncome": -16000000, "calculatedIncomeNonControlling": 34000000, "calculatedEbitda": 670000000}, {"date": "2022-09-30", "symbol": "CBT", "reportedCurrency": "USD", "cik": "0000016040", "fillingDate": "2022-11-23", "acceptedDate": "2022-11-23 14:31:13", "calendarYear": "2022", "period": "FY", "revenue": 4321000000, "costOfRevenue": 3436000000, "grossProfit": 885000000, "grossProfitRatio": 0.2048137005, "researchAndDevelopmentExpenses": 55000000, "generalAndAdministrativeExpenses": 0, "sellingAndMarketingExpenses": 0, "sellingGeneralAndAdministrativeExpenses": 258000000, "otherExpenses": -9000000, "operatingExpenses": 313000000, "costAndExpenses": 3749000000, "interestIncome": 11000000, "interestExpense": 56000000, "depreciationAndAmortization": 146000000, "ebitda": 720000000, "ebitdaratio": 0.1666280953, "operatingIncome": 574000000, "operatingIncomeRatio": 0.1328396205, "totalOtherIncomeExpensesNet": -239000000, "incomeBeforeTax": 335000000, "incomeBeforeTaxRatio": 0.0775283499, "incomeTaxExpense": 102000000, "netIncome": 209000000, "netIncomeRatio": 0.0483684332, "eps": 3.65, "epsdiluted": 3.62, "weightedAverageShsOut": 56500000, "weightedAverageShsOutDil": 56900000, "link": "https://www.sec.gov/Archives/edgar/data/16040/000156459022038228/0001564590-22-038228-index.htm", "finalLink": "https://www.sec.gov/Archives/edgar/data/16040/000156459022038228/cbt-10k_20220930.htm", "calculatedOtherExpenses": -2000000, "calculatedOperatingExpenses": 311000000, "calculatedNetInterest": -45000000, "calculatedOtherIncome": -194000000, "calculatedIncomeNonControlling": 24000000, "calculatedEbitda": 720000000}, {"date": "2021-09-30", "symbol": "CBT", "reportedCurrency": "USD", "cik": "0000016040", "fillingDate": "2021-11-29", "acceptedDate": "2021-11-29 17:01:50", "calendarYear": "2021", "period": "FY", "revenue": 3409000000, "costOfRevenue": 2610000000, "grossProfit": 799000000, "grossProfitRatio": 0.2343795835, "researchAndDevelopmentExpenses": 56000000, "generalAndAdministrativeExpenses": 0, "sellingAndMarketingExpenses": 0, "sellingGeneralAndAdministrativeExpenses": 289000000, "otherExpenses": -7000000, "operatingExpenses": 345000000, "costAndExpenses": 2955000000, "interestIncome": 8000000, "interestExpense": 49000000, "depreciationAndAmortization": 161000000, "ebitda": 615000000, "ebitdaratio": 0.1804048108, "operatingIncome": 454000000, "operatingIncomeRatio": 0.1331768847, "totalOtherIncomeExpensesNet": -48000000, "incomeBeforeTax": 406000000, "incomeBeforeTaxRatio": 0.1190965092, "incomeTaxExpense": 123000000, "netIncome": 250000000, "netIncomeRatio": 0.0733352889, "eps": 4.35, "epsdiluted": 4.34, "weightedAverageShsOut": 56700000, "weightedAverageShsOutDil": 56800000, "link": "https://www.sec.gov/Archives/edgar/data/16040/000156459021058692/0001564590-21-058692-index.htm", "finalLink": "https://www.sec.gov/Archives/edgar/data/16040/000156459021058692/cbt-10k_20210930.htm", "calculatedOtherExpenses": 0, "calculatedOperatingExpenses": 345000000, "calculatedNetInterest": -41000000, "calculatedOtherIncome": -7000000, "calculatedIncomeNonControlling": 33000000, "calculatedEbitda": 615000000}, {"date": "2020-09-30", "symbol": "CBT", "reportedCurrency": "USD", "cik": "0000016040", "fillingDate": "2020-11-25", "acceptedDate": "2020-11-25 14:02:59", "calendarYear": "2020", "period": "FY", "revenue": 2614000000, "costOfRevenue": 2114000000, "grossProfit": 500000000, "grossProfitRatio": 0.1912777353, "researchAndDevelopmentExpenses": 57000000, "generalAndAdministrativeExpenses": 0, "sellingAndMarketingExpenses": 0, "sellingGeneralAndAdministrativeExpenses": 292000000, "otherExpenses": -9000000, "operatingExpenses": 349000000, "costAndExpenses": 2463000000, "interestIncome": 8000000, "interestExpense": 53000000, "depreciationAndAmortization": 158000000, "ebitda": 308000000, "ebitdaratio": 0.1178270849, "operatingIncome": 150000000, "operatingIncomeRatio": 0.0573833206, "totalOtherIncomeExpensesNet": -183000000, "incomeBeforeTax": -33000000, "incomeBeforeTaxRatio": -0.0126243305, "incomeTaxExpense": 191000000, "netIncome": -224000000, "netIncomeRatio": -0.0856924254, "eps": -3.96, "epsdiluted": -3.96, "weightedAverageShsOut": 56532066, "weightedAverageShsOutDil": 56600000, "link": "https://www.sec.gov/Archives/edgar/data/16040/000156459020055198/0001564590-20-055198-index.htm", "finalLink": "https://www.sec.gov/Archives/edgar/data/16040/000156459020055198/cbt-10k_20200930.htm", "calculatedOtherExpenses": 1000000, "calculatedOperatingExpenses": 350000000, "calculatedNetInterest": -45000000, "calculatedOtherIncome": -138000000, "calculatedIncomeNonControlling": 0, "calculatedEbitda": 308000000}, {"date": "2019-09-30", "symbol": "CBT", "reportedCurrency": "USD", "cik": "0000016040", "fillingDate": "2019-11-22", "acceptedDate": "2019-11-22 15:31:15", "calendarYear": "2019", "period": "FY", "revenue": 3337000000, "costOfRevenue": 2652000000, "grossProfit": 685000000, "grossProfitRatio": 0.2052741984, "researchAndDevelopmentExpenses": 60000000, "generalAndAdministrativeExpenses": 0, "sellingAndMarketingExpenses": 0, "sellingGeneralAndAdministrativeExpenses": 290000000, "otherExpenses": -1000000, "operatingExpenses": 350000000, "costAndExpenses": 3002000000, "interestIncome": 9000000, "interestExpense": 59000000, "depreciationAndAmortization": 185000000, "ebitda": 491000000, "ebitdaratio": 0.147138148, "operatingIncome": 306000000, "operatingIncomeRatio": 0.091699131, "totalOtherIncomeExpensesNet": -51000000, "incomeBeforeTax": 255000000, "incomeBeforeTaxRatio": 0.0764159425, "incomeTaxExpense": 70000000, "netIncome": 157000000, "netIncomeRatio": 0.0470482469, "eps": 2.67, "epsdiluted": 2.67, "weightedAverageShsOut": 58700000, "weightedAverageShsOutDil": 58800000, "link": "https://www.sec.gov/Archives/edgar/data/16040/000156459019044207/0001564590-19-044207-index.htm", "finalLink": "https://www.sec.gov/Archives/edgar/data/16040/000156459019044207/cbt-10k_20190930.htm", "calculatedOtherExpenses": 29000000, "calculatedOperatingExpenses": 379000000, "calculatedNetInterest": -50000000, "calculatedOtherIncome": -1000000, "calculatedIncomeNonControlling": 28000000, "calculatedEbitda": 491000000}, {"date": "2018-09-30", "symbol": "CBT", "reportedCurrency": "USD", "cik": "0000016040", "fillingDate": "2018-11-21", "acceptedDate": "2018-11-21 12:52:10", "calendarYear": "2018", "period": "FY", "revenue": 3242000000, "costOfRevenue": 2461000000, "grossProfit": 781000000, "grossProfitRatio": 0.2409006786, "researchAndDevelopmentExpenses": 66000000, "generalAndAdministrativeExpenses": 305000000, "sellingAndMarketingExpenses": 0, "sellingGeneralAndAdministrativeExpenses": 305000000, "otherExpenses": 5000000, "operatingExpenses": 371000000, "costAndExpenses": 2832000000, "interestIncome": 10000000, "interestExpense": 54000000, "depreciationAndAmortization": 149000000, "ebitda": 574000000, "ebitdaratio": 0.177051203, "operatingIncome": 156000000, "operatingIncomeRatio": 0.0481184454, "totalOtherIncomeExpensesNet": -249000000, "incomeBeforeTax": 117000000, "incomeBeforeTaxRatio": 0.0360888341, "incomeTaxExpense": 193000000, "netIncome": -113000000, "netIncomeRatio": -0.0348550278, "eps": -1.87, "epsdiluted": -1.83, "weightedAverageShsOut": 60366569, "weightedAverageShsOutDil": 61700000, "link": "https://www.sec.gov/Archives/edgar/data/16040/000156459018029997/0001564590-18-029997-index.htm", "finalLink": "https://www.sec.gov/Archives/edgar/data/16040/000156459018029997/cbt-10k_20180930.htm", "calculatedOtherExpenses": 254000000, "calculatedOperatingExpenses": 625000000, "calculatedNetInterest": -44000000, "calculatedOtherIncome": 5000000, "calculatedIncomeNonControlling": 37000000, "calculatedEbitda": 305000000}, {"date": "2017-09-30", "symbol": "CBT", "reportedCurrency": "USD", "cik": "0000016040", "fillingDate": "2017-11-22", "acceptedDate": "2017-11-22 11:02:24", "calendarYear": "2017", "period": "FY", "revenue": 2717000000, "costOfRevenue": 2065000000, "grossProfit": 652000000, "grossProfitRatio": 0.2399705558, "researchAndDevelopmentExpenses": 56000000, "generalAndAdministrativeExpenses": 260000000, "sellingAndMarketingExpenses": 0, "sellingGeneralAndAdministrativeExpenses": 260000000, "otherExpenses": -4000000, "operatingExpenses": 316000000, "costAndExpenses": 2381000000, "interestIncome": 9000000, "interestExpense": 53000000, "depreciationAndAmortization": 155000000, "ebitda": 496000000, "ebitdaratio": 0.1825542878, "operatingIncome": 336000000, "operatingIncomeRatio": 0.1236658079, "totalOtherIncomeExpensesNet": -4000000, "incomeBeforeTax": 288000000, "incomeBeforeTaxRatio": 0.1059992639, "incomeTaxExpense": 29000000, "netIncome": 241000000, "netIncomeRatio": 0.0887007729, "eps": 3.89, "epsdiluted": 3.81, "weightedAverageShsOut": 61884347, "weightedAverageShsOutDil": 62700000, "link": "https://www.sec.gov/Archives/edgar/data/16040/000156459017024203/0001564590-17-024203-index.htm", "finalLink": "https://www.sec.gov/Archives/edgar/data/16040/000156459017024203/cbt-10k_20170930.htm", "calculatedOtherExpenses": 0, "calculatedOperatingExpenses": 316000000, "calculatedNetInterest": -44000000, "calculatedOtherIncome": -4000000, "calculatedIncomeNonControlling": 18000000, "calculatedEbitda": 491000000}, {"date": "2016-09-30", "symbol": "CBT", "reportedCurrency": "USD", "cik": "0000016040", "fillingDate": "2016-11-23", "acceptedDate": "2016-11-23 13:11:45", "calendarYear": "2016", "period": "FY", "revenue": 2411000000, "costOfRevenue": 1833000000, "grossProfit": 578000000, "grossProfitRatio": 0.23973455, "researchAndDevelopmentExpenses": 53000000, "generalAndAdministrativeExpenses": 275000000, "sellingAndMarketingExpenses": 0, "sellingGeneralAndAdministrativeExpenses": 275000000, "otherExpenses": -7000000, "operatingExpenses": 328000000, "costAndExpenses": 2161000000, "interestIncome": 5000000, "interestExpense": 54000000, "depreciationAndAmortization": 161000000, "ebitda": 409000000, "ebitdaratio": 0.1696391539, "operatingIncome": 250000000, "operatingIncomeRatio": 0.1036914144, "totalOtherIncomeExpensesNet": -7000000, "incomeBeforeTax": 194000000, "incomeBeforeTaxRatio": 0.0804645375, "incomeTaxExpense": 34000000, "netIncome": 149000000, "netIncomeRatio": 0.061800083, "eps": 2.4, "epsdiluted": 2.36, "weightedAverageShsOut": 62210711, "weightedAverageShsOutDil": 62900000, "link": "https://www.sec.gov/Archives/edgar/data/16040/000156459016029604/0001564590-16-029604-index.htm", "finalLink": "https://www.sec.gov/Archives/edgar/data/16040/000156459016029604/cbt-10k_20160930.htm", "calculatedOtherExpenses": 0, "calculatedOperatingExpenses": 328000000, "calculatedNetInterest": -49000000, "calculatedOtherIncome": -7000000, "calculatedIncomeNonControlling": 11000000, "calculatedEbitda": 411000000}, {"date": "2015-09-30", "symbol": "CBT", "reportedCurrency": "USD", "cik": "0000016040", "fillingDate": "2015-11-25", "acceptedDate": "2015-11-25 16:00:11", "calendarYear": "2015", "period": "FY", "revenue": 2872000000, "costOfRevenue": 2285000000, "grossProfit": 587000000, "grossProfitRatio": 0.2043871866, "researchAndDevelopmentExpenses": 58000000, "generalAndAdministrativeExpenses": 282000000, "sellingAndMarketingExpenses": 0, "sellingGeneralAndAdministrativeExpenses": 282000000, "otherExpenses": -10000000, "operatingExpenses": 340000000, "costAndExpenses": 2625000000, "interestIncome": 4000000, "interestExpense": 53000000, "depreciationAndAmortization": 183000000, "ebitda": 424000000, "ebitdaratio": 0.147632312, "operatingIncome": 38000000, "operatingIncomeRatio": 0.0132311978, "totalOtherIncomeExpensesNet": -572000000, "incomeBeforeTax": -374000000, "incomeBeforeTaxRatio": -0.1302228412, "incomeTaxExpense": -45000000, "netIncome": -331000000, "netIncomeRatio": -0.1152506964, "eps": -5.3, "epsdiluted": -5.22, "weightedAverageShsOut": 62458396, "weightedAverageShsOutDil": 63400000, "link": "https://www.sec.gov/Archives/edgar/data/16040/000156459015011128/0001564590-15-011128-index.htm", "finalLink": "https://www.sec.gov/Archives/edgar/data/16040/000156459015011128/cbt-10k_20150930.htm", "calculatedOtherExpenses": 209000000, "calculatedOperatingExpenses": 549000000, "calculatedNetInterest": -49000000, "calculatedOtherIncome": -363000000, "calculatedIncomeNonControlling": 2000000, "calculatedEbitda": 221000000}, {"date": "2014-09-30", "symbol": "CBT", "reportedCurrency": "USD", "cik": "0000016040", "fillingDate": "2014-11-26", "acceptedDate": "2014-11-26 15:02:24", "calendarYear": "2014", "period": "FY", "revenue": 3647000000, "costOfRevenue": 2926000000, "grossProfit": 721000000, "grossProfitRatio": 0.197696737, "researchAndDevelopmentExpenses": 60000000, "generalAndAdministrativeExpenses": 326000000, "sellingAndMarketingExpenses": 0, "sellingGeneralAndAdministrativeExpenses": 326000000, "otherExpenses": 25000000, "operatingExpenses": 386000000, "costAndExpenses": 3312000000, "interestIncome": 3000000, "interestExpense": 55000000, "depreciationAndAmortization": 200000000, "ebitda": 563000000, "ebitdaratio": 0.1543734576, "operatingIncome": 335000000, "operatingIncomeRatio": 0.0918563203, "totalOtherIncomeExpensesNet": 25000000, "incomeBeforeTax": 308000000, "incomeBeforeTaxRatio": 0.084452975, "incomeTaxExpense": 91000000, "netIncome": 201000000, "netIncomeRatio": 0.0551137922, "eps": 3.12, "epsdiluted": 3.06, "weightedAverageShsOut": 64382366, "weightedAverageShsOutDil": 65100000, "link": "https://www.sec.gov/Archives/edgar/data/16040/000119312514426922/0001193125-14-426922-index.htm", "finalLink": "https://www.sec.gov/Archives/edgar/data/16040/000119312514426922/d805901d10k.htm", "calculatedOtherExpenses": 0, "calculatedOperatingExpenses": 386000000, "calculatedNetInterest": -52000000, "calculatedOtherIncome": 25000000, "calculatedIncomeNonControlling": 16000000, "calculatedEbitda": 535000000}, {"date": "2013-09-30", "symbol": "CBT", "reportedCurrency": "USD", "cik": "0000016040", "fillingDate": "2013-11-27", "acceptedDate": "2013-11-27 12:28:23", "calendarYear": "2013", "period": "FY", "revenue": 3463000000, "costOfRevenue": 2827000000, "grossProfit": 636000000, "grossProfitRatio": 0.1836557898, "researchAndDevelopmentExpenses": 74000000, "generalAndAdministrativeExpenses": 299000000, "sellingAndMarketingExpenses": 0, "sellingGeneralAndAdministrativeExpenses": 299000000, "otherExpenses": -1000000, "operatingExpenses": 373000000, "costAndExpenses": 3200000000, "interestIncome": 5000000, "interestExpense": 62000000, "depreciationAndAmortization": 190000000, "ebitda": 267000000, "ebitdaratio": 0.0771007797, "operatingIncome": 263000000, "operatingIncomeRatio": 0.0759457118, "totalOtherIncomeExpensesNet": -1000000, "incomeBeforeTax": 205000000, "incomeBeforeTaxRatio": 0.0591972278, "incomeTaxExpense": 58000000, "netIncome": 155000000, "netIncomeRatio": 0.0447588796, "eps": 2.42, "epsdiluted": 2.38, "weightedAverageShsOut": 63970502, "weightedAverageShsOutDil": 64500000, "link": "https://www.sec.gov/Archives/edgar/data/16040/000119312513456387/0001193125-13-456387-index.htm", "finalLink": "https://www.sec.gov/Archives/edgar/data/16040/000119312513456387/d607924d10k.htm", "calculatedOtherExpenses": 0, "calculatedOperatingExpenses": 373000000, "calculatedNetInterest": -57000000, "calculatedOtherIncome": -1000000, "calculatedIncomeNonControlling": -8000000, "calculatedEbitda": 453000000}, {"date": "2012-09-30", "symbol": "CBT", "reportedCurrency": "USD", "cik": "0000016040", "fillingDate": "2012-11-29", "acceptedDate": "2012-11-29 15:57:17", "calendarYear": "2012", "period": "FY", "revenue": 3300000000, "costOfRevenue": 2651000000, "grossProfit": 649000000, "grossProfitRatio": 0.1966666667, "researchAndDevelopmentExpenses": 73000000, "generalAndAdministrativeExpenses": 285000000, "sellingAndMarketingExpenses": 1000000, "sellingGeneralAndAdministrativeExpenses": 286000000, "otherExpenses": 0, "operatingExpenses": 359000000, "costAndExpenses": 3010000000, "interestIncome": 4000000, "interestExpense": 45000000, "depreciationAndAmortization": 156000000, "ebitda": 294000000, "ebitdaratio": 0.0890909091, "operatingIncome": 290000000, "operatingIncomeRatio": 0.0878787879, "totalOtherIncomeExpensesNet": -3000000, "incomeBeforeTax": 246000000, "incomeBeforeTaxRatio": 0.0745454545, "incomeTaxExpense": 55000000, "netIncome": 389000000, "netIncomeRatio": 0.1178787879, "eps": 6.14, "epsdiluted": 6.01, "weightedAverageShsOut": 63347362, "weightedAverageShsOutDil": 64200000, "link": "https://www.sec.gov/Archives/edgar/data/16040/000119312512485653/0001193125-12-485653-index.htm", "finalLink": "https://www.sec.gov/Archives/edgar/data/16040/000119312512485653/d413044d10k.htm", "calculatedOtherExpenses": 0, "calculatedOperatingExpenses": 359000000, "calculatedNetInterest": -41000000, "calculatedOtherIncome": -3000000, "calculatedIncomeNonControlling": -198000000, "calculatedEbitda": 446000000}, {"date": "2011-09-30", "symbol": "CBT", "reportedCurrency": "USD", "cik": "0000016040", "fillingDate": "2011-11-29", "acceptedDate": "2011-11-29 16:09:56", "calendarYear": "2011", "period": "FY", "revenue": 3101000000, "costOfRevenue": 2543000000, "grossProfit": 558000000, "grossProfitRatio": 0.1799419542, "researchAndDevelopmentExpenses": 66000000, "generalAndAdministrativeExpenses": 249000000, "sellingAndMarketingExpenses": 0, "sellingGeneralAndAdministrativeExpenses": 249000000, "otherExpenses": 0, "operatingExpenses": 315000000, "costAndExpenses": 2858000000, "interestIncome": 2000000, "interestExpense": 39000000, "depreciationAndAmortization": 144000000, "ebitda": 245000000, "ebitdaratio": 0.079006772, "operatingIncome": 243000000, "operatingIncomeRatio": 0.0783618188, "totalOtherIncomeExpensesNet": -5000000, "incomeBeforeTax": 201000000, "incomeBeforeTaxRatio": 0.0648178007, "incomeTaxExpense": 6000000, "netIncome": 235000000, "netIncomeRatio": 0.0757820058, "eps": 3.68, "epsdiluted": 3.57, "weightedAverageShsOut": 63860777, "weightedAverageShsOutDil": 65400000, "link": "https://www.sec.gov/Archives/edgar/data/16040/000119312511324512/0001193125-11-324512-index.htm", "finalLink": "https://www.sec.gov/Archives/edgar/data/16040/000119312511324512/d230919d10k.htm", "calculatedOtherExpenses": 0, "calculatedOperatingExpenses": 315000000, "calculatedNetInterest": -37000000, "calculatedOtherIncome": -5000000, "calculatedIncomeNonControlling": -40000000, "calculatedEbitda": 387000000}, {"date": "2010-09-30", "symbol": "CBT", "reportedCurrency": "USD", "cik": "0000016040", "fillingDate": "2010-11-29", "acceptedDate": "2010-11-29 16:24:41", "calendarYear": "2010", "period": "FY", "revenue": 2893000000, "costOfRevenue": 2329000000, "grossProfit": 564000000, "grossProfitRatio": 0.1949533356, "researchAndDevelopmentExpenses": 70000000, "generalAndAdministrativeExpenses": 246000000, "sellingAndMarketingExpenses": 0, "sellingGeneralAndAdministrativeExpenses": 246000000, "otherExpenses": 0, "operatingExpenses": 316000000, "costAndExpenses": 2645000000, "interestIncome": 2000000, "interestExpense": 40000000, "depreciationAndAmortization": 143000000, "ebitda": 248000000, "ebitdaratio": 0.0857241618, "operatingIncome": 248000000, "operatingIncomeRatio": 0.0857241618, "totalOtherIncomeExpensesNet": -2000000, "incomeBeforeTax": 208000000, "incomeBeforeTaxRatio": 0.0718976841, "incomeTaxExpense": 46000000, "netIncome": 154000000, "netIncomeRatio": 0.0532319392, "eps": 2.36, "epsdiluted": 2.35, "weightedAverageShsOut": 65370220, "weightedAverageShsOutDil": 65370220, "link": "https://www.sec.gov/Archives/edgar/data/16040/000119312510270199/0001193125-10-270199-index.htm", "finalLink": "https://www.sec.gov/Archives/edgar/data/16040/000119312510270199/d10k.htm", "calculatedOtherExpenses": 0, "calculatedOperatingExpenses": 316000000, "calculatedNetInterest": -38000000, "calculatedOtherIncome": -2000000, "calculatedIncomeNonControlling": 8000000, "calculatedEbitda": 391000000}, {"date": "2009-09-30", "symbol": "CBT", "reportedCurrency": "USD", "cik": "0000016040", "fillingDate": "2009-11-30", "acceptedDate": "2009-11-30 17:07:38", "calendarYear": "2009", "period": "FY", "revenue": 2243000000, "costOfRevenue": 2016000000, "grossProfit": 227000000, "grossProfitRatio": 0.101203745, "researchAndDevelopmentExpenses": 71000000, "generalAndAdministrativeExpenses": 211000000, "sellingAndMarketingExpenses": -1000000, "sellingGeneralAndAdministrativeExpenses": 210000000, "otherExpenses": 0, "operatingExpenses": 281000000, "costAndExpenses": 2297000000, "interestIncome": 2000000, "interestExpense": 30000000, "depreciationAndAmortization": 169000000, "ebitda": -52000000, "ebitdaratio": -0.0231832367, "operatingIncome": -54000000, "operatingIncomeRatio": -0.0240748997, "totalOtherIncomeExpensesNet": -20000000, "incomeBeforeTax": -102000000, "incomeBeforeTaxRatio": -0.0454748105, "incomeTaxExpense": -22000000, "netIncome": -77000000, "netIncomeRatio": -0.0343290236, "eps": -1.22, "epsdiluted": -1.22, "weightedAverageShsOut": 63000000, "weightedAverageShsOutDil": 63000000, "link": "https://www.sec.gov/Archives/edgar/data/16040/000119312509244216/0001193125-09-244216-index.htm", "finalLink": "https://www.sec.gov/Archives/edgar/data/16040/000119312509244216/d10k.htm", "calculatedOtherExpenses": 0, "calculatedOperatingExpenses": 281000000, "calculatedNetInterest": -28000000, "calculatedOtherIncome": -20000000, "calculatedIncomeNonControlling": -3000000, "calculatedEbitda": 115000000}, {"date": "2008-09-30", "symbol": "CBT", "reportedCurrency": "USD", "cik": "0000016040", "fillingDate": "2008-12-01", "acceptedDate": "2008-12-01 17:11:20", "calendarYear": "2008", "period": "FY", "revenue": 3191000000, "costOfRevenue": 2706000000, "grossProfit": 485000000, "grossProfitRatio": 0.1519899718, "researchAndDevelopmentExpenses": 74000000, "generalAndAdministrativeExpenses": 246000000, "sellingAndMarketingExpenses": 0, "sellingGeneralAndAdministrativeExpenses": 246000000, "otherExpenses": 0, "operatingExpenses": 320000000, "costAndExpenses": 3026000000, "interestIncome": 0, "interestExpense": -19000000, "depreciationAndAmortization": 163000000, "ebitda": 346000000, "ebitdaratio": 0.1084299593, "operatingIncome": 164000000, "operatingIncomeRatio": 0.0513945472, "totalOtherIncomeExpensesNet": -10000000, "incomeBeforeTax": 112000000, "incomeBeforeTaxRatio": 0.0350987151, "incomeTaxExpense": 14000000, "netIncome": 86000000, "netIncomeRatio": 0.0269507991, "eps": 1.37, "epsdiluted": 1.34, "weightedAverageShsOut": 63000000, "weightedAverageShsOutDil": 64000000, "link": "https://www.sec.gov/Archives/edgar/data/16040/000119312508245933/0001193125-08-245933-index.htm", "finalLink": "https://www.sec.gov/Archives/edgar/data/16040/000119312508245933/d10k.htm", "calculatedOtherExpenses": 1000000, "calculatedOperatingExpenses": 321000000, "calculatedNetInterest": 19000000, "calculatedOtherIncome": -71000000, "calculatedIncomeNonControlling": 12000000, "calculatedEbitda": 327000000}, {"date": "2007-09-30", "symbol": "CBT", "reportedCurrency": "USD", "cik": "0000016040", "fillingDate": "2007-11-29", "acceptedDate": "2007-11-29 16:50:41", "calendarYear": "2007", "period": "FY", "revenue": 2616000000, "costOfRevenue": 2111000000, "grossProfit": 505000000, "grossProfitRatio": 0.1930428135, "researchAndDevelopmentExpenses": 69000000, "generalAndAdministrativeExpenses": 249000000, "sellingAndMarketingExpenses": 0, "sellingGeneralAndAdministrativeExpenses": 249000000, "otherExpenses": 0, "operatingExpenses": 318000000, "costAndExpenses": 2429000000, "interestIncome": 0, "interestExpense": -34000000, "depreciationAndAmortization": 149000000, "ebitda": 331000000, "ebitdaratio": 0.126529052, "operatingIncome": 187000000, "operatingIncomeRatio": 0.0714831804, "totalOtherIncomeExpensesNet": 17000000, "incomeBeforeTax": 168000000, "incomeBeforeTaxRatio": 0.0642201835, "incomeTaxExpense": 38000000, "netIncome": 129000000, "netIncomeRatio": 0.0493119266, "eps": 2.06, "epsdiluted": 1.9, "weightedAverageShsOut": 62000000, "weightedAverageShsOutDil": 68000000, "link": "https://www.sec.gov/Archives/edgar/data/16040/000119312507256224/0001193125-07-256224-index.htm", "finalLink": "https://www.sec.gov/Archives/edgar/data/16040/000119312507256224/d10k.htm", "calculatedOtherExpenses": 0, "calculatedOperatingExpenses": 318000000, "calculatedNetInterest": 34000000, "calculatedOtherIncome": -53000000, "calculatedIncomeNonControlling": 1000000, "calculatedEbitda": 336000000}, {"date": "2006-09-30", "symbol": "CBT", "reportedCurrency": "USD", "cik": "0000016040", "fillingDate": "2006-12-14", "acceptedDate": "2006-12-14 16:54:40", "calendarYear": "2006", "period": "FY", "revenue": 2543000000, "costOfRevenue": 2124000000, "grossProfit": 419000000, "grossProfitRatio": 0.1647660244, "researchAndDevelopmentExpenses": 58000000, "generalAndAdministrativeExpenses": 235000000, "sellingAndMarketingExpenses": 0, "sellingGeneralAndAdministrativeExpenses": 235000000, "otherExpenses": 0, "operatingExpenses": 293000000, "costAndExpenses": 2417000000, "interestIncome": 0, "interestExpense": -27000000, "depreciationAndAmortization": 131000000, "ebitda": 264000000, "ebitdaratio": 0.1038143924, "operatingIncome": 126000000, "operatingIncomeRatio": 0.0495477782, "totalOtherIncomeExpensesNet": 5000000, "incomeBeforeTax": 97000000, "incomeBeforeTaxRatio": 0.0381439245, "incomeTaxExpense": 9000000, "netIncome": 88000000, "netIncomeRatio": 0.0346047975, "eps": 1.42, "epsdiluted": 1.28, "weightedAverageShsOut": 60000000, "weightedAverageShsOutDil": 68000000, "link": "https://www.sec.gov/Archives/edgar/data/16040/000110465906081572/0001104659-06-081572-index.htm", "finalLink": "https://www.sec.gov/Archives/edgar/data/16040/000110465906081572/a06-25226_110k.htm", "calculatedOtherExpenses": 0, "calculatedOperatingExpenses": 293000000, "calculatedNetInterest": 27000000, "calculatedOtherIncome": -56000000, "calculatedIncomeNonControlling": 0, "calculatedEbitda": 257000000}, {"date": "2005-09-30", "symbol": "CBT", "reportedCurrency": "USD", "cik": "0000016040", "fillingDate": "2005-12-14", "acceptedDate": "2005-12-14 16:31:17", "calendarYear": "2005", "period": "FY", "revenue": 2125000000, "costOfRevenue": 1692000000, "grossProfit": 433000000, "grossProfitRatio": 0.2037647059, "researchAndDevelopmentExpenses": 59000000, "generalAndAdministrativeExpenses": 240000000, "sellingAndMarketingExpenses": 0, "sellingGeneralAndAdministrativeExpenses": 240000000, "otherExpenses": 211000000, "operatingExpenses": 510000000, "costAndExpenses": 2202000000, "interestIncome": 0, "interestExpense": -29000000, "depreciationAndAmortization": 142000000, "ebitda": 269000000, "ebitdaratio": 0.1265882353, "operatingIncome": -77000000, "operatingIncomeRatio": -0.0362352941, "totalOtherIncomeExpensesNet": -192000000, "incomeBeforeTax": -93000000, "incomeBeforeTaxRatio": -0.0437647059, "incomeTaxExpense": -45000000, "netIncome": -48000000, "netIncomeRatio": -0.0225882353, "eps": -0.8, "epsdiluted": -0.8, "weightedAverageShsOut": 60000000, "weightedAverageShsOutDil": 60000000, "link": "https://www.sec.gov/Archives/edgar/data/16040/000095013505006968/0000950135-05-006968-index.htm", "finalLink": "https://www.sec.gov/Archives/edgar/data/16040/000095013505006968/b58055cce10vk.htm", "calculatedOtherExpenses": 211000000, "calculatedOperatingExpenses": 510000000, "calculatedNetInterest": 29000000, "calculatedOtherIncome": -45000000, "calculatedIncomeNonControlling": 0, "calculatedEbitda": 65000000}, {"date": "2004-09-30", "symbol": "CBT", "reportedCurrency": "USD", "cik": "0000016040", "fillingDate": "2004-12-14", "acceptedDate": "2004-12-14 17:00:36", "calendarYear": "2004", "period": "FY", "revenue": 1934000000, "costOfRevenue": 1457000000, "grossProfit": 477000000, "grossProfitRatio": 0.24663909, "researchAndDevelopmentExpenses": 53000000, "generalAndAdministrativeExpenses": 217000000, "sellingAndMarketingExpenses": 0, "sellingGeneralAndAdministrativeExpenses": 217000000, "otherExpenses": 0, "operatingExpenses": 270000000, "costAndExpenses": 1727000000, "interestIncome": 0, "interestExpense": -30000000, "depreciationAndAmortization": 134000000, "ebitda": 360000000, "ebitdaratio": 0.1861427094, "operatingIncome": 207000000, "operatingIncomeRatio": 0.1070320579, "totalOtherIncomeExpensesNet": -13000000, "incomeBeforeTax": 164000000, "incomeBeforeTaxRatio": 0.0847983454, "incomeTaxExpense": 39000000, "netIncome": 124000000, "netIncomeRatio": 0.0641158221, "eps": 2.07, "epsdiluted": 1.82, "weightedAverageShsOut": 59000000, "weightedAverageShsOutDil": 68000000, "link": "https://www.sec.gov/Archives/edgar/data/16040/000095013504005649/0000950135-04-005649-index.htm", "finalLink": "https://www.sec.gov/Archives/edgar/data/16040/000095013504005649/b52710cce10vk.htm", "calculatedOtherExpenses": 0, "calculatedOperatingExpenses": 270000000, "calculatedNetInterest": 30000000, "calculatedOtherIncome": -73000000, "calculatedIncomeNonControlling": 1000000, "calculatedEbitda": 341000000}, {"date": "2003-09-30", "symbol": "CBT", "reportedCurrency": "USD", "cik": "0000016040", "fillingDate": "2003-12-23", "acceptedDate": "2003-12-23 17:12:45", "calendarYear": "2003", "period": "FY", "revenue": 1795000000, "costOfRevenue": 1374000000, "grossProfit": 421000000, "grossProfitRatio": 0.23454039, "researchAndDevelopmentExpenses": 64000000, "generalAndAdministrativeExpenses": 251000000, "sellingAndMarketingExpenses": 0, "sellingGeneralAndAdministrativeExpenses": 251000000, "otherExpenses": 0, "operatingExpenses": 315000000, "costAndExpenses": 1689000000, "interestIncome": 0, "interestExpense": -28000000, "depreciationAndAmortization": 135000000, "ebitda": 233000000, "ebitdaratio": 0.1298050139, "operatingIncome": 106000000, "operatingIncomeRatio": 0.0590529248, "totalOtherIncomeExpensesNet": 13000000, "incomeBeforeTax": 89000000, "incomeBeforeTaxRatio": 0.0495821727, "incomeTaxExpense": 17000000, "netIncome": 77000000, "netIncomeRatio": 0.0428969359, "eps": 1.32, "epsdiluted": 1.14, "weightedAverageShsOut": 59000000, "weightedAverageShsOutDil": 70000000, "link": "https://www.sec.gov/Archives/edgar/data/16040/000095013503006141/0000950135-03-006141-index.htm", "finalLink": "https://www.sec.gov/Archives/edgar/data/16040/000095013503006141/b48791cce10vk.htm", "calculatedOtherExpenses": 0, "calculatedOperatingExpenses": 315000000, "calculatedNetInterest": 28000000, "calculatedOtherIncome": -45000000, "calculatedIncomeNonControlling": -5000000, "calculatedEbitda": 241000000}, {"date": "2002-09-30", "symbol": "CBT", "reportedCurrency": "USD", "cik": "0000016040", "fillingDate": "2002-12-24", "acceptedDate": "2002-12-24 12:34:08", "calendarYear": "2002", "period": "FY", "revenue": 1557000000, "costOfRevenue": 1128000000, "grossProfit": 429000000, "grossProfitRatio": 0.2755298651, "researchAndDevelopmentExpenses": 48000000, "generalAndAdministrativeExpenses": 219000000, "sellingAndMarketingExpenses": 0, "sellingGeneralAndAdministrativeExpenses": 219000000, "otherExpenses": 14000000, "operatingExpenses": 281000000, "costAndExpenses": 1409000000, "interestIncome": 0, "interestExpense": -28000000, "depreciationAndAmortization": 109000000, "ebitda": 266000000, "ebitdaratio": 0.1708413616, "operatingIncome": 148000000, "operatingIncomeRatio": 0.0950545922, "totalOtherIncomeExpensesNet": -4000000, "incomeBeforeTax": 135000000, "incomeBeforeTaxRatio": 0.0867052023, "incomeTaxExpense": 30000000, "netIncome": 106000000, "netIncomeRatio": 0.0680796403, "eps": 1.67, "epsdiluted": 1.5, "weightedAverageShsOut": 59000000, "weightedAverageShsOutDil": 68666667, "link": "https://www.sec.gov/Archives/edgar/data/16040/000095013502005703/0000950135-02-005703-index.htm", "finalLink": "https://www.sec.gov/Archives/edgar/data/16040/000095013502005703/b44489cke10vk.htm", "calculatedOtherExpenses": 14000000, "calculatedOperatingExpenses": 281000000, "calculatedNetInterest": 28000000, "calculatedOtherIncome": -41000000, "calculatedIncomeNonControlling": -1000000, "calculatedEbitda": 257000000}, {"date": "2001-09-30", "symbol": "CBT", "reportedCurrency": "USD", "cik": "0000016040", "fillingDate": "2001-12-20", "acceptedDate": "2001-12-20 00:00:00", "calendarYear": "2001", "period": "FY", "revenue": 1670000000, "costOfRevenue": 1237000000, "grossProfit": 433000000, "grossProfitRatio": 0.2592814371, "researchAndDevelopmentExpenses": 48000000, "generalAndAdministrativeExpenses": 208000000, "sellingAndMarketingExpenses": 0, "sellingGeneralAndAdministrativeExpenses": 208000000, "otherExpenses": 0, "operatingExpenses": 256000000, "costAndExpenses": 1493000000, "interestIncome": 0, "interestExpense": 0, "depreciationAndAmortization": 115000000, "ebitda": 287000000, "ebitdaratio": 0.1718562874, "operatingIncome": 177000000, "operatingIncomeRatio": 0.105988024, "totalOtherIncomeExpensesNet": 25000000, "incomeBeforeTax": 163000000, "incomeBeforeTaxRatio": 0.0976047904, "incomeTaxExpense": 42000000, "netIncome": 124000000, "netIncomeRatio": 0.074251497, "eps": 1.93, "epsdiluted": 1.66, "weightedAverageShsOut": 63000000, "weightedAverageShsOutDil": 72891566, "link": "https://www.sec.gov/Archives/edgar/data/16040/000095013501503935/0000950135-01-503935-index.htm", "finalLink": "https://www.sec.gov/Archives/edgar/data/16040/000095013501503935/b41315cce10-k405.txt", "calculatedOtherExpenses": 0, "calculatedOperatingExpenses": 256000000, "calculatedNetInterest": 0, "calculatedOtherIncome": -14000000, "calculatedIncomeNonControlling": -3000000, "calculatedEbitda": 292000000}, {"date": "2000-09-30", "symbol": "CBT", "reportedCurrency": "USD", "cik": "0000016040", "fillingDate": "2000-12-28", "acceptedDate": "2000-12-28 00:00:00", "calendarYear": "2000", "period": "FY", "revenue": 1523000000, "costOfRevenue": 973000000, "grossProfit": 550000000, "grossProfitRatio": 0.36112935, "researchAndDevelopmentExpenses": 43000000, "generalAndAdministrativeExpenses": 178000000, "sellingAndMarketingExpenses": 0, "sellingGeneralAndAdministrativeExpenses": 178000000, "otherExpenses": 129000000, "operatingExpenses": 350000000, "costAndExpenses": 1323000000, "interestIncome": 0, "interestExpense": 0, "depreciationAndAmortization": 129000000, "ebitda": 326000000, "ebitdaratio": 0.2140512147, "operatingIncome": 200000000, "operatingIncomeRatio": 0.1313197636, "totalOtherIncomeExpensesNet": 3000000, "incomeBeforeTax": 165000000, "incomeBeforeTaxRatio": 0.108338805, "incomeTaxExpense": 57000000, "netIncome": 453000000, "netIncomeRatio": 0.2974392646, "eps": 6.65, "epsdiluted": 6.2, "weightedAverageShsOut": 65000000, "weightedAverageShsOutDil": 72580645, "link": "https://www.sec.gov/Archives/edgar/data/16040/000095013500005559/0000950135-00-005559-index.htm", "finalLink": "https://www.sec.gov/Archives/edgar/data/16040/000095013500005559/b37160cce10-k.txt", "calculatedOtherExpenses": 129000000, "calculatedOperatingExpenses": 350000000, "calculatedNetInterest": 0, "calculatedOtherIncome": -35000000, "calculatedIncomeNonControlling": -345000000, "calculatedEbitda": 329000000}, {"date": "1999-09-30", "symbol": "CBT", "reportedCurrency": "USD", "cik": "0000016040", "fillingDate": "1999-12-29", "acceptedDate": "1999-12-29 00:00:00", "calendarYear": "1999", "period": "FY", "revenue": 1695000000, "costOfRevenue": 1095000000, "grossProfit": 600000000, "grossProfitRatio": 0.3539823009, "researchAndDevelopmentExpenses": 73000000, "generalAndAdministrativeExpenses": 208000000, "sellingAndMarketingExpenses": 0, "sellingGeneralAndAdministrativeExpenses": 208000000, "otherExpenses": 125000000, "operatingExpenses": 406000000, "costAndExpenses": 1501000000, "interestIncome": 0, "interestExpense": 0, "depreciationAndAmortization": 125000000, "ebitda": 322000000, "ebitdaratio": 0.1899705015, "operatingIncome": 194000000, "operatingIncomeRatio": 0.1144542773, "totalOtherIncomeExpensesNet": -3000000, "incomeBeforeTax": 146000000, "incomeBeforeTaxRatio": 0.0861356932, "incomeTaxExpense": 49000000, "netIncome": 97000000, "netIncomeRatio": 0.0572271386, "eps": 1.24, "epsdiluted": 1.11, "weightedAverageShsOut": 75806452, "weightedAverageShsOutDil": 84684685, "link": "https://www.sec.gov/Archives/edgar/data/16040/000095013599005733/0000950135-99-005733-index.html", "finalLink": "https://www.sec.gov/Archives/edgar/data/16040/000095013599005733/", "calculatedOtherExpenses": 125000000, "calculatedOperatingExpenses": 406000000, "calculatedNetInterest": 0, "calculatedOtherIncome": -48000000, "calculatedIncomeNonControlling": 0, "calculatedEbitda": 319000000}, {"date": "1998-09-30", "symbol": "CBT", "reportedCurrency": "USD", "cik": "0000016040", "fillingDate": "1998-12-23", "acceptedDate": "1998-12-23 00:00:00", "calendarYear": "1998", "period": "FY", "revenue": 1647800000, "costOfRevenue": 1005500000, "grossProfit": 642300000, "grossProfitRatio": 0.3897924505, "researchAndDevelopmentExpenses": 82700000, "generalAndAdministrativeExpenses": 229700000, "sellingAndMarketingExpenses": 0, "sellingGeneralAndAdministrativeExpenses": 229700000, "otherExpenses": 115400000, "operatingExpenses": 427800000, "costAndExpenses": 1433300000, "interestIncome": 0, "interestExpense": 0, "depreciationAndAmortization": 115400000, "ebitda": 317400000, "ebitdaratio": 0.1926204636, "operatingIncome": 214500000, "operatingIncomeRatio": 0.1301735648, "totalOtherIncomeExpensesNet": 12500000, "incomeBeforeTax": 182100000, "incomeBeforeTaxRatio": 0.1105109843, "incomeTaxExpense": 60500000, "netIncome": 121600000, "netIncomeRatio": 0.0737953635, "eps": 1.8, "epsdiluted": 1.61, "weightedAverageShsOut": 6600000, "weightedAverageShsOutDil": 7500000, "link": "https://www.sec.gov/Archives/edgar/data/16040/000095013598006385/0000950135-98-006385-index.html", "finalLink": "https://www.sec.gov/Archives/edgar/data/16040/", "calculatedOtherExpenses": 115400000, "calculatedOperatingExpenses": 427800000, "calculatedNetInterest": 0, "calculatedOtherIncome": -32400000, "calculatedIncomeNonControlling": 0, "calculatedEbitda": 329900000}, {"date": "1997-09-30", "symbol": "CBT", "reportedCurrency": "USD", "cik": "0000016040", "fillingDate": "1997-12-24", "acceptedDate": "1997-12-24 00:00:00", "calendarYear": "1997", "period": "FY", "revenue": 1630000000, "costOfRevenue": 1034500000, "grossProfit": 595500000, "grossProfitRatio": 0.3653374233, "researchAndDevelopmentExpenses": 82700000, "generalAndAdministrativeExpenses": 216500000, "sellingAndMarketingExpenses": 0, "sellingGeneralAndAdministrativeExpenses": 216500000, "otherExpenses": 109900000, "operatingExpenses": 409100000, "costAndExpenses": 1443600000, "interestIncome": 0, "interestExpense": 0, "depreciationAndAmortization": 109900000, "ebitda": 302900000, "ebitdaratio": 0.1858282209, "operatingIncome": 186400000, "operatingIncomeRatio": 0.1143558282, "totalOtherIncomeExpensesNet": -6600000, "incomeBeforeTax": 134900000, "incomeBeforeTaxRatio": 0.0827607362, "incomeTaxExpense": 42100000, "netIncome": 92800000, "netIncomeRatio": 0.0569325153, "eps": 1.33, "epsdiluted": 1.19, "weightedAverageShsOut": 67669173, "weightedAverageShsOutDil": 75630252, "link": "https://www.sec.gov/Archives/edgar/data/16040/000095013597005172/0000950135-97-005172-index.html", "finalLink": "https://www.sec.gov/Archives/edgar/data/16040/", "calculatedOtherExpenses": 109900000, "calculatedOperatingExpenses": 409100000, "calculatedNetInterest": 0, "calculatedOtherIncome": -51500000, "calculatedIncomeNonControlling": 0, "calculatedEbitda": 296300000}, {"date": "1996-09-30", "symbol": "CBT", "reportedCurrency": "USD", "cik": "0000016040", "fillingDate": "1996-12-24", "acceptedDate": "1996-12-24 00:00:00", "calendarYear": "1996", "period": "FY", "revenue": 1856300000, "costOfRevenue": 1212900000, "grossProfit": 643400000, "grossProfitRatio": 0.3466034585, "researchAndDevelopmentExpenses": 0, "generalAndAdministrativeExpenses": 286500000, "sellingAndMarketingExpenses": 0, "sellingGeneralAndAdministrativeExpenses": 286500000, "otherExpenses": 97000000, "operatingExpenses": 383500000, "costAndExpenses": 1596400000, "interestIncome": 0, "interestExpense": 0, "depreciationAndAmortization": 97000000, "ebitda": 276600000, "ebitdaratio": 0.1490060874, "operatingIncome": 259900000, "operatingIncomeRatio": 0.1400096967, "totalOtherIncomeExpensesNet": 80300000, "incomeBeforeTax": 292300000, "incomeBeforeTaxRatio": 0.157463772, "incomeTaxExpense": 98200000, "netIncome": 194100000, "netIncomeRatio": 0.1045628401, "eps": 2.74, "epsdiluted": 2.42, "weightedAverageShsOut": 69635036, "weightedAverageShsOutDil": 78842975, "link": "https://www.sec.gov/Archives/edgar/data/16040/000095013596005392/0000950135-96-005392-index.html", "finalLink": "https://www.sec.gov/Archives/edgar/data/16040/", "calculatedOtherExpenses": 97000000, "calculatedOperatingExpenses": 383500000, "calculatedNetInterest": 0, "calculatedOtherIncome": 32400000, "calculatedIncomeNonControlling": 0, "calculatedEbitda": 356900000}, {"date": "1995-09-30", "symbol": "CBT", "reportedCurrency": "USD", "cik": "0000016040", "fillingDate": "1995-12-29", "acceptedDate": "1995-12-29 00:00:00", "calendarYear": "1995", "period": "FY", "revenue": 1830400000, "costOfRevenue": 1164800000, "grossProfit": 665600000, "grossProfitRatio": 0.3636363636, "researchAndDevelopmentExpenses": 0, "generalAndAdministrativeExpenses": 293900000, "sellingAndMarketingExpenses": 0, "sellingGeneralAndAdministrativeExpenses": 293900000, "otherExpenses": 94200000, "operatingExpenses": 388100000, "costAndExpenses": 1552900000, "interestIncome": 0, "interestExpense": 0, "depreciationAndAmortization": 94200000, "ebitda": 340600000, "ebitdaratio": 0.1860795455, "operatingIncome": 277500000, "operatingIncomeRatio": 0.1516062063, "totalOtherIncomeExpensesNet": 31100000, "incomeBeforeTax": 273000000, "incomeBeforeTaxRatio": 0.1491477273, "incomeTaxExpense": 101100000, "netIncome": 171900000, "netIncomeRatio": 0.0939138986, "eps": 2.17, "epsdiluted": 2.02, "weightedAverageShsOut": 77379310, "weightedAverageShsOutDil": 83316832, "link": "https://www.sec.gov/Archives/edgar/data/16040/000095013595002798/0000950135-95-002798-index.html", "finalLink": "https://www.sec.gov/Archives/edgar/data/16040/", "calculatedOtherExpenses": 94200000, "calculatedOperatingExpenses": 388100000, "calculatedNetInterest": 0, "calculatedOtherIncome": -4500000, "calculatedIncomeNonControlling": 0, "calculatedEbitda": 371700000}, {"date": "1994-11-30", "symbol": "CBT", "reportedCurrency": "USD", "cik": "0000016040", "fillingDate": "1994-12-22", "acceptedDate": "1994-12-22 00:00:00", "calendarYear": "1994", "period": "FY", "revenue": 1679800000, "costOfRevenue": 1148000000, "grossProfit": 531800000, "grossProfitRatio": 0.3165853078, "researchAndDevelopmentExpenses": 0, "generalAndAdministrativeExpenses": 270800000, "sellingAndMarketingExpenses": 0, "sellingGeneralAndAdministrativeExpenses": 270800000, "otherExpenses": 86300000, "operatingExpenses": 357100000, "costAndExpenses": 1505100000, "interestIncome": 0, "interestExpense": 0, "depreciationAndAmortization": 86300000, "ebitda": 270500000, "ebitdaratio": 0.1610310751, "operatingIncome": 174700000, "operatingIncomeRatio": 0.1040004762, "totalOtherIncomeExpensesNet": -9500000, "incomeBeforeTax": 123700000, "incomeBeforeTaxRatio": 0.073639719, "incomeTaxExpense": 45000000, "netIncome": 78700000, "netIncomeRatio": 0.0468508156, "eps": 0.52, "epsdiluted": 0.46, "weightedAverageShsOut": 74900000, "weightedAverageShsOutDil": 74900000, "link": "https://www.sec.gov/Archives/edgar/data/16040/000095013594000730/0000950135-94-000730-index.html", "finalLink": "https://www.sec.gov/Archives/edgar/data/16040/", "calculatedOtherExpenses": 86300000, "calculatedOperatingExpenses": 357100000, "calculatedNetInterest": 0, "calculatedOtherIncome": -51000000, "calculatedIncomeNonControlling": 0, "calculatedEbitda": 261000000}, {"date": "1993-09-30", "symbol": "CBT", "reportedCurrency": "USD", "cik": "0000016040", "fillingDate": "1993-09-30", "acceptedDate": "1993-09-29 20:00:00", "calendarYear": "1993", "period": "FY", "revenue": 1614300000, "costOfRevenue": 1127200000, "grossProfit": 487100000, "grossProfitRatio": 0.3017406926, "researchAndDevelopmentExpenses": 0, "generalAndAdministrativeExpenses": 250500000, "sellingAndMarketingExpenses": 0, "sellingGeneralAndAdministrativeExpenses": 250500000, "otherExpenses": 84500000, "operatingExpenses": 335000000, "costAndExpenses": 1462200000, "interestIncome": 0, "interestExpense": 0, "depreciationAndAmortization": 84500000, "ebitda": 276700000, "ebitdaratio": 0.1714055628, "operatingIncome": 152100000, "operatingIncomeRatio": 0.0942204051, "totalOtherIncomeExpensesNet": -40100000, "incomeBeforeTax": 68100000, "incomeBeforeTaxRatio": 0.0421854674, "incomeTaxExpense": 30700000, "netIncome": 11300000, "netIncomeRatio": 0.0069999381, "eps": 0.025, "epsdiluted": 0.025, "weightedAverageShsOut": 73316000, "weightedAverageShsOutDil": 73316000, "link": "", "finalLink": "", "calculatedOtherExpenses": 84500000, "calculatedOperatingExpenses": 335000000, "calculatedNetInterest": 0, "calculatedOtherIncome": -84000000, "calculatedIncomeNonControlling": 26100000, "calculatedEbitda": 236600000}, {"date": "1992-09-30", "symbol": "CBT", "reportedCurrency": "USD", "cik": "0000016040", "fillingDate": "1992-09-30", "acceptedDate": "1992-09-29 20:00:00", "calendarYear": "1992", "period": "FY", "revenue": 1557000000, "costOfRevenue": 1066900000, "grossProfit": 490100000, "grossProfitRatio": 0.3147719974, "researchAndDevelopmentExpenses": 0, "generalAndAdministrativeExpenses": 247700000, "sellingAndMarketingExpenses": 0, "sellingGeneralAndAdministrativeExpenses": 247700000, "otherExpenses": 84100000, "operatingExpenses": 331800000, "costAndExpenses": 1398700000, "interestIncome": 0, "interestExpense": 0, "depreciationAndAmortization": 84100000, "ebitda": 242200000, "ebitdaratio": 0.1555555556, "operatingIncome": 158300000, "operatingIncomeRatio": 0.101669878, "totalOtherIncomeExpensesNet": 200000, "incomeBeforeTax": 116700000, "incomeBeforeTaxRatio": 0.0749518304, "incomeTaxExpense": 54500000, "netIncome": 62200000, "netIncomeRatio": 0.0399486191, "eps": 0.2, "epsdiluted": 0.19, "weightedAverageShsOut": 74248000, "weightedAverageShsOutDil": 74248000, "link": "", "finalLink": "", "calculatedOtherExpenses": 84100000, "calculatedOperatingExpenses": 331800000, "calculatedNetInterest": 0, "calculatedOtherIncome": -41600000, "calculatedIncomeNonControlling": 0, "calculatedEbitda": 242400000}, {"date": "1991-09-30", "symbol": "CBT", "reportedCurrency": "USD", "cik": "0000016040", "fillingDate": "1991-09-30", "acceptedDate": "1991-09-29 20:00:00", "calendarYear": "1991", "period": "FY", "revenue": 1482100000, "costOfRevenue": 1043400000, "grossProfit": 438700000, "grossProfitRatio": 0.2959989205, "researchAndDevelopmentExpenses": 0, "generalAndAdministrativeExpenses": 242300000, "sellingAndMarketingExpenses": 0, "sellingGeneralAndAdministrativeExpenses": 242300000, "otherExpenses": 89200000, "operatingExpenses": 331500000, "costAndExpenses": 1374900000, "interestIncome": 0, "interestExpense": 0, "depreciationAndAmortization": 89200000, "ebitda": 194100000, "ebitdaratio": 0.130962823, "operatingIncome": 107200000, "operatingIncomeRatio": 0.0723298023, "totalOtherIncomeExpensesNet": 2300000, "incomeBeforeTax": 70900000, "incomeBeforeTaxRatio": 0.0478375278, "incomeTaxExpense": 31100000, "netIncome": 49300000, "netIncomeRatio": 0.0332636124, "eps": 0.14, "epsdiluted": 0.14, "weightedAverageShsOut": 72804000, "weightedAverageShsOutDil": 72804000, "link": "", "finalLink": "", "calculatedOtherExpenses": 89200000, "calculatedOperatingExpenses": 331500000, "calculatedNetInterest": 0, "calculatedOtherIncome": -36300000, "calculatedIncomeNonControlling": -9500000, "calculatedEbitda": 196400000}, {"date": "1990-09-30", "symbol": "CBT", "reportedCurrency": "USD", "cik": "0000016040", "fillingDate": "1990-09-30", "acceptedDate": "1990-09-29 20:00:00", "calendarYear": "1990", "period": "FY", "revenue": 1672600000, "costOfRevenue": 1173000000, "grossProfit": 499600000, "grossProfitRatio": 0.29869664, "researchAndDevelopmentExpenses": 0, "generalAndAdministrativeExpenses": 253000000, "sellingAndMarketingExpenses": 0, "sellingGeneralAndAdministrativeExpenses": 253000000, "otherExpenses": 85500000, "operatingExpenses": 338500000, "costAndExpenses": 1511500000, "interestIncome": 0, "interestExpense": 0, "depreciationAndAmortization": 85500000, "ebitda": 235800000, "ebitdaratio": 0.1409781179, "operatingIncome": 161100000, "operatingIncomeRatio": 0.0963171111, "totalOtherIncomeExpensesNet": 10800000, "incomeBeforeTax": 120800000, "incomeBeforeTaxRatio": 0.0722228865, "incomeTaxExpense": 49800000, "netIncome": 71000000, "netIncomeRatio": 0.042448882, "eps": 0.17, "epsdiluted": 0.17, "weightedAverageShsOut": 135550000, "weightedAverageShsOutDil": 135550000, "link": "", "finalLink": "", "calculatedOtherExpenses": 85500000, "calculatedOperatingExpenses": 338500000, "calculatedNetInterest": 0, "calculatedOtherIncome": -40300000, "calculatedIncomeNonControlling": 0, "calculatedEbitda": 246600000}, {"date": "1989-09-30", "symbol": "CBT", "reportedCurrency": "USD", "cik": "0000016040", "fillingDate": "1989-09-30", "acceptedDate": "1989-09-29 20:00:00", "calendarYear": "1989", "period": "FY", "revenue": 1936900000, "costOfRevenue": 1476100000, "grossProfit": 460800000, "grossProfitRatio": 0.2379059322, "researchAndDevelopmentExpenses": 0, "generalAndAdministrativeExpenses": 235600000, "sellingAndMarketingExpenses": 0, "sellingGeneralAndAdministrativeExpenses": 235600000, "otherExpenses": 97800000, "operatingExpenses": 333400000, "costAndExpenses": 1809500000, "interestIncome": 0, "interestExpense": 0, "depreciationAndAmortization": 97800000, "ebitda": 306100000, "ebitdaratio": 0.158036037, "operatingIncome": 127400000, "operatingIncomeRatio": 0.0657752078, "totalOtherIncomeExpensesNet": -80900000, "incomeBeforeTax": 4400000, "incomeBeforeTaxRatio": 0.0022716712, "incomeTaxExpense": 10900000, "netIncome": -6500000, "netIncomeRatio": -0.0033558779, "eps": -0.0659, "epsdiluted": -0.0659, "weightedAverageShsOut": 98614000, "weightedAverageShsOutDil": 98614000, "link": "", "finalLink": "", "calculatedOtherExpenses": 97800000, "calculatedOperatingExpenses": 333400000, "calculatedNetInterest": 0, "calculatedOtherIncome": -123000000, "calculatedIncomeNonControlling": 0, "calculatedEbitda": 225200000}, {"date": "1988-09-30", "symbol": "CBT", "reportedCurrency": "USD", "cik": "0000016040", "fillingDate": "1988-09-30", "acceptedDate": "1988-09-29 20:00:00", "calendarYear": "1988", "period": "FY", "revenue": 1676600000, "costOfRevenue": 1260100000, "grossProfit": 416500000, "grossProfitRatio": 0.2484194203, "researchAndDevelopmentExpenses": 0, "generalAndAdministrativeExpenses": 211100000, "sellingAndMarketingExpenses": 0, "sellingGeneralAndAdministrativeExpenses": 211100000, "otherExpenses": 108600000, "operatingExpenses": 319700000, "costAndExpenses": 1579800000, "interestIncome": 0, "interestExpense": 0, "depreciationAndAmortization": 108600000, "ebitda": 149900000, "ebitdaratio": 0.0894071335, "operatingIncome": 96800000, "operatingIncomeRatio": 0.0577358941, "totalOtherIncomeExpensesNet": 55500000, "incomeBeforeTax": 112500000, "incomeBeforeTaxRatio": 0.0671000835, "incomeTaxExpense": 51300000, "netIncome": 61200000, "netIncomeRatio": 0.0365024454, "eps": 0.14, "epsdiluted": 0.14, "weightedAverageShsOut": 107764000, "weightedAverageShsOutDil": 107764000, "link": "", "finalLink": "", "calculatedOtherExpenses": 108600000, "calculatedOperatingExpenses": 319700000, "calculatedNetInterest": 0, "calculatedOtherIncome": 15700000, "calculatedIncomeNonControlling": 0, "calculatedEbitda": 205400000}, {"date": "1987-09-30", "symbol": "CBT", "reportedCurrency": "USD", "cik": "0000016040", "fillingDate": "1987-09-30", "acceptedDate": "1987-09-29 20:00:00", "calendarYear": "1987", "period": "FY", "revenue": 1424000000, "costOfRevenue": 1024000000, "grossProfit": 400000000, "grossProfitRatio": 0.2808988764, "researchAndDevelopmentExpenses": 0, "generalAndAdministrativeExpenses": 174700000, "sellingAndMarketingExpenses": 0, "sellingGeneralAndAdministrativeExpenses": 174700000, "otherExpenses": 98400000, "operatingExpenses": 273100000, "costAndExpenses": 1297100000, "interestIncome": 0, "interestExpense": 0, "depreciationAndAmortization": 98400000, "ebitda": 245900000, "ebitdaratio": 0.1726825843, "operatingIncome": 126900000, "operatingIncomeRatio": 0.0891151685, "totalOtherIncomeExpensesNet": -20600000, "incomeBeforeTax": 71000000, "incomeBeforeTaxRatio": 0.0498595506, "incomeTaxExpense": 31800000, "netIncome": 39200000, "netIncomeRatio": 0.0275280899, "eps": 0.09, "epsdiluted": 0.09, "weightedAverageShsOut": 110098000, "weightedAverageShsOutDil": 110098000, "link": "", "finalLink": "", "calculatedOtherExpenses": 98400000, "calculatedOperatingExpenses": 273100000, "calculatedNetInterest": 0, "calculatedOtherIncome": -55900000, "calculatedIncomeNonControlling": 0, "calculatedEbitda": 225300000}, {"date": "1986-09-30", "symbol": "CBT", "reportedCurrency": "USD", "cik": "0000016040", "fillingDate": "1986-09-30", "acceptedDate": "1986-09-29 20:00:00", "calendarYear": "1986", "period": "FY", "revenue": 1309900000, "costOfRevenue": 883600000, "grossProfit": 426300000, "grossProfitRatio": 0.3254446904, "researchAndDevelopmentExpenses": 0, "generalAndAdministrativeExpenses": 179400000, "sellingAndMarketingExpenses": 0, "sellingGeneralAndAdministrativeExpenses": 179400000, "otherExpenses": 84000000, "operatingExpenses": 263400000, "costAndExpenses": 1147000000, "interestIncome": 0, "interestExpense": 0, "depreciationAndAmortization": 84000000, "ebitda": 239300000, "ebitdaratio": 0.1826857012, "operatingIncome": 162900000, "operatingIncomeRatio": 0.1243606382, "totalOtherIncomeExpensesNet": 7600000, "incomeBeforeTax": 128900000, "incomeBeforeTaxRatio": 0.0984044584, "incomeTaxExpense": 55800000, "netIncome": 73100000, "netIncomeRatio": 0.0558057867, "eps": 0.16, "epsdiluted": 0.16, "weightedAverageShsOut": 111770000, "weightedAverageShsOutDil": 111770000, "link": "", "finalLink": "", "calculatedOtherExpenses": 84000000, "calculatedOperatingExpenses": 263400000, "calculatedNetInterest": 0, "calculatedOtherIncome": -34000000, "calculatedIncomeNonControlling": 0, "calculatedEbitda": 246900000}, {"date": "1985-09-30", "symbol": "CBT", "reportedCurrency": "USD", "cik": "0000016040", "fillingDate": "1985-09-30", "acceptedDate": "1985-09-29 20:00:00", "calendarYear": "1985", "period": "FY", "revenue": 1407500000, "costOfRevenue": 1003600000, "grossProfit": 403900000, "grossProfitRatio": 0.2869626998, "researchAndDevelopmentExpenses": 0, "generalAndAdministrativeExpenses": 163800000, "sellingAndMarketingExpenses": 0, "sellingGeneralAndAdministrativeExpenses": 163800000, "otherExpenses": 83700000, "operatingExpenses": 247500000, "costAndExpenses": 1251100000, "interestIncome": 0, "interestExpense": 0, "depreciationAndAmortization": 83700000, "ebitda": 237200000, "ebitdaratio": 0.1685257549, "operatingIncome": 156400000, "operatingIncomeRatio": 0.1111190053, "totalOtherIncomeExpensesNet": 2900000, "incomeBeforeTax": 125200000, "incomeBeforeTaxRatio": 0.0889520426, "incomeTaxExpense": 53900000, "netIncome": 58600000, "netIncomeRatio": 0.041634103, "eps": 0.12, "epsdiluted": 0.12, "weightedAverageShsOut": 127978000, "weightedAverageShsOutDil": 127978000, "link": "", "finalLink": "", "calculatedOtherExpenses": 83700000, "calculatedOperatingExpenses": 247500000, "calculatedNetInterest": 0, "calculatedOtherIncome": -31200000, "calculatedIncomeNonControlling": 12700000, "calculatedEbitda": 240100000}]}