{"originalCurrency": "USD", "convertedCurrency": "USD", "report": [{"date": "2023-12-31", "symbol": "CBU", "reportedCurrency": "USD", "cik": "0000723188", "fillingDate": "2023-12-31", "acceptedDate": "2023-12-29 19:00:00", "calendarYear": "2023", "period": "FY", "revenue": 756027000, "costOfRevenue": 0, "grossProfit": 756027000, "grossProfitRatio": 1, "researchAndDevelopmentExpenses": 0, "generalAndAdministrativeExpenses": 281803000, "sellingAndMarketingExpenses": 15731000, "sellingGeneralAndAdministrativeExpenses": 297534000, "otherExpenses": -138026000, "operatingExpenses": 138026000, "costAndExpenses": 577732000, "interestIncome": 541388000, "interestExpense": 15672000, "depreciationAndAmortization": 27502000, "ebitda": 14511000, "ebitdaratio": 0.019193759, "operatingIncome": -12991000, "operatingIncomeRatio": -0.0171832487, "totalOtherIncomeExpensesNet": 168231000, "incomeBeforeTax": 168231000, "incomeBeforeTaxRatio": 0.2225198306, "incomeTaxExpense": 36307000, "netIncome": 131924000, "netIncomeRatio": 0.1744964135, "eps": 2.45, "epsdiluted": 2.45, "weightedAverageShsOut": 53601000, "weightedAverageShsOutDil": 53725000, "link": null, "finalLink": null, "calculatedOtherExpenses": 471484000, "calculatedOperatingExpenses": 769018000, "calculatedNetInterest": 525716000, "calculatedOtherIncome": -344494000, "calculatedIncomeNonControlling": 0, "calculatedEbitda": 14511000}, {"date": "2022-12-31", "symbol": "CBU", "reportedCurrency": "USD", "cik": "0000723188", "fillingDate": "2023-03-01", "acceptedDate": "2023-03-01 16:18:34", "calendarYear": "2022", "period": "FY", "revenue": 679355000, "costOfRevenue": 314966000, "grossProfit": 364389000, "grossProfitRatio": 0.5363749439, "researchAndDevelopmentExpenses": 0, "generalAndAdministrativeExpenses": 257339000, "sellingAndMarketingExpenses": 13095000, "sellingGeneralAndAdministrativeExpenses": 257339000, "otherExpenses": -658069000, "operatingExpenses": -400730000, "costAndExpenses": -400730000, "interestIncome": 443729000, "interestExpense": 23099000, "depreciationAndAmortization": 15214000, "ebitda": 293839000, "ebitdaratio": 0.4325264405, "operatingIncome": 278625000, "operatingIncomeRatio": 0.410131669, "totalOtherIncomeExpensesNet": -38311000, "incomeBeforeTax": 240314000, "incomeBeforeTaxRatio": 0.3537384725, "incomeTaxExpense": 52233000, "netIncome": 188081000, "netIncomeRatio": 0.2768523084, "eps": 3.48, "epsdiluted": 3.46, "weightedAverageShsOut": 53896000, "weightedAverageShsOutDil": 54208000, "link": "https://www.sec.gov/Archives/edgar/data/723188/000141057823000196/0001410578-23-000196-index.htm", "finalLink": "https://www.sec.gov/Archives/edgar/data/723188/000141057823000196/cbu-20221231x10k.htm", "calculatedOtherExpenses": -171575000, "calculatedOperatingExpenses": 85764000, "calculatedNetInterest": 420630000, "calculatedOtherIncome": -458941000, "calculatedIncomeNonControlling": 0, "calculatedEbitda": 293839000}, {"date": "2021-12-31", "symbol": "CBU", "reportedCurrency": "USD", "cik": "0000723188", "fillingDate": "2022-03-01", "acceptedDate": "2022-03-01 16:05:59", "calendarYear": "2021", "period": "FY", "revenue": 620647000, "costOfRevenue": 296792000, "grossProfit": 323855000, "grossProfitRatio": 0.5218022483, "researchAndDevelopmentExpenses": 0, "generalAndAdministrativeExpenses": 292504000, "sellingAndMarketingExpenses": 9319000, "sellingGeneralAndAdministrativeExpenses": 292504000, "otherExpenses": -671803000, "operatingExpenses": -379299000, "costAndExpenses": -379299000, "interestIncome": 387420000, "interestExpense": 13008000, "depreciationAndAmortization": 14051000, "ebitda": 255399000, "ebitdaratio": 0.4115044462, "operatingIncome": 241348000, "operatingIncomeRatio": 0.3888651681, "totalOtherIncomeExpensesNet": 171762000, "incomeBeforeTax": 241348000, "incomeBeforeTaxRatio": 0.3888651681, "incomeTaxExpense": 51654000, "netIncome": 189694000, "netIncomeRatio": 0.3056391153, "eps": 3.51, "epsdiluted": 3.48, "weightedAverageShsOut": 53977000, "weightedAverageShsOutDil": 54400000, "link": "https://www.sec.gov/Archives/edgar/data/723188/000141057822000246/0001410578-22-000246-index.htm", "finalLink": "https://www.sec.gov/Archives/edgar/data/723188/000141057822000246/cbu-20211231x10k.htm", "calculatedOtherExpenses": -209997000, "calculatedOperatingExpenses": 82507000, "calculatedNetInterest": 374412000, "calculatedOtherIncome": -374412000, "calculatedIncomeNonControlling": 0, "calculatedEbitda": 255399000}, {"date": "2020-12-31", "symbol": "CBU", "reportedCurrency": "USD", "cik": "0000723188", "fillingDate": "2021-03-01", "acceptedDate": "2021-03-01 16:42:00", "calendarYear": "2020", "period": "FY", "revenue": 596401000, "costOfRevenue": 283413000, "grossProfit": 312988000, "grossProfitRatio": 0.5247945594, "researchAndDevelopmentExpenses": 0, "generalAndAdministrativeExpenses": 274139000, "sellingAndMarketingExpenses": 9463000, "sellingGeneralAndAdministrativeExpenses": 274139000, "otherExpenses": -664464000, "operatingExpenses": -390325000, "costAndExpenses": -390325000, "interestIncome": 389278000, "interestExpense": 20875000, "depreciationAndAmortization": 14297000, "ebitda": 220373000, "ebitdaratio": 0.369504746, "operatingIncome": 206076000, "operatingIncomeRatio": 0.3455326198, "totalOtherIncomeExpensesNet": 121279000, "incomeBeforeTax": 206076000, "incomeBeforeTaxRatio": 0.3455326198, "incomeTaxExpense": 41400000, "netIncome": 164676000, "netIncomeRatio": 0.2761162372, "eps": 3.1, "epsdiluted": 3.08, "weightedAverageShsOut": 52969000, "weightedAverageShsOutDil": 53321000, "link": "https://www.sec.gov/Archives/edgar/data/723188/000110465921030055/0001104659-21-030055-index.htm", "finalLink": "https://www.sec.gov/Archives/edgar/data/723188/000110465921030055/cbu-20201231x10k.htm", "calculatedOtherExpenses": -167227000, "calculatedOperatingExpenses": 106912000, "calculatedNetInterest": 368403000, "calculatedOtherIncome": -368403000, "calculatedIncomeNonControlling": 0, "calculatedEbitda": 220373000}, {"date": "2019-12-31", "symbol": "CBU", "reportedCurrency": "USD", "cik": "0000723188", "fillingDate": "2020-03-02", "acceptedDate": "2020-03-02 15:17:42", "calendarYear": "2019", "period": "FY", "revenue": 589794000, "costOfRevenue": 275722000, "grossProfit": 314072000, "grossProfitRatio": 0.5325113514, "researchAndDevelopmentExpenses": 0, "generalAndAdministrativeExpenses": 261323000, "sellingAndMarketingExpenses": 11416000, "sellingGeneralAndAdministrativeExpenses": 261323000, "otherExpenses": -641779000, "operatingExpenses": -380456000, "costAndExpenses": -380456000, "interestIncome": 385727000, "interestExpense": 26552000, "depreciationAndAmortization": 15956000, "ebitda": 225294000, "ebitdaratio": 0.3819876092, "operatingIncome": 209338000, "operatingIncomeRatio": 0.3549340956, "totalOtherIncomeExpensesNet": 121532000, "incomeBeforeTax": 209338000, "incomeBeforeTaxRatio": 0.3549340956, "incomeTaxExpense": 40275000, "netIncome": 169063000, "netIncomeRatio": 0.2866475413, "eps": 3.26, "epsdiluted": 3.23, "weightedAverageShsOut": 51732000, "weightedAverageShsOutDil": 52248000, "link": "https://www.sec.gov/Archives/edgar/data/723188/000114036120004510/0001140361-20-004510-index.htm", "finalLink": "https://www.sec.gov/Archives/edgar/data/723188/000114036120004510/form10k.htm", "calculatedOtherExpenses": -156589000, "calculatedOperatingExpenses": 104734000, "calculatedNetInterest": 359175000, "calculatedOtherIncome": -359175000, "calculatedIncomeNonControlling": 0, "calculatedEbitda": 225294000}, {"date": "2018-12-31", "symbol": "CBU", "reportedCurrency": "USD", "cik": "0000723188", "fillingDate": "2019-03-01", "acceptedDate": "2019-03-01 13:11:43", "calendarYear": "2018", "period": "FY", "revenue": 569432000, "costOfRevenue": 265466000, "grossProfit": 303966000, "grossProfitRatio": 0.5338056168, "researchAndDevelopmentExpenses": 0, "generalAndAdministrativeExpenses": 207363000, "sellingAndMarketingExpenses": 9383000, "sellingGeneralAndAdministrativeExpenses": 207363000, "otherExpenses": -594606000, "operatingExpenses": -338766000, "costAndExpenses": -338766000, "interestIncome": 362733000, "interestExpense": 17678000, "depreciationAndAmortization": 18155000, "ebitda": 265019000, "ebitdaratio": 0.4654093904, "operatingIncome": 230666000, "operatingIncomeRatio": 0.4050808525, "totalOtherIncomeExpensesNet": -17678000, "incomeBeforeTax": 212988000, "incomeBeforeTaxRatio": 0.3740358814, "incomeTaxExpense": 44347000, "netIncome": 168641000, "netIncomeRatio": 0.2961565209, "eps": 3.3, "epsdiluted": 3.26, "weightedAverageShsOut": 51165000, "weightedAverageShsOutDil": 51748000, "link": "https://www.sec.gov/Archives/edgar/data/723188/000114036119004202/0001140361-19-004202-index.htm", "finalLink": "https://www.sec.gov/Archives/edgar/data/723188/000114036119004202/form10k.htm", "calculatedOtherExpenses": -134063000, "calculatedOperatingExpenses": 73300000, "calculatedNetInterest": 345055000, "calculatedOtherIncome": -362733000, "calculatedIncomeNonControlling": 0, "calculatedEbitda": 248821000}, {"date": "2017-12-31", "symbol": "CBU", "reportedCurrency": "USD", "cik": "0000723188", "fillingDate": "2018-03-01", "acceptedDate": "2018-03-01 12:25:35", "calendarYear": "2017", "period": "FY", "revenue": 518098000, "costOfRevenue": 232495000, "grossProfit": 285603000, "grossProfitRatio": 0.5512528518, "researchAndDevelopmentExpenses": 0, "generalAndAdministrativeExpenses": 179993000, "sellingAndMarketingExpenses": 9994000, "sellingGeneralAndAdministrativeExpenses": 179993000, "otherExpenses": -105609000, "operatingExpenses": 21570000, "costAndExpenses": 254065000, "interestIncome": 329455000, "interestExpense": 13780000, "depreciationAndAmortization": 16941000, "ebitda": 207209000, "ebitdaratio": 0.3999417099, "operatingIncome": 173745000, "operatingIncomeRatio": 0.335351613, "totalOtherIncomeExpensesNet": -13780000, "incomeBeforeTax": 159965000, "incomeBeforeTaxRatio": 0.3087543283, "incomeTaxExpense": 9248000, "netIncome": 150717000, "netIncomeRatio": 0.2909044235, "eps": 3.07, "epsdiluted": 3.03, "weightedAverageShsOut": 49093485, "weightedAverageShsOutDil": 49741584, "link": "https://www.sec.gov/Archives/edgar/data/723188/000114036118011107/0001140361-18-011107-index.htm", "finalLink": "https://www.sec.gov/Archives/edgar/data/723188/000114036118011107/form10k.htm", "calculatedOtherExpenses": -68135000, "calculatedOperatingExpenses": 111858000, "calculatedNetInterest": 315675000, "calculatedOtherIncome": -329455000, "calculatedIncomeNonControlling": 0, "calculatedEbitda": 190686000}, {"date": "2016-12-31", "symbol": "CBU", "reportedCurrency": "USD", "cik": "0000723188", "fillingDate": "2017-03-01", "acceptedDate": "2017-03-01 12:31:25", "calendarYear": "2016", "period": "FY", "revenue": 429847000, "costOfRevenue": 326000, "grossProfit": 429521000, "grossProfitRatio": 0.9992415906, "researchAndDevelopmentExpenses": 0, "generalAndAdministrativeExpenses": 152773000, "sellingAndMarketingExpenses": 7484000, "sellingGeneralAndAdministrativeExpenses": 152773000, "otherExpenses": -83417000, "operatingExpenses": 15939000, "costAndExpenses": 16265000, "interestIncome": 285187000, "interestExpense": 11291000, "depreciationAndAmortization": 5479000, "ebitda": 186283000, "ebitdaratio": 0.4333704783, "operatingIncome": 165888000, "operatingIncomeRatio": 0.3859233634, "totalOtherIncomeExpensesNet": -11291000, "incomeBeforeTax": 154597000, "incomeBeforeTaxRatio": 0.3596558776, "incomeTaxExpense": 50785000, "netIncome": 103812000, "netIncomeRatio": 0.2415091882, "eps": 2.34, "epsdiluted": 2.32, "weightedAverageShsOut": 44364103, "weightedAverageShsOutDil": 44746552, "link": "https://www.sec.gov/Archives/edgar/data/723188/000072318817000011/0000723188-17-000011-index.htm", "finalLink": "https://www.sec.gov/Archives/edgar/data/723188/000072318817000011/cbna201610k.htm", "calculatedOtherExpenses": 110860000, "calculatedOperatingExpenses": 263633000, "calculatedNetInterest": 273896000, "calculatedOtherIncome": -285187000, "calculatedIncomeNonControlling": 0, "calculatedEbitda": 171367000}, {"date": "2015-12-31", "symbol": "CBU", "reportedCurrency": "USD", "cik": "0000723188", "fillingDate": "2016-02-29", "acceptedDate": "2016-02-29 13:51:38", "calendarYear": "2015", "period": "FY", "revenue": 371719000, "costOfRevenue": 0, "grossProfit": 371719000, "grossProfitRatio": 1, "researchAndDevelopmentExpenses": 0, "generalAndAdministrativeExpenses": 126356000, "sellingAndMarketingExpenses": 7204000, "sellingGeneralAndAdministrativeExpenses": 126356000, "otherExpenses": 0, "operatingExpenses": 14017000, "costAndExpenses": 14017000, "interestIncome": 259622000, "interestExpense": 11202000, "depreciationAndAmortization": 3663000, "ebitda": 160623000, "ebitdaratio": 0.4321086627, "operatingIncome": 143419000, "operatingIncomeRatio": 0.3858263904, "totalOtherIncomeExpensesNet": -11202000, "incomeBeforeTax": 132208000, "incomeBeforeTaxRatio": 0.3556665115, "incomeTaxExpense": 40987000, "netIncome": 91221000, "netIncomeRatio": 0.2454031136, "eps": 2.21, "epsdiluted": 2.19, "weightedAverageShsOut": 41276471, "weightedAverageShsOutDil": 41653425, "link": "https://www.sec.gov/Archives/edgar/data/723188/000072318816000073/0000723188-16-000073-index.htm", "finalLink": "https://www.sec.gov/Archives/edgar/data/723188/000072318816000073/cbna201510k.htm", "calculatedOtherExpenses": 101944000, "calculatedOperatingExpenses": 228300000, "calculatedNetInterest": 248420000, "calculatedOtherIncome": -259631000, "calculatedIncomeNonControlling": 0, "calculatedEbitda": 147082000}, {"date": "2014-12-31", "symbol": "CBU", "reportedCurrency": "USD", "cik": "0000723188", "fillingDate": "2015-03-02", "acceptedDate": "2015-03-02 13:40:17", "calendarYear": "2014", "period": "FY", "revenue": 363448000, "costOfRevenue": 0, "grossProfit": 363448000, "grossProfitRatio": 1, "researchAndDevelopmentExpenses": 0, "generalAndAdministrativeExpenses": 123077000, "sellingAndMarketingExpenses": 7125000, "sellingGeneralAndAdministrativeExpenses": 123077000, "otherExpenses": 0, "operatingExpenses": 14372000, "costAndExpenses": 14372000, "interestIncome": 256220000, "interestExpense": 11792000, "depreciationAndAmortization": 4287000, "ebitda": 159295000, "ebitdaratio": 0.4382882833, "operatingIncome": 141482000, "operatingIncomeRatio": 0.3892771456, "totalOtherIncomeExpensesNet": -11792000, "incomeBeforeTax": 129690000, "incomeBeforeTaxRatio": 0.3568323392, "incomeTaxExpense": 38337000, "netIncome": 91353000, "netIncomeRatio": 0.2513509498, "eps": 2.24, "epsdiluted": 2.22, "weightedAverageShsOut": 40782589, "weightedAverageShsOutDil": 41150000, "link": "https://www.sec.gov/Archives/edgar/data/723188/000072318815000012/0000723188-15-000012-index.htm", "finalLink": "https://www.sec.gov/Archives/edgar/data/723188/000072318815000012/cbna10k2014.htm", "calculatedOtherExpenses": 98889000, "calculatedOperatingExpenses": 221966000, "calculatedNetInterest": 244428000, "calculatedOtherIncome": -256220000, "calculatedIncomeNonControlling": 0, "calculatedEbitda": 145769000}, {"date": "2013-12-31", "symbol": "CBU", "reportedCurrency": "USD", "cik": "0000723188", "fillingDate": "2014-03-03", "acceptedDate": "2014-03-03 16:46:45", "calendarYear": "2013", "period": "FY", "revenue": 427610000, "costOfRevenue": 0, "grossProfit": 427610000, "grossProfitRatio": 1, "researchAndDevelopmentExpenses": 0, "generalAndAdministrativeExpenses": 121629000, "sellingAndMarketingExpenses": 6815000, "sellingGeneralAndAdministrativeExpenses": 121629000, "otherExpenses": 0, "operatingExpenses": 13823000, "costAndExpenses": 13823000, "interestIncome": 264159000, "interestExpense": 26065000, "depreciationAndAmortization": 4469000, "ebitda": 154326000, "ebitdaratio": 0.3609036271, "operatingIncome": 137092000, "operatingIncomeRatio": 0.3206005472, "totalOtherIncomeExpensesNet": -26065000, "incomeBeforeTax": 111027000, "incomeBeforeTaxRatio": 0.2596454713, "incomeTaxExpense": 32198000, "netIncome": 78829000, "netIncomeRatio": 0.1843478871, "eps": 1.96, "epsdiluted": 1.94, "weightedAverageShsOut": 40218878, "weightedAverageShsOutDil": 40633505, "link": "https://www.sec.gov/Archives/edgar/data/723188/000072318814000009/0000723188-14-000009-index.htm", "finalLink": "https://www.sec.gov/Archives/edgar/data/723188/000072318814000009/cbna10k2013.htm", "calculatedOtherExpenses": 168889000, "calculatedOperatingExpenses": 290518000, "calculatedNetInterest": 238094000, "calculatedOtherIncome": -264159000, "calculatedIncomeNonControlling": 0, "calculatedEbitda": 141561000}, {"date": "2012-12-31", "symbol": "CBU", "reportedCurrency": "USD", "cik": "0000723188", "fillingDate": "2013-03-01", "acceptedDate": "2013-03-01 15:39:13", "calendarYear": "2012", "period": "FY", "revenue": 329670000, "costOfRevenue": 0, "grossProfit": 329670000, "grossProfitRatio": 1, "researchAndDevelopmentExpenses": 0, "generalAndAdministrativeExpenses": 112034000, "sellingAndMarketingExpenses": 5919000, "sellingGeneralAndAdministrativeExpenses": 112034000, "otherExpenses": 0, "operatingExpenses": 49815000, "costAndExpenses": 49815000, "interestIncome": 281400000, "interestExpense": 50976000, "depreciationAndAmortization": 4607000, "ebitda": 176557000, "ebitdaratio": 0.5355567689, "operatingIncome": 159781000, "operatingIncomeRatio": 0.484669518, "totalOtherIncomeExpensesNet": -50976000, "incomeBeforeTax": 108805000, "incomeBeforeTaxRatio": 0.3300421634, "incomeTaxExpense": 31737000, "netIncome": 77068000, "netIncomeRatio": 0.2337731671, "eps": 1.95, "epsdiluted": 1.93, "weightedAverageShsOut": 39522051, "weightedAverageShsOutDil": 39931606, "link": "https://www.sec.gov/Archives/edgar/data/723188/000072318813000006/0000723188-13-000006-index.htm", "finalLink": "https://www.sec.gov/Archives/edgar/data/723188/000072318813000006/cbna10k2012.htm", "calculatedOtherExpenses": 57855000, "calculatedOperatingExpenses": 169889000, "calculatedNetInterest": 230424000, "calculatedOtherIncome": -281400000, "calculatedIncomeNonControlling": 0, "calculatedEbitda": 164388000}, {"date": "2011-12-31", "symbol": "CBU", "reportedCurrency": "USD", "cik": "0000723188", "fillingDate": "2012-02-29", "acceptedDate": "2012-02-29 16:11:19", "calendarYear": "2011", "period": "FY", "revenue": 298635000, "costOfRevenue": 0, "grossProfit": 298635000, "grossProfitRatio": 1, "researchAndDevelopmentExpenses": 0, "generalAndAdministrativeExpenses": 102278000, "sellingAndMarketingExpenses": 5931000, "sellingGeneralAndAdministrativeExpenses": 102278000, "otherExpenses": 0, "operatingExpenses": 43421000, "costAndExpenses": 43421000, "interestIncome": 270969000, "interestExpense": 61556000, "depreciationAndAmortization": 4381000, "ebitda": 180839000, "ebitdaratio": 0.6055519279, "operatingIncome": 165083000, "operatingIncomeRatio": 0.5527918697, "totalOtherIncomeExpensesNet": -61556000, "incomeBeforeTax": 103527000, "incomeBeforeTaxRatio": 0.3466673364, "incomeTaxExpense": 30385000, "netIncome": 73142000, "netIncomeRatio": 0.2449210575, "eps": 2.03, "epsdiluted": 2.01, "weightedAverageShsOut": 36030542, "weightedAverageShsOutDil": 36389055, "link": "https://www.sec.gov/Archives/edgar/data/723188/000072318812000007/0000723188-12-000007-index.htm", "finalLink": "https://www.sec.gov/Archives/edgar/data/723188/000072318812000007/cbna10k2011.htm", "calculatedOtherExpenses": 31274000, "calculatedOperatingExpenses": 133552000, "calculatedNetInterest": 209413000, "calculatedOtherIncome": -270969000, "calculatedIncomeNonControlling": 0, "calculatedEbitda": 169464000}, {"date": "2010-12-31", "symbol": "CBU", "reportedCurrency": "USD", "cik": "0000723188", "fillingDate": "2011-03-15", "acceptedDate": "2011-03-15 14:38:26", "calendarYear": "2010", "period": "FY", "revenue": 270476000, "costOfRevenue": 120289000, "grossProfit": 150187000, "grossProfitRatio": 0.5552692291, "researchAndDevelopmentExpenses": 0, "generalAndAdministrativeExpenses": 128958000, "sellingAndMarketingExpenses": 5237000, "sellingGeneralAndAdministrativeExpenses": 134195000, "otherExpenses": 16212000, "operatingExpenses": 56597000, "costAndExpenses": 176886000, "interestIncome": 248281000, "interestExpense": 66597000, "depreciationAndAmortization": 16176000, "ebitda": 169158000, "ebitdaratio": 0.625408539, "operatingIncome": 152982000, "operatingIncomeRatio": 0.5656028631, "totalOtherIncomeExpensesNet": -66597000, "incomeBeforeTax": 86385000, "incomeBeforeTaxRatio": 0.3193813869, "incomeTaxExpense": 23065000, "netIncome": 63320000, "netIncomeRatio": 0.2341057987, "eps": 1.91, "epsdiluted": 1.89, "weightedAverageShsOut": 32951000, "weightedAverageShsOutDil": 33269000, "link": "https://www.sec.gov/Archives/edgar/data/723188/000072318811000025/0000723188-11-000025-index.htm", "finalLink": "https://www.sec.gov/Archives/edgar/data/723188/000072318811000025/cbna10k2010.htm", "calculatedOtherExpenses": -136990000, "calculatedOperatingExpenses": -2795000, "calculatedNetInterest": 181684000, "calculatedOtherIncome": -248281000, "calculatedIncomeNonControlling": 0, "calculatedEbitda": 169158000}, {"date": "2009-12-31", "symbol": "CBU", "reportedCurrency": "USD", "cik": "0000723188", "fillingDate": "2010-03-11", "acceptedDate": "2010-03-11 14:51:54", "calendarYear": "2009", "period": "FY", "revenue": 249035000, "costOfRevenue": 124045000, "grossProfit": 124990000, "grossProfitRatio": 0.5018973237, "researchAndDevelopmentExpenses": 0, "generalAndAdministrativeExpenses": 132467000, "sellingAndMarketingExpenses": 6086000, "sellingGeneralAndAdministrativeExpenses": 138553000, "otherExpenses": 23036000, "operatingExpenses": 62133000, "costAndExpenses": 186178000, "interestIncome": 248782000, "interestExpense": 83282000, "depreciationAndAmortization": 18469000, "ebitda": 154818000, "ebitdaratio": 0.6216716526, "operatingIncome": 136349000, "operatingIncomeRatio": 0.5475093862, "totalOtherIncomeExpensesNet": -83282000, "incomeBeforeTax": 53067000, "incomeBeforeTaxRatio": 0.2130905294, "incomeTaxExpense": 11622000, "netIncome": 41445000, "netIncomeRatio": 0.1664223904, "eps": 1.26, "epsdiluted": 1.26, "weightedAverageShsOut": 32673000, "weightedAverageShsOutDil": 32821000, "link": "https://www.sec.gov/Archives/edgar/data/723188/000072318810000008/0000723188-10-000008-index.htm", "finalLink": "https://www.sec.gov/Archives/edgar/data/723188/000072318810000008/cbna10k2009.htm", "calculatedOtherExpenses": -149912000, "calculatedOperatingExpenses": -11359000, "calculatedNetInterest": 165500000, "calculatedOtherIncome": -248782000, "calculatedIncomeNonControlling": 0, "calculatedEbitda": 154818000}, {"date": "2008-12-31", "symbol": "CBU", "reportedCurrency": "USD", "cik": "0000723188", "fillingDate": "2009-03-13", "acceptedDate": "2009-03-13 13:34:26", "calendarYear": "2008", "period": "FY", "revenue": 221981000, "costOfRevenue": 111124000, "grossProfit": 110857000, "grossProfitRatio": 0.4993985972, "researchAndDevelopmentExpenses": 0, "generalAndAdministrativeExpenses": 82962000, "sellingAndMarketingExpenses": 5288000, "sellingGeneralAndAdministrativeExpenses": 88250000, "otherExpenses": 11797000, "operatingExpenses": 47438000, "costAndExpenses": 158562000, "interestIncome": 250859000, "interestExpense": 102352000, "depreciationAndAmortization": 16369000, "ebitda": 175410000, "ebitdaratio": 0.7902027651, "operatingIncome": 159041000, "operatingIncomeRatio": 0.7164622197, "totalOtherIncomeExpensesNet": -102352000, "incomeBeforeTax": 56689000, "incomeBeforeTaxRatio": 0.2553777125, "incomeTaxExpense": 10749000, "netIncome": 45940000, "netIncomeRatio": 0.2069546493, "eps": 1.5, "epsdiluted": 1.49, "weightedAverageShsOut": 30496000, "weightedAverageShsOutDil": 30806000, "link": "https://www.sec.gov/Archives/edgar/data/723188/000072318809000007/0000723188-09-000007-index.htm", "finalLink": "https://www.sec.gov/Archives/edgar/data/723188/000072318809000007/cbna10k2008.htm", "calculatedOtherExpenses": -136434000, "calculatedOperatingExpenses": -48184000, "calculatedNetInterest": 148507000, "calculatedOtherIncome": -250859000, "calculatedIncomeNonControlling": 0, "calculatedEbitda": 175410000}, {"date": "2007-12-31", "symbol": "CBU", "reportedCurrency": "USD", "cik": "0000723188", "fillingDate": "2008-03-13", "acceptedDate": "2008-03-13 15:25:08", "calendarYear": "2007", "period": "FY", "revenue": 189260000, "costOfRevenue": 100944000, "grossProfit": 88316000, "grossProfitRatio": 0.4666384867, "researchAndDevelopmentExpenses": 0, "generalAndAdministrativeExpenses": 75714000, "sellingAndMarketingExpenses": 5420000, "sellingGeneralAndAdministrativeExpenses": 81134000, "otherExpenses": 11023000, "operatingExpenses": 41130000, "costAndExpenses": 142074000, "interestIncome": 256237000, "interestExpense": 120263000, "depreciationAndAmortization": 9010000, "ebitda": 174455000, "ebitdaratio": 0.9217742788, "operatingIncome": 165445000, "operatingIncomeRatio": 0.8741678115, "totalOtherIncomeExpensesNet": -120263000, "incomeBeforeTax": 45182000, "incomeBeforeTaxRatio": 0.2387297897, "incomeTaxExpense": 2291000, "netIncome": 42891000, "netIncomeRatio": 0.226624749, "eps": 1.43, "epsdiluted": 1.42, "weightedAverageShsOut": 29993706, "weightedAverageShsOutDil": 30204930, "link": "https://www.sec.gov/Archives/edgar/data/723188/000116923208001321/0001169232-08-001321-index.htm", "finalLink": "https://www.sec.gov/Archives/edgar/data/723188/000116923208001321/d73868_10k.htm", "calculatedOtherExpenses": -158263000, "calculatedOperatingExpenses": -77129000, "calculatedNetInterest": 135974000, "calculatedOtherIncome": -256237000, "calculatedIncomeNonControlling": 0, "calculatedEbitda": 174455000}, {"date": "2006-12-31", "symbol": "CBU", "reportedCurrency": "USD", "cik": "0000723188", "fillingDate": "2007-03-15", "acceptedDate": "2007-03-15 14:46:38", "calendarYear": "2006", "period": "FY", "revenue": 184085000, "costOfRevenue": 91014000, "grossProfit": 93071000, "grossProfitRatio": 0.5055870929, "researchAndDevelopmentExpenses": 0, "generalAndAdministrativeExpenses": 67103000, "sellingAndMarketingExpenses": 4007000, "sellingGeneralAndAdministrativeExpenses": 67103000, "otherExpenses": 14384000, "operatingExpenses": 36189000, "costAndExpenses": 127203000, "interestIncome": 231901000, "interestExpense": 97092000, "depreciationAndAmortization": 15894000, "ebitda": 163283000, "ebitdaratio": 0.8869978543, "operatingIncome": 147389000, "operatingIncomeRatio": 0.800657305, "totalOtherIncomeExpensesNet": -97092000, "incomeBeforeTax": 50297000, "incomeBeforeTaxRatio": 0.2732270419, "incomeTaxExpense": 11920000, "netIncome": 38377000, "netIncomeRatio": 0.2084743461, "eps": 1.28, "epsdiluted": 1.26, "weightedAverageShsOut": 29982031, "weightedAverageShsOutDil": 30457937, "link": "https://www.sec.gov/Archives/edgar/data/723188/000116923207001425/0001169232-07-001425-index.htm", "finalLink": "https://www.sec.gov/Archives/edgar/data/723188/000116923207001425/d71253_10-k.htm", "calculatedOtherExpenses": -121421000, "calculatedOperatingExpenses": -54318000, "calculatedNetInterest": 134809000, "calculatedOtherIncome": -231901000, "calculatedIncomeNonControlling": 0, "calculatedEbitda": 163283000}, {"date": "2005-12-31", "symbol": "CBU", "reportedCurrency": "USD", "cik": "0000723188", "fillingDate": "2006-03-16", "acceptedDate": "2006-03-16 08:15:34", "calendarYear": "2005", "period": "FY", "revenue": 204468000, "costOfRevenue": 0, "grossProfit": 204468000, "grossProfitRatio": 1, "researchAndDevelopmentExpenses": 0, "generalAndAdministrativeExpenses": 65059000, "sellingAndMarketingExpenses": 0, "sellingGeneralAndAdministrativeExpenses": 65059000, "otherExpenses": -125410000, "operatingExpenses": -60351000, "costAndExpenses": -60351000, "interestIncome": 219194000, "interestExpense": 75572000, "depreciationAndAmortization": 17095000, "ebitda": 161212000, "ebitdaratio": 0.7884461138, "operatingIncome": 144117000, "operatingIncomeRatio": 0.704838899, "totalOtherIncomeExpensesNet": -75572000, "incomeBeforeTax": 68545000, "incomeBeforeTaxRatio": 0.3352358315, "incomeTaxExpense": 17740000, "netIncome": 50805000, "netIncomeRatio": 0.2484740889, "eps": 1.68, "epsdiluted": 1.65, "weightedAverageShsOut": 30241071, "weightedAverageShsOutDil": 30790909, "link": "https://www.sec.gov/Archives/edgar/data/723188/000116923206001540/0001169232-06-001540-index.htm", "finalLink": "https://www.sec.gov/Archives/edgar/data/723188/000116923206001540/d67393_10-k.txt", "calculatedOtherExpenses": -4708000, "calculatedOperatingExpenses": 60351000, "calculatedNetInterest": 143622000, "calculatedOtherIncome": -219194000, "calculatedIncomeNonControlling": 0, "calculatedEbitda": 161212000}, {"date": "2004-12-31", "symbol": "CBU", "reportedCurrency": "USD", "cik": "0000723188", "fillingDate": "2005-03-15", "acceptedDate": "2005-03-15 08:26:02", "calendarYear": "2004", "period": "FY", "revenue": 195488000, "costOfRevenue": 0, "grossProfit": 195488000, "grossProfitRatio": 1, "researchAndDevelopmentExpenses": 0, "generalAndAdministrativeExpenses": 61146000, "sellingAndMarketingExpenses": 0, "sellingGeneralAndAdministrativeExpenses": 61146000, "otherExpenses": -128043000, "operatingExpenses": -66897000, "costAndExpenses": -66897000, "interestIncome": 212795000, "interestExpense": 61752000, "depreciationAndAmortization": 17270000, "ebitda": 145861000, "ebitdaratio": 0.7461378704, "operatingIncome": 128591000, "operatingIncomeRatio": 0.6577948519, "totalOtherIncomeExpensesNet": -61752000, "incomeBeforeTax": 66839000, "incomeBeforeTaxRatio": 0.3419084547, "incomeTaxExpense": 16643000, "netIncome": 50196000, "netIncomeRatio": 0.2567727942, "eps": 1.68, "epsdiluted": 1.64, "weightedAverageShsOut": 29878571, "weightedAverageShsOutDil": 30607317, "link": "https://www.sec.gov/Archives/edgar/data/723188/000116923205001651/0001169232-05-001651-index.htm", "finalLink": "https://www.sec.gov/Archives/edgar/data/723188/000116923205001651/d62959_10-k.txt", "calculatedOtherExpenses": 5751000, "calculatedOperatingExpenses": 66897000, "calculatedNetInterest": 151043000, "calculatedOtherIncome": -212795000, "calculatedIncomeNonControlling": 0, "calculatedEbitda": 145861000}, {"date": "2003-12-31", "symbol": "CBU", "reportedCurrency": "USD", "cik": "0000723188", "fillingDate": "2004-03-12", "acceptedDate": "2004-03-12 10:47:44", "calendarYear": "2003", "period": "FY", "revenue": 166809000, "costOfRevenue": 0, "grossProfit": 166809000, "grossProfitRatio": 1, "researchAndDevelopmentExpenses": 0, "generalAndAdministrativeExpenses": 53164000, "sellingAndMarketingExpenses": 0, "sellingGeneralAndAdministrativeExpenses": 53164000, "otherExpenses": -107519000, "operatingExpenses": -54355000, "costAndExpenses": -54355000, "interestIncome": 191129000, "interestExpense": 59301000, "depreciationAndAmortization": 14707000, "ebitda": 127161000, "ebitdaratio": 0.762314983, "operatingIncome": 112454000, "operatingIncomeRatio": 0.6741482774, "totalOtherIncomeExpensesNet": -59301000, "incomeBeforeTax": 53153000, "incomeBeforeTaxRatio": 0.3186458764, "incomeTaxExpense": 12773000, "netIncome": 40380000, "netIncomeRatio": 0.2420732694, "eps": 1.54, "epsdiluted": 1.49, "weightedAverageShsOut": 26220779, "weightedAverageShsOutDil": 27100671, "link": "https://www.sec.gov/Archives/edgar/data/723188/000116923204001697/0001169232-04-001697-index.htm", "finalLink": "https://www.sec.gov/Archives/edgar/data/723188/000116923204001697/d58827_10-k.txt", "calculatedOtherExpenses": 1191000, "calculatedOperatingExpenses": 54355000, "calculatedNetInterest": 131828000, "calculatedOtherIncome": -191129000, "calculatedIncomeNonControlling": 0, "calculatedEbitda": 127161000}, {"date": "2002-12-31", "symbol": "CBU", "reportedCurrency": "USD", "cik": "0000723188", "fillingDate": "2003-03-24", "acceptedDate": "2003-03-24 14:25:50", "calendarYear": "2002", "period": "FY", "revenue": 160450000, "costOfRevenue": 0, "grossProfit": 160450000, "grossProfitRatio": 1, "researchAndDevelopmentExpenses": 0, "generalAndAdministrativeExpenses": 48168000, "sellingAndMarketingExpenses": 0, "sellingGeneralAndAdministrativeExpenses": 48168000, "otherExpenses": -79194000, "operatingExpenses": -31026000, "costAndExpenses": -31026000, "interestIncome": 204870000, "interestExpense": 77020000, "depreciationAndAmortization": 16248000, "ebitda": 145672000, "ebitdaratio": 0.907896541, "operatingIncome": 129424000, "operatingIncomeRatio": 0.8066313493, "totalOtherIncomeExpensesNet": -77020000, "incomeBeforeTax": 52404000, "incomeBeforeTaxRatio": 0.3266064194, "incomeTaxExpense": 13887000, "netIncome": 38517000, "netIncomeRatio": 0.2400560922, "eps": 1.49, "epsdiluted": 1.47, "weightedAverageShsOut": 25937374, "weightedAverageShsOutDil": 26291468, "link": "https://www.sec.gov/Archives/edgar/data/723188/000116923203002208/0001169232-03-002208-index.htm", "finalLink": "https://www.sec.gov/Archives/edgar/data/723188/000116923203002208/d03-54533_10k.txt", "calculatedOtherExpenses": -17142000, "calculatedOperatingExpenses": 31026000, "calculatedNetInterest": 127850000, "calculatedOtherIncome": -204870000, "calculatedIncomeNonControlling": 0, "calculatedEbitda": 145672000}, {"date": "2001-12-31", "symbol": "CBU", "reportedCurrency": "USD", "cik": "0000723188", "fillingDate": "2002-03-21", "acceptedDate": "2002-03-21 00:00:00", "calendarYear": "2001", "period": "FY", "revenue": 125738000, "costOfRevenue": 0, "grossProfit": 125738000, "grossProfitRatio": 1, "researchAndDevelopmentExpenses": 0, "generalAndAdministrativeExpenses": 41045000, "sellingAndMarketingExpenses": 0, "sellingGeneralAndAdministrativeExpenses": 41045000, "otherExpenses": -37568000, "operatingExpenses": 3477000, "costAndExpenses": 3477000, "interestIncome": 197850000, "interestExpense": 101195000, "depreciationAndAmortization": 14034000, "ebitda": 143249000, "ebitdaratio": 1.1392657749, "operatingIncome": 129215000, "operatingIncomeRatio": 1.0276527382, "totalOtherIncomeExpensesNet": -99613000, "incomeBeforeTax": 29602000, "incomeBeforeTaxRatio": 0.2354260446, "incomeTaxExpense": 8891000, "netIncome": 19129000, "netIncomeRatio": 0.152133802, "eps": 0.82, "epsdiluted": 0.81, "weightedAverageShsOut": 23328049, "weightedAverageShsOutDil": 23616049, "link": "https://www.sec.gov/Archives/edgar/data/723188/000089155402001428/0000891554-02-001428-index.htm", "finalLink": "https://www.sec.gov/Archives/edgar/data/723188/000089155402001428/d50061_10k.txt", "calculatedOtherExpenses": -44522000, "calculatedOperatingExpenses": -3477000, "calculatedNetInterest": 96655000, "calculatedOtherIncome": -196268000, "calculatedIncomeNonControlling": 1582000, "calculatedEbitda": 143249000}, {"date": "2000-12-31", "symbol": "CBU", "reportedCurrency": "USD", "cik": "0000723188", "fillingDate": "2001-03-30", "acceptedDate": "2001-03-30 12:07:00", "calendarYear": "2000", "period": "FY", "revenue": 92197407, "costOfRevenue": 0, "grossProfit": 92197407, "grossProfitRatio": 1, "researchAndDevelopmentExpenses": 0, "generalAndAdministrativeExpenses": 28834429, "sellingAndMarketingExpenses": 0, "sellingGeneralAndAdministrativeExpenses": 28834429, "otherExpenses": -17992737, "operatingExpenses": 10841692, "costAndExpenses": 10841692, "interestIncome": 145220892, "interestExpense": 74012420, "depreciationAndAmortization": 7908050, "ebitda": 110947149, "ebitdaratio": 1.2033651771, "operatingIncome": 103039099, "operatingIncomeRatio": 1.1175921574, "totalOtherIncomeExpensesNet": -74012420, "incomeBeforeTax": 29026679, "incomeBeforeTaxRatio": 0.3148318369, "incomeTaxExpense": 8708104, "netIncome": 20318575, "netIncomeRatio": 0.2203811979, "eps": 1.17, "epsdiluted": 1.16, "weightedAverageShsOut": 14132172, "weightedAverageShsOutDil": 14330287, "link": "https://www.sec.gov/Archives/edgar/data/723188/000072318801500004/0000723188-01-500004-index.htm", "finalLink": "https://www.sec.gov/Archives/edgar/data/723188/000072318801500004/f10k_00.htm", "calculatedOtherExpenses": -39676121, "calculatedOperatingExpenses": -10841692, "calculatedNetInterest": 71208472, "calculatedOtherIncome": -145220892, "calculatedIncomeNonControlling": 0, "calculatedEbitda": 110947149}, {"date": "1999-12-31", "symbol": "CBU", "reportedCurrency": "USD", "cik": "0000723188", "fillingDate": "2000-03-30", "acceptedDate": "2000-03-30 00:00:00", "calendarYear": "1999", "period": "FY", "revenue": 83400000, "costOfRevenue": 0, "grossProfit": 83400000, "grossProfitRatio": 1, "researchAndDevelopmentExpenses": 0, "generalAndAdministrativeExpenses": 26400000, "sellingAndMarketingExpenses": 0, "sellingGeneralAndAdministrativeExpenses": 26400000, "otherExpenses": -28300000, "operatingExpenses": -1900000, "costAndExpenses": -1900000, "interestIncome": 123900000, "interestExpense": 56000000, "depreciationAndAmortization": 10600000, "ebitda": 92100000, "ebitdaratio": 1.1043165468, "operatingIncome": 81500000, "operatingIncomeRatio": 0.9772182254, "totalOtherIncomeExpensesNet": -56000000, "incomeBeforeTax": 25500000, "incomeBeforeTaxRatio": 0.3057553957, "incomeTaxExpense": 7900000, "netIncome": 17600000, "netIncomeRatio": 0.2110311751, "eps": 1.67, "epsdiluted": 1.09, "weightedAverageShsOut": 14431366, "weightedAverageShsOutDil": 14606352, "link": "https://www.sec.gov/Archives/edgar/data/723188/000072318800000006/0000723188-00-000006-index.htm", "finalLink": "https://www.sec.gov/Archives/edgar/data/723188/000072318800000006/0000723188-00-000006.txt", "calculatedOtherExpenses": -24500000, "calculatedOperatingExpenses": 1900000, "calculatedNetInterest": 67900000, "calculatedOtherIncome": -123900000, "calculatedIncomeNonControlling": 0, "calculatedEbitda": 92100000}, {"date": "1998-12-31", "symbol": "CBU", "reportedCurrency": "USD", "cik": "0000723188", "fillingDate": "1999-03-30", "acceptedDate": "1999-03-30 00:00:00", "calendarYear": "1998", "period": "FY", "revenue": 81400000, "costOfRevenue": 0, "grossProfit": 81400000, "grossProfitRatio": 1, "researchAndDevelopmentExpenses": 0, "generalAndAdministrativeExpenses": 25700000, "sellingAndMarketingExpenses": 0, "sellingGeneralAndAdministrativeExpenses": 25700000, "otherExpenses": -24000000, "operatingExpenses": 1700000, "costAndExpenses": 1700000, "interestIncome": 122900000, "interestExpense": 58500000, "depreciationAndAmortization": 15800000, "ebitda": 98900000, "ebitdaratio": 1.214987715, "operatingIncome": 83100000, "operatingIncomeRatio": 1.0208845209, "totalOtherIncomeExpensesNet": -58700000, "incomeBeforeTax": 24400000, "incomeBeforeTaxRatio": 0.2997542998, "incomeTaxExpense": 8900000, "netIncome": 15700000, "netIncomeRatio": 0.1928746929, "eps": 1.04, "epsdiluted": 1.02, "weightedAverageShsOut": 15090000, "weightedAverageShsOutDil": 15342000, "link": "https://www.sec.gov/Archives/edgar/data/723188/000072318899000005/0000723188-99-000005-index.htm", "finalLink": "https://www.sec.gov/Archives/edgar/data/723188/0000723188-99-000005.txt", "calculatedOtherExpenses": -27400000, "calculatedOperatingExpenses": -1700000, "calculatedNetInterest": 64400000, "calculatedOtherIncome": -123100000, "calculatedIncomeNonControlling": -200000, "calculatedEbitda": 98900000}, {"date": "1997-12-31", "symbol": "CBU", "reportedCurrency": "USD", "cik": "0000723188", "fillingDate": "1998-03-31", "acceptedDate": "1998-03-31 00:00:00", "calendarYear": "1997", "period": "FY", "revenue": 74700000, "costOfRevenue": 0, "grossProfit": 74700000, "grossProfitRatio": 1, "researchAndDevelopmentExpenses": 0, "generalAndAdministrativeExpenses": 22900000, "sellingAndMarketingExpenses": 0, "sellingGeneralAndAdministrativeExpenses": 22900000, "otherExpenses": -18400000, "operatingExpenses": 4500000, "costAndExpenses": 4500000, "interestIncome": 117700000, "interestExpense": 54800000, "depreciationAndAmortization": 5800000, "ebitda": 85000000, "ebitdaratio": 1.1378848728, "operatingIncome": 79200000, "operatingIncomeRatio": 1.0602409639, "totalOtherIncomeExpensesNet": -54800000, "incomeBeforeTax": 24400000, "incomeBeforeTaxRatio": 0.3266398929, "incomeTaxExpense": 8800000, "netIncome": 15600000, "netIncomeRatio": 0.2088353414, "eps": 1.02, "epsdiluted": 1.01, "weightedAverageShsOut": 15219512, "weightedAverageShsOutDil": 15445545, "link": "https://www.sec.gov/Archives/edgar/data/723188/000095011098000362/0000950110-98-000362-index.htm", "finalLink": "https://www.sec.gov/Archives/edgar/data/723188/0000950110-98-000362.txt", "calculatedOtherExpenses": -27400000, "calculatedOperatingExpenses": -4500000, "calculatedNetInterest": 62900000, "calculatedOtherIncome": -117700000, "calculatedIncomeNonControlling": 0, "calculatedEbitda": 85000000}, {"date": "1996-12-31", "symbol": "CBU", "reportedCurrency": "USD", "cik": "0000723188", "fillingDate": "1997-04-02", "acceptedDate": "1997-04-02 00:00:00", "calendarYear": "1996", "period": "FY", "revenue": 64200000, "costOfRevenue": 0, "grossProfit": 64200000, "grossProfitRatio": 1, "researchAndDevelopmentExpenses": 0, "generalAndAdministrativeExpenses": 19200000, "sellingAndMarketingExpenses": 0, "sellingGeneralAndAdministrativeExpenses": 19200000, "otherExpenses": -17200000, "operatingExpenses": 2000000, "costAndExpenses": 2000000, "interestIncome": 97700000, "interestExpense": 42400000, "depreciationAndAmortization": 3000000, "ebitda": 69200000, "ebitdaratio": 1.0778816199, "operatingIncome": 66200000, "operatingIncomeRatio": 1.031152648, "totalOtherIncomeExpensesNet": -42400000, "incomeBeforeTax": 23800000, "incomeBeforeTaxRatio": 0.3707165109, "incomeTaxExpense": 9700000, "netIncome": 14100000, "netIncomeRatio": 0.2196261682, "eps": 0.92, "epsdiluted": 0.92, "weightedAverageShsOut": 13044000, "weightedAverageShsOutDil": 13044000, "link": "https://www.sec.gov/Archives/edgar/data/723188/000072318897000006/0000723188-97-000006-index.html", "finalLink": "https://www.sec.gov/Archives/edgar/data/723188/", "calculatedOtherExpenses": -21200000, "calculatedOperatingExpenses": -2000000, "calculatedNetInterest": 55300000, "calculatedOtherIncome": -97700000, "calculatedIncomeNonControlling": 0, "calculatedEbitda": 69200000}, {"date": "1995-12-31", "symbol": "CBU", "reportedCurrency": "USD", "cik": "0000723188", "fillingDate": "1996-03-27", "acceptedDate": "1996-03-27 00:00:00", "calendarYear": "1995", "period": "FY", "revenue": 53700000, "costOfRevenue": 0, "grossProfit": 53700000, "grossProfitRatio": 1, "researchAndDevelopmentExpenses": 0, "generalAndAdministrativeExpenses": 16800000, "sellingAndMarketingExpenses": 0, "sellingGeneralAndAdministrativeExpenses": 16800000, "otherExpenses": -15300000, "operatingExpenses": 1500000, "costAndExpenses": 1500000, "interestIncome": 83400000, "interestExpense": 36300000, "depreciationAndAmortization": 1800000, "ebitda": 57000000, "ebitdaratio": 1.061452514, "operatingIncome": 55200000, "operatingIncomeRatio": 1.0279329609, "totalOtherIncomeExpensesNet": -36300000, "incomeBeforeTax": 18900000, "incomeBeforeTaxRatio": 0.3519553073, "incomeTaxExpense": 7400000, "netIncome": 11500000, "netIncomeRatio": 0.2141527002, "eps": 0.85, "epsdiluted": 0.85, "weightedAverageShsOut": 13489736, "weightedAverageShsOutDil": 13489736, "link": "https://www.sec.gov/Archives/edgar/data/723188/000095011096000294/0000950110-96-000294-index.htm", "finalLink": "https://www.sec.gov/Archives/edgar/data/723188/0000950110-96-000294.txt", "calculatedOtherExpenses": -18300000, "calculatedOperatingExpenses": -1500000, "calculatedNetInterest": 47100000, "calculatedOtherIncome": -83400000, "calculatedIncomeNonControlling": 0, "calculatedEbitda": 57000000}, {"date": "1994-12-31", "symbol": "CBU", "reportedCurrency": "USD", "cik": "0000723188", "fillingDate": "1995-06-26", "acceptedDate": "1995-06-26 00:00:00", "calendarYear": "1994", "period": "FY", "revenue": 44500000, "costOfRevenue": 0, "grossProfit": 44500000, "grossProfitRatio": 1, "researchAndDevelopmentExpenses": 0, "generalAndAdministrativeExpenses": 13100000, "sellingAndMarketingExpenses": 0, "sellingGeneralAndAdministrativeExpenses": 13100000, "otherExpenses": -19000000, "operatingExpenses": -5900000, "costAndExpenses": -5900000, "interestIncome": 61600000, "interestExpense": 22200000, "depreciationAndAmortization": 1300000, "ebitda": 39900000, "ebitdaratio": 0.8966292135, "operatingIncome": 38600000, "operatingIncomeRatio": 0.8674157303, "totalOtherIncomeExpensesNet": -22200000, "incomeBeforeTax": 16400000, "incomeBeforeTaxRatio": 0.3685393258, "incomeTaxExpense": 6300000, "netIncome": 10100000, "netIncomeRatio": 0.2269662921, "eps": 0.9, "epsdiluted": 0.9, "weightedAverageShsOut": 11253482, "weightedAverageShsOutDil": 11253482, "link": "https://www.sec.gov/Archives/edgar/data/723188/000072318895000008/0000723188-95-000008-index.htm", "finalLink": "https://www.sec.gov/Archives/edgar/data/723188/0000723188-95-000008.txt", "calculatedOtherExpenses": -7200000, "calculatedOperatingExpenses": 5900000, "calculatedNetInterest": 39400000, "calculatedOtherIncome": -61600000, "calculatedIncomeNonControlling": 0, "calculatedEbitda": 39900000}, {"date": "1993-12-31", "symbol": "CBU", "reportedCurrency": "USD", "cik": "0000723188", "fillingDate": "1994-09-06", "acceptedDate": "1994-09-06 00:00:00", "calendarYear": "1993", "period": "FY", "revenue": 41700000, "costOfRevenue": 0, "grossProfit": 41700000, "grossProfitRatio": 1, "researchAndDevelopmentExpenses": 0, "generalAndAdministrativeExpenses": 12000000, "sellingAndMarketingExpenses": 0, "sellingGeneralAndAdministrativeExpenses": 12000000, "otherExpenses": -20600000, "operatingExpenses": -8600000, "costAndExpenses": -8600000, "interestIncome": 55500000, "interestExpense": 17700000, "depreciationAndAmortization": 1600000, "ebitda": 34700000, "ebitdaratio": 0.8321342926, "operatingIncome": 33100000, "operatingIncomeRatio": 0.793764988, "totalOtherIncomeExpensesNet": -17700000, "incomeBeforeTax": 15400000, "incomeBeforeTaxRatio": 0.3693045564, "incomeTaxExpense": 5800000, "netIncome": 9600000, "netIncomeRatio": 0.2302158273, "eps": 0.86, "epsdiluted": 0.86, "weightedAverageShsOut": 11162791, "weightedAverageShsOutDil": 11162791, "link": "https://www.sec.gov/Archives/edgar/data/723188/000072318894000009/0000723188-94-000009-index.htm", "finalLink": "https://www.sec.gov/Archives/edgar/data/723188/000072318894000009/", "calculatedOtherExpenses": -3400000, "calculatedOperatingExpenses": 8600000, "calculatedNetInterest": 37800000, "calculatedOtherIncome": -55500000, "calculatedIncomeNonControlling": 0, "calculatedEbitda": 34700000}, {"date": "1992-12-31", "symbol": "CBU", "reportedCurrency": "USD", "cik": "0000723188", "fillingDate": "1992-12-31", "acceptedDate": "1992-12-31 00:00:00", "calendarYear": "1992", "period": "FY", "revenue": 39800000, "costOfRevenue": 0, "grossProfit": 39800000, "grossProfitRatio": 1, "researchAndDevelopmentExpenses": 0, "generalAndAdministrativeExpenses": 11900000, "sellingAndMarketingExpenses": 0, "sellingGeneralAndAdministrativeExpenses": 11900000, "otherExpenses": -19500000, "operatingExpenses": -7600000, "costAndExpenses": -7600000, "interestIncome": 57200000, "interestExpense": 21600000, "depreciationAndAmortization": 1800000, "ebitda": 34000000, "ebitdaratio": 0.8542713568, "operatingIncome": 32200000, "operatingIncomeRatio": 0.8090452261, "totalOtherIncomeExpensesNet": -21600000, "incomeBeforeTax": 10600000, "incomeBeforeTaxRatio": 0.2663316583, "incomeTaxExpense": 3100000, "netIncome": 7500000, "netIncomeRatio": 0.1884422111, "eps": 0.69, "epsdiluted": 0.69, "weightedAverageShsOut": 10869565, "weightedAverageShsOutDil": 10869565, "link": null, "finalLink": null, "calculatedOtherExpenses": -4300000, "calculatedOperatingExpenses": 7600000, "calculatedNetInterest": 35600000, "calculatedOtherIncome": -57200000, "calculatedIncomeNonControlling": 0, "calculatedEbitda": 34000000}, {"date": "1991-12-31", "symbol": "CBU", "reportedCurrency": "USD", "cik": "0000723188", "fillingDate": "1991-12-31", "acceptedDate": "1991-12-31 00:00:00", "calendarYear": "1991", "period": "FY", "revenue": 34100000, "costOfRevenue": 0, "grossProfit": 34100000, "grossProfitRatio": 1, "researchAndDevelopmentExpenses": 0, "generalAndAdministrativeExpenses": 12000000, "sellingAndMarketingExpenses": 0, "sellingGeneralAndAdministrativeExpenses": 12000000, "otherExpenses": -11300000, "operatingExpenses": 700000, "costAndExpenses": 700000, "interestIncome": 60200000, "interestExpense": 29800000, "depreciationAndAmortization": 2400000, "ebitda": 37200000, "ebitdaratio": 1.0909090909, "operatingIncome": 34800000, "operatingIncomeRatio": 1.0205278592, "totalOtherIncomeExpensesNet": -29800000, "incomeBeforeTax": 5000000, "incomeBeforeTaxRatio": 0.146627566, "incomeTaxExpense": 1300000, "netIncome": 3700000, "netIncomeRatio": 0.1085043988, "eps": 0.34, "epsdiluted": 0.34, "weightedAverageShsOut": 10882353, "weightedAverageShsOutDil": 10882353, "link": null, "finalLink": null, "calculatedOtherExpenses": -12700000, "calculatedOperatingExpenses": -700000, "calculatedNetInterest": 30400000, "calculatedOtherIncome": -60200000, "calculatedIncomeNonControlling": 0, "calculatedEbitda": 37200000}, {"date": "1990-12-31", "symbol": "CBU", "reportedCurrency": "USD", "cik": "0000723188", "fillingDate": "1990-12-31", "acceptedDate": "1990-12-31 00:00:00", "calendarYear": "1990", "period": "FY", "revenue": 31700000, "costOfRevenue": 0, "grossProfit": 31700000, "grossProfitRatio": 1, "researchAndDevelopmentExpenses": 0, "generalAndAdministrativeExpenses": 12800000, "sellingAndMarketingExpenses": 0, "sellingGeneralAndAdministrativeExpenses": 12800000, "otherExpenses": -8300000, "operatingExpenses": 4500000, "costAndExpenses": 4500000, "interestIncome": 61000000, "interestExpense": 33300000, "depreciationAndAmortization": 2500000, "ebitda": 38700000, "ebitdaratio": 1.2208201893, "operatingIncome": 36200000, "operatingIncomeRatio": 1.141955836, "totalOtherIncomeExpensesNet": -33300000, "incomeBeforeTax": 2900000, "incomeBeforeTaxRatio": 0.0914826498, "incomeTaxExpense": 800000, "netIncome": 2100000, "netIncomeRatio": 0.0662460568, "eps": 0.2, "epsdiluted": 0.2, "weightedAverageShsOut": 10769231, "weightedAverageShsOutDil": 10769231, "link": null, "finalLink": null, "calculatedOtherExpenses": -17300000, "calculatedOperatingExpenses": -4500000, "calculatedNetInterest": 27700000, "calculatedOtherIncome": -61000000, "calculatedIncomeNonControlling": 0, "calculatedEbitda": 38700000}, {"date": "1989-12-31", "symbol": "CBU", "reportedCurrency": "USD", "cik": "0000723188", "fillingDate": "1989-12-31", "acceptedDate": "1989-12-31 00:00:00", "calendarYear": "1989", "period": "FY", "revenue": 30600000, "costOfRevenue": 0, "grossProfit": 30600000, "grossProfitRatio": 1, "researchAndDevelopmentExpenses": 0, "generalAndAdministrativeExpenses": 12200000, "sellingAndMarketingExpenses": 0, "sellingGeneralAndAdministrativeExpenses": 12200000, "otherExpenses": -5900000, "operatingExpenses": 6300000, "costAndExpenses": 6300000, "interestIncome": 56900000, "interestExpense": 31100000, "depreciationAndAmortization": 2000000, "ebitda": 38900000, "ebitdaratio": 1.2712418301, "operatingIncome": 36900000, "operatingIncomeRatio": 1.2058823529, "totalOtherIncomeExpensesNet": -31100000, "incomeBeforeTax": 5800000, "incomeBeforeTaxRatio": 0.1895424837, "incomeTaxExpense": 1300000, "netIncome": 4500000, "netIncomeRatio": 0.1470588235, "eps": 0.41, "epsdiluted": 0.41, "weightedAverageShsOut": 10975610, "weightedAverageShsOutDil": 10975610, "link": null, "finalLink": null, "calculatedOtherExpenses": -18500000, "calculatedOperatingExpenses": -6300000, "calculatedNetInterest": 25800000, "calculatedOtherIncome": -56900000, "calculatedIncomeNonControlling": 0, "calculatedEbitda": 38900000}, {"date": "1988-12-31", "symbol": "CBU", "reportedCurrency": "USD", "cik": "0000723188", "fillingDate": "1988-12-31", "acceptedDate": "1988-12-31 00:00:00", "calendarYear": "1988", "period": "FY", "revenue": 0, "costOfRevenue": 0, "grossProfit": 0, "grossProfitRatio": 0, "researchAndDevelopmentExpenses": 0, "generalAndAdministrativeExpenses": 0, "sellingAndMarketingExpenses": 0, "sellingGeneralAndAdministrativeExpenses": 0, "otherExpenses": 4100000, "operatingExpenses": 4100000, "costAndExpenses": 4100000, "interestIncome": 0, "interestExpense": 4100000, "depreciationAndAmortization": 0, "ebitda": 4100000, "ebitdaratio": 0, "operatingIncome": 4100000, "operatingIncomeRatio": 0, "totalOtherIncomeExpensesNet": 0, "incomeBeforeTax": 0, "incomeBeforeTaxRatio": 0, "incomeTaxExpense": -4100000, "netIncome": 4100000, "netIncomeRatio": 0, "eps": 0.35, "epsdiluted": 0.35, "weightedAverageShsOut": 11714286, "weightedAverageShsOutDil": 11714286, "link": null, "finalLink": null, "calculatedOtherExpenses": -4100000, "calculatedOperatingExpenses": -4100000, "calculatedNetInterest": -4100000, "calculatedOtherIncome": 0, "calculatedIncomeNonControlling": 0, "calculatedEbitda": 4100000}, {"date": "1987-12-31", "symbol": "CBU", "reportedCurrency": "USD", "cik": "0000723188", "fillingDate": "1987-12-31", "acceptedDate": "1987-12-31 00:00:00", "calendarYear": "1987", "period": "FY", "revenue": 0, "costOfRevenue": 0, "grossProfit": 0, "grossProfitRatio": 0, "researchAndDevelopmentExpenses": 0, "generalAndAdministrativeExpenses": 0, "sellingAndMarketingExpenses": 0, "sellingGeneralAndAdministrativeExpenses": 0, "otherExpenses": 4400000, "operatingExpenses": 4400000, "costAndExpenses": 4400000, "interestIncome": 0, "interestExpense": 4400000, "depreciationAndAmortization": 0, "ebitda": 4400000, "ebitdaratio": 0, "operatingIncome": 4400000, "operatingIncomeRatio": 0, "totalOtherIncomeExpensesNet": 0, "incomeBeforeTax": 0, "incomeBeforeTaxRatio": 0, "incomeTaxExpense": -4400000, "netIncome": 4400000, "netIncomeRatio": 0, "eps": 0.43, "epsdiluted": 0.43, "weightedAverageShsOut": 10232558, "weightedAverageShsOutDil": 10232558, "link": null, "finalLink": null, "calculatedOtherExpenses": -4400000, "calculatedOperatingExpenses": -4400000, "calculatedNetInterest": -4400000, "calculatedOtherIncome": 0, "calculatedIncomeNonControlling": 0, "calculatedEbitda": 4400000}, {"date": "1986-12-31", "symbol": "CBU", "reportedCurrency": "USD", "cik": "0000723188", "fillingDate": "1986-12-31", "acceptedDate": "1986-12-31 00:00:00", "calendarYear": "1986", "period": "FY", "revenue": 0, "costOfRevenue": 0, "grossProfit": 0, "grossProfitRatio": 0, "researchAndDevelopmentExpenses": 0, "generalAndAdministrativeExpenses": 0, "sellingAndMarketingExpenses": 0, "sellingGeneralAndAdministrativeExpenses": 0, "otherExpenses": 3900000, "operatingExpenses": 3900000, "costAndExpenses": 3900000, "interestIncome": 0, "interestExpense": 3900000, "depreciationAndAmortization": 0, "ebitda": 3900000, "ebitdaratio": 0, "operatingIncome": 3900000, "operatingIncomeRatio": 0, "totalOtherIncomeExpensesNet": 0, "incomeBeforeTax": 0, "incomeBeforeTaxRatio": 0, "incomeTaxExpense": -3900000, "netIncome": 3900000, "netIncomeRatio": 0, "eps": 0.48, "epsdiluted": 0.48, "weightedAverageShsOut": 8125000, "weightedAverageShsOutDil": 8125000, "link": null, "finalLink": null, "calculatedOtherExpenses": -3900000, "calculatedOperatingExpenses": -3900000, "calculatedNetInterest": -3900000, "calculatedOtherIncome": 0, "calculatedIncomeNonControlling": 0, "calculatedEbitda": 3900000}, {"date": "1985-12-31", "symbol": "CBU", "reportedCurrency": "USD", "cik": "0000723188", "fillingDate": "1985-12-31", "acceptedDate": "1985-12-31 00:00:00", "calendarYear": "1985", "period": "FY", "revenue": 0, "costOfRevenue": 0, "grossProfit": 0, "grossProfitRatio": 0, "researchAndDevelopmentExpenses": 0, "generalAndAdministrativeExpenses": 0, "sellingAndMarketingExpenses": 0, "sellingGeneralAndAdministrativeExpenses": 0, "otherExpenses": 3200000, "operatingExpenses": 3200000, "costAndExpenses": 3200000, "interestIncome": 0, "interestExpense": 3200000, "depreciationAndAmortization": 0, "ebitda": 3200000, "ebitdaratio": 0, "operatingIncome": 3200000, "operatingIncomeRatio": 0, "totalOtherIncomeExpensesNet": 0, "incomeBeforeTax": 0, "incomeBeforeTaxRatio": 0, "incomeTaxExpense": -3200000, "netIncome": 3200000, "netIncomeRatio": 0, "eps": 0.48, "epsdiluted": 0.48, "weightedAverageShsOut": 6736842, "weightedAverageShsOutDil": 6736842, "link": null, "finalLink": null, "calculatedOtherExpenses": -3200000, "calculatedOperatingExpenses": -3200000, "calculatedNetInterest": -3200000, "calculatedOtherIncome": 0, "calculatedIncomeNonControlling": 0, "calculatedEbitda": 3200000}]}