{"originalCurrency": "USD", "convertedCurrency": "USD", "report": [{"date": "2023-12-31", "symbol": "CBZ", "reportedCurrency": "USD", "cik": "0000944148", "fillingDate": "2024-02-23", "acceptedDate": "2024-02-23 16:14:08", "calendarYear": "2023", "period": "FY", "revenue": 1591194000, "costOfRevenue": 1366090000, "grossProfit": 225104000, "grossProfitRatio": 0.1414686079, "researchAndDevelopmentExpenses": 0, "generalAndAdministrativeExpenses": 57965000, "sellingAndMarketingExpenses": -1500000, "sellingGeneralAndAdministrativeExpenses": 56465000, "otherExpenses": 21019000, "operatingExpenses": 56465000, "costAndExpenses": 1422555000, "interestIncome": 700000, "interestExpense": 24416000, "depreciationAndAmortization": 36269000, "ebitda": 204908000, "ebitdaratio": 0.1287762523, "operatingIncome": 168639000, "operatingIncomeRatio": 0.1059826772, "totalOtherIncomeExpensesNet": -2336000, "incomeBeforeTax": 166303000, "incomeBeforeTaxRatio": 0.1045145972, "incomeTaxExpense": 45335000, "netIncome": 120968000, "netIncomeRatio": 0.0760234139, "eps": 2.42, "epsdiluted": 2.39, "weightedAverageShsOut": 49989000, "weightedAverageShsOutDil": 50557000, "link": "https://www.sec.gov/Archives/edgar/data/944148/000162828024006641/0001628280-24-006641-index.htm", "finalLink": "https://www.sec.gov/Archives/edgar/data/944148/000162828024006641/cbz-20231231.htm", "calculatedOtherExpenses": 0, "calculatedOperatingExpenses": 56465000, "calculatedNetInterest": -23716000, "calculatedOtherIncome": 21380000, "calculatedIncomeNonControlling": 0, "calculatedEbitda": 204908000}, {"date": "2022-12-31", "symbol": "CBZ", "reportedCurrency": "USD", "cik": "0000944148", "fillingDate": "2023-02-24", "acceptedDate": "2023-02-24 15:02:59", "calendarYear": "2022", "period": "FY", "revenue": 1411979000, "costOfRevenue": 1188612000, "grossProfit": 223367000, "grossProfitRatio": 0.1581942791, "researchAndDevelopmentExpenses": 0, "generalAndAdministrativeExpenses": 55023000, "sellingAndMarketingExpenses": 0, "sellingGeneralAndAdministrativeExpenses": 55023000, "otherExpenses": -19225000, "operatingExpenses": 55023000, "costAndExpenses": 1243635000, "interestIncome": 8039000, "interestExpense": 8039000, "depreciationAndAmortization": 13670000, "ebitda": 182014000, "ebitdaratio": 0.1289070163, "operatingIncome": 168344000, "operatingIncomeRatio": 0.1192255692, "totalOtherIncomeExpensesNet": -26851000, "incomeBeforeTax": 141493000, "incomeBeforeTaxRatio": 0.1002089974, "incomeTaxExpense": 36121000, "netIncome": 105354000, "netIncomeRatio": 0.0746144242, "eps": 2.05, "epsdiluted": 2.01, "weightedAverageShsOut": 51502000, "weightedAverageShsOutDil": 52388000, "link": "https://www.sec.gov/Archives/edgar/data/944148/000162828023005024/0001628280-23-005024-index.htm", "finalLink": "https://www.sec.gov/Archives/edgar/data/944148/000162828023005024/cbz-20221231.htm", "calculatedOtherExpenses": 0, "calculatedOperatingExpenses": 55023000, "calculatedNetInterest": 0, "calculatedOtherIncome": -26851000, "calculatedIncomeNonControlling": 18000, "calculatedEbitda": 182014000}, {"date": "2021-12-31", "symbol": "CBZ", "reportedCurrency": "USD", "cik": "0000944148", "fillingDate": "2022-02-25", "acceptedDate": "2022-02-25 13:37:08", "calendarYear": "2021", "period": "FY", "revenue": 1104925000, "costOfRevenue": 945635000, "grossProfit": 159290000, "grossProfitRatio": 0.144163631, "researchAndDevelopmentExpenses": 0, "generalAndAdministrativeExpenses": 56150000, "sellingAndMarketingExpenses": 0, "sellingGeneralAndAdministrativeExpenses": 56150000, "otherExpenses": 18241000, "operatingExpenses": 56150000, "costAndExpenses": 1001785000, "interestIncome": 3868000, "interestExpense": 3868000, "depreciationAndAmortization": 27078000, "ebitda": 148459000, "ebitdaratio": 0.1343611557, "operatingIncome": 121381000, "operatingIncomeRatio": 0.109854515, "totalOtherIncomeExpensesNet": -28341000, "incomeBeforeTax": 93040000, "incomeBeforeTaxRatio": 0.0842048103, "incomeTaxExpense": 22129000, "netIncome": 70887000, "netIncomeRatio": 0.0641554857, "eps": 1.35, "epsdiluted": 1.32, "weightedAverageShsOut": 52637000, "weightedAverageShsOutDil": 53723000, "link": "https://www.sec.gov/Archives/edgar/data/944148/000162828022003965/0001628280-22-003965-index.htm", "finalLink": "https://www.sec.gov/Archives/edgar/data/944148/000162828022003965/cbz-20211231.htm", "calculatedOtherExpenses": -18241000, "calculatedOperatingExpenses": 37909000, "calculatedNetInterest": 0, "calculatedOtherIncome": -28341000, "calculatedIncomeNonControlling": 24000, "calculatedEbitda": 148459000}, {"date": "2020-12-31", "symbol": "CBZ", "reportedCurrency": "USD", "cik": "0000944148", "fillingDate": "2021-02-26", "acceptedDate": "2021-02-26 14:48:41", "calendarYear": "2020", "period": "FY", "revenue": 963897000, "costOfRevenue": 825351000, "grossProfit": 138546000, "grossProfitRatio": 0.1437352746, "researchAndDevelopmentExpenses": 0, "generalAndAdministrativeExpenses": 46066000, "sellingAndMarketingExpenses": 0, "sellingGeneralAndAdministrativeExpenses": 46066000, "otherExpenses": 16500000, "operatingExpenses": 46066000, "costAndExpenses": 871417000, "interestIncome": 4983000, "interestExpense": 4983000, "depreciationAndAmortization": 39639000, "ebitda": 132119000, "ebitdaratio": 0.1370675497, "operatingIncome": 92480000, "operatingIncomeRatio": 0.0959438612, "totalOtherIncomeExpensesNet": 11008000, "incomeBeforeTax": 103488000, "incomeBeforeTaxRatio": 0.1073641686, "incomeTaxExpense": 25141000, "netIncome": 78299000, "netIncomeRatio": 0.0812317084, "eps": 1.44, "epsdiluted": 1.41, "weightedAverageShsOut": 54288000, "weightedAverageShsOutDil": 55359000, "link": "https://www.sec.gov/Archives/edgar/data/944148/000162828021003443/0001628280-21-003443-index.htm", "finalLink": "https://www.sec.gov/Archives/edgar/data/944148/000162828021003443/cbz-20201231.htm", "calculatedOtherExpenses": 0, "calculatedOperatingExpenses": 46066000, "calculatedNetInterest": 0, "calculatedOtherIncome": 11008000, "calculatedIncomeNonControlling": 48000, "calculatedEbitda": 132119000}, {"date": "2019-12-31", "symbol": "CBZ", "reportedCurrency": "USD", "cik": "0000944148", "fillingDate": "2020-02-26", "acceptedDate": "2020-02-26 17:17:35", "calendarYear": "2019", "period": "FY", "revenue": 948424000, "costOfRevenue": 823496000, "grossProfit": 124928000, "grossProfitRatio": 0.1317216772, "researchAndDevelopmentExpenses": 0, "generalAndAdministrativeExpenses": 44406000, "sellingAndMarketingExpenses": 0, "sellingGeneralAndAdministrativeExpenses": 44406000, "otherExpenses": 17715000, "operatingExpenses": 44406000, "costAndExpenses": 867902000, "interestIncome": 19200000, "interestExpense": 5765000, "depreciationAndAmortization": 40060000, "ebitda": 120582000, "ebitdaratio": 0.1271393385, "operatingIncome": 80522000, "operatingIncomeRatio": 0.084900846, "totalOtherIncomeExpensesNet": 12367000, "incomeBeforeTax": 92889000, "incomeBeforeTaxRatio": 0.0979403727, "incomeTaxExpense": 21840000, "netIncome": 70714000, "netIncomeRatio": 0.0745594797, "eps": 1.3, "epsdiluted": 1.27, "weightedAverageShsOut": 54299000, "weightedAverageShsOutDil": 55895000, "link": "https://www.sec.gov/Archives/edgar/data/944148/000156459020006848/0001564590-20-006848-index.htm", "finalLink": "https://www.sec.gov/Archives/edgar/data/944148/000156459020006848/cbz-10k_20191231.htm", "calculatedOtherExpenses": 0, "calculatedOperatingExpenses": 44406000, "calculatedNetInterest": 13435000, "calculatedOtherIncome": -1068000, "calculatedIncomeNonControlling": 335000, "calculatedEbitda": 120582000}, {"date": "2018-12-31", "symbol": "CBZ", "reportedCurrency": "USD", "cik": "0000944148", "fillingDate": "2019-02-28", "acceptedDate": "2019-02-28 17:02:38", "calendarYear": "2018", "period": "FY", "revenue": 922003000, "costOfRevenue": 790283000, "grossProfit": 131720000, "grossProfitRatio": 0.1428628757, "researchAndDevelopmentExpenses": 0, "generalAndAdministrativeExpenses": 39173000, "sellingAndMarketingExpenses": 0, "sellingGeneralAndAdministrativeExpenses": 39173000, "otherExpenses": -7087000, "operatingExpenses": 39173000, "costAndExpenses": 829456000, "interestIncome": 0, "interestExpense": 6645000, "depreciationAndAmortization": 23675000, "ebitda": 109135000, "ebitdaratio": 0.1183672938, "operatingIncome": 92547000, "operatingIncomeRatio": 0.1003760291, "totalOtherIncomeExpensesNet": -6062000, "incomeBeforeTax": 79840000, "incomeBeforeTaxRatio": 0.0865940783, "incomeTaxExpense": 18267000, "netIncome": 61570000, "netIncomeRatio": 0.0667785246, "eps": 1.13, "epsdiluted": 1.09, "weightedAverageShsOut": 54561000, "weightedAverageShsOutDil": 56487000, "link": "https://www.sec.gov/Archives/edgar/data/944148/000156459019005524/0001564590-19-005524-index.htm", "finalLink": "https://www.sec.gov/Archives/edgar/data/944148/000156459019005524/cbz-10k_20181231.htm", "calculatedOtherExpenses": 0, "calculatedOperatingExpenses": 39173000, "calculatedNetInterest": -6645000, "calculatedOtherIncome": -6062000, "calculatedIncomeNonControlling": 3000, "calculatedEbitda": 116222000}, {"date": "2017-12-31", "symbol": "CBZ", "reportedCurrency": "USD", "cik": "0000944148", "fillingDate": "2018-03-01", "acceptedDate": "2018-03-01 16:37:28", "calendarYear": "2017", "period": "FY", "revenue": 855340000, "costOfRevenue": 755584000, "grossProfit": 99756000, "grossProfitRatio": 0.1166273061, "researchAndDevelopmentExpenses": 0, "generalAndAdministrativeExpenses": 33295000, "sellingAndMarketingExpenses": 0, "sellingGeneralAndAdministrativeExpenses": 33295000, "otherExpenses": 14489000, "operatingExpenses": 33295000, "costAndExpenses": 788879000, "interestIncome": 0, "interestExpense": 6675000, "depreciationAndAmortization": 23061000, "ebitda": 104011000, "ebitdaratio": 0.1216019361, "operatingIncome": 66461000, "operatingIncomeRatio": 0.077701265, "totalOtherIncomeExpensesNet": 14534000, "incomeBeforeTax": 74320000, "incomeBeforeTaxRatio": 0.0868894241, "incomeTaxExpense": 23288000, "netIncome": 50377000, "netIncomeRatio": 0.0588970468, "eps": 0.94, "epsdiluted": 0.91, "weightedAverageShsOut": 53862000, "weightedAverageShsOutDil": 55689000, "link": "https://www.sec.gov/Archives/edgar/data/944148/000156459018004128/0001564590-18-004128-index.htm", "finalLink": "https://www.sec.gov/Archives/edgar/data/944148/000156459018004128/cbz-10k_20171231.htm", "calculatedOtherExpenses": 0, "calculatedOperatingExpenses": 33295000, "calculatedNetInterest": -6675000, "calculatedOtherIncome": 14534000, "calculatedIncomeNonControlling": 655000, "calculatedEbitda": 89522000}, {"date": "2016-12-31", "symbol": "CBZ", "reportedCurrency": "USD", "cik": "0000944148", "fillingDate": "2017-03-09", "acceptedDate": "2017-03-09 15:13:52", "calendarYear": "2016", "period": "FY", "revenue": 799832000, "costOfRevenue": 697726000, "grossProfit": 102106000, "grossProfitRatio": 0.1276593085, "researchAndDevelopmentExpenses": 0, "generalAndAdministrativeExpenses": 36319000, "sellingAndMarketingExpenses": 0, "sellingGeneralAndAdministrativeExpenses": 36319000, "otherExpenses": 6957000, "operatingExpenses": 36319000, "costAndExpenses": 734045000, "interestIncome": 0, "interestExpense": 6593000, "depreciationAndAmortization": 22098000, "ebitda": 94842000, "ebitdaratio": 0.1185774013, "operatingIncome": 65787000, "operatingIncomeRatio": 0.0822510227, "totalOtherIncomeExpensesNet": 7812000, "incomeBeforeTax": 67006000, "incomeBeforeTaxRatio": 0.0837750928, "incomeTaxExpense": 26399000, "netIncome": 40065000, "netIncomeRatio": 0.0500917693, "eps": 0.77, "epsdiluted": 0.75, "weightedAverageShsOut": 52321000, "weightedAverageShsOutDil": 53513000, "link": "https://www.sec.gov/Archives/edgar/data/944148/000156459017003833/0001564590-17-003833-index.htm", "finalLink": "https://www.sec.gov/Archives/edgar/data/944148/000156459017003833/cbz-10k_20161231.htm", "calculatedOtherExpenses": 0, "calculatedOperatingExpenses": 36319000, "calculatedNetInterest": -6593000, "calculatedOtherIncome": 7812000, "calculatedIncomeNonControlling": 542000, "calculatedEbitda": 87885000}, {"date": "2015-12-31", "symbol": "CBZ", "reportedCurrency": "USD", "cik": "0000944148", "fillingDate": "2016-03-08", "acceptedDate": "2016-03-08 15:53:05", "calendarYear": "2015", "period": "FY", "revenue": 750422000, "costOfRevenue": 653944000, "grossProfit": 96478000, "grossProfitRatio": 0.1285649941, "researchAndDevelopmentExpenses": 0, "generalAndAdministrativeExpenses": 32594000, "sellingAndMarketingExpenses": 0, "sellingGeneralAndAdministrativeExpenses": 32594000, "otherExpenses": 2766000, "operatingExpenses": 32594000, "costAndExpenses": 686538000, "interestIncome": 0, "interestExpense": 8902000, "depreciationAndAmortization": 20389000, "ebitda": 66650000, "ebitdaratio": 0.0888166925, "operatingIncome": 63884000, "operatingIncomeRatio": 0.0851307664, "totalOtherIncomeExpensesNet": 2850000, "incomeBeforeTax": 57832000, "incomeBeforeTaxRatio": 0.0770659709, "incomeTaxExpense": 22829000, "netIncome": 34107000, "netIncomeRatio": 0.0454504266, "eps": 0.69, "epsdiluted": 0.65, "weightedAverageShsOut": 50280000, "weightedAverageShsOutDil": 52693000, "link": "https://www.sec.gov/Archives/edgar/data/944148/000119312516496744/0001193125-16-496744-index.htm", "finalLink": "https://www.sec.gov/Archives/edgar/data/944148/000119312516496744/d123481d10k.htm", "calculatedOtherExpenses": 0, "calculatedOperatingExpenses": 32594000, "calculatedNetInterest": -8902000, "calculatedOtherIncome": 2850000, "calculatedIncomeNonControlling": 896000, "calculatedEbitda": 84273000}, {"date": "2014-12-31", "symbol": "CBZ", "reportedCurrency": "USD", "cik": "0000944148", "fillingDate": "2015-03-12", "acceptedDate": "2015-03-12 15:45:17", "calendarYear": "2014", "period": "FY", "revenue": 719483000, "costOfRevenue": 629804000, "grossProfit": 89679000, "grossProfitRatio": 0.1246436677, "researchAndDevelopmentExpenses": 0, "generalAndAdministrativeExpenses": 34183000, "sellingAndMarketingExpenses": 0, "sellingGeneralAndAdministrativeExpenses": 34183000, "otherExpenses": 6893000, "operatingExpenses": 34183000, "costAndExpenses": 663987000, "interestIncome": 0, "interestExpense": 13124000, "depreciationAndAmortization": 19831000, "ebitda": 62389000, "ebitdaratio": 0.0867136541, "operatingIncome": 55496000, "operatingIncomeRatio": 0.0771331637, "totalOtherIncomeExpensesNet": 8196000, "incomeBeforeTax": 50568000, "incomeBeforeTaxRatio": 0.070283801, "incomeTaxExpense": 20154000, "netIncome": 29759000, "netIncomeRatio": 0.0413616444, "eps": 0.62, "epsdiluted": 0.58, "weightedAverageShsOut": 48343000, "weightedAverageShsOutDil": 51487000, "link": "https://www.sec.gov/Archives/edgar/data/944148/000119312515089151/0001193125-15-089151-index.htm", "finalLink": "https://www.sec.gov/Archives/edgar/data/944148/000119312515089151/d839656d10k.htm", "calculatedOtherExpenses": 0, "calculatedOperatingExpenses": 34183000, "calculatedNetInterest": -13124000, "calculatedOtherIncome": 8196000, "calculatedIncomeNonControlling": 655000, "calculatedEbitda": 75327000}, {"date": "2013-12-31", "symbol": "CBZ", "reportedCurrency": "USD", "cik": "0000944148", "fillingDate": "2014-03-14", "acceptedDate": "2014-03-14 15:26:01", "calendarYear": "2013", "period": "FY", "revenue": 692033000, "costOfRevenue": 608730000, "grossProfit": 83303000, "grossProfitRatio": 0.1203743174, "researchAndDevelopmentExpenses": 0, "generalAndAdministrativeExpenses": 34398000, "sellingAndMarketingExpenses": 0, "sellingGeneralAndAdministrativeExpenses": 34398000, "otherExpenses": 7817000, "operatingExpenses": 34398000, "costAndExpenses": 643128000, "interestIncome": 0, "interestExpense": 15374000, "depreciationAndAmortization": 18884000, "ebitda": 56722000, "ebitdaratio": 0.0819642994, "operatingIncome": 48905000, "operatingIncomeRatio": 0.0706685953, "totalOtherIncomeExpensesNet": 7896000, "incomeBeforeTax": 41427000, "incomeBeforeTaxRatio": 0.0598627522, "incomeTaxExpense": 16438000, "netIncome": 85863000, "netIncomeRatio": 0.124073563, "eps": 1.77, "epsdiluted": 1.75, "weightedAverageShsOut": 48632000, "weightedAverageShsOutDil": 49141000, "link": "https://www.sec.gov/Archives/edgar/data/944148/000119312514099816/0001193125-14-099816-index.htm", "finalLink": "https://www.sec.gov/Archives/edgar/data/944148/000119312514099816/d661368d10k.htm", "calculatedOtherExpenses": 0, "calculatedOperatingExpenses": 34398000, "calculatedNetInterest": -15374000, "calculatedOtherIncome": 7896000, "calculatedIncomeNonControlling": -60874000, "calculatedEbitda": 67789000}, {"date": "2012-12-31", "symbol": "CBZ", "reportedCurrency": "USD", "cik": "0000944148", "fillingDate": "2013-03-15", "acceptedDate": "2013-03-15 14:26:24", "calendarYear": "2012", "period": "FY", "revenue": 766094000, "costOfRevenue": 680195000, "grossProfit": 85899000, "grossProfitRatio": 0.1121259271, "researchAndDevelopmentExpenses": 0, "generalAndAdministrativeExpenses": 30422000, "sellingAndMarketingExpenses": 0, "sellingGeneralAndAdministrativeExpenses": 30422000, "otherExpenses": 8422000, "operatingExpenses": 30422000, "costAndExpenses": 710617000, "interestIncome": 0, "interestExpense": 16262000, "depreciationAndAmortization": 21395000, "ebitda": 63899000, "ebitdaratio": 0.0834088245, "operatingIncome": 55477000, "operatingIncomeRatio": 0.0724153955, "totalOtherIncomeExpensesNet": 11188000, "incomeBeforeTax": 50403000, "incomeBeforeTaxRatio": 0.0657921874, "incomeTaxExpense": 19328000, "netIncome": 31146000, "netIncomeRatio": 0.0406555853, "eps": 0.63, "epsdiluted": 0.63, "weightedAverageShsOut": 49002000, "weightedAverageShsOutDil": 49252000, "link": "https://www.sec.gov/Archives/edgar/data/944148/000119312513109647/0001193125-13-109647-index.htm", "finalLink": "https://www.sec.gov/Archives/edgar/data/944148/000119312513109647/d444994d10k.htm", "calculatedOtherExpenses": 0, "calculatedOperatingExpenses": 30422000, "calculatedNetInterest": -16262000, "calculatedOtherIncome": 11188000, "calculatedIncomeNonControlling": -71000, "calculatedEbitda": 76872000}, {"date": "2011-12-31", "symbol": "CBZ", "reportedCurrency": "USD", "cik": "0000944148", "fillingDate": "2012-03-15", "acceptedDate": "2012-03-15 16:34:06", "calendarYear": "2011", "period": "FY", "revenue": 733805000, "costOfRevenue": 643867000, "grossProfit": 89938000, "grossProfitRatio": 0.1225638964, "researchAndDevelopmentExpenses": 0, "generalAndAdministrativeExpenses": 31985000, "sellingAndMarketingExpenses": 0, "sellingGeneralAndAdministrativeExpenses": 31985000, "otherExpenses": 611882000, "operatingExpenses": 31985000, "costAndExpenses": 675852000, "interestIncome": 0, "interestExpense": 17355000, "depreciationAndAmortization": 20345000, "ebitda": 57953000, "ebitdaratio": 0.0789760222, "operatingIncome": 57953000, "operatingIncomeRatio": 0.0789760222, "totalOtherIncomeExpensesNet": 6369000, "incomeBeforeTax": 46967000, "incomeBeforeTaxRatio": 0.0640047424, "incomeTaxExpense": 18383000, "netIncome": 28007000, "netIncomeRatio": 0.0381668154, "eps": 0.57, "epsdiluted": 0.56, "weightedAverageShsOut": 49328000, "weightedAverageShsOutDil": 49599000, "link": "https://www.sec.gov/Archives/edgar/data/944148/000119312512117458/0001193125-12-117458-index.htm", "finalLink": "https://www.sec.gov/Archives/edgar/data/944148/000119312512117458/d284802d10k.htm", "calculatedOtherExpenses": 0, "calculatedOperatingExpenses": 31985000, "calculatedNetInterest": -17355000, "calculatedOtherIncome": 6369000, "calculatedIncomeNonControlling": 577000, "calculatedEbitda": 78298000}, {"date": "2010-12-31", "symbol": "CBZ", "reportedCurrency": "USD", "cik": "0000944148", "fillingDate": "2011-03-15", "acceptedDate": "2011-03-15 16:51:52", "calendarYear": "2010", "period": "FY", "revenue": 732505000, "costOfRevenue": 646793000, "grossProfit": 85712000, "grossProfitRatio": 0.1170121706, "researchAndDevelopmentExpenses": 0, "generalAndAdministrativeExpenses": 29614000, "sellingAndMarketingExpenses": 0, "sellingGeneralAndAdministrativeExpenses": 29614000, "otherExpenses": 617179000, "operatingExpenses": 29614000, "costAndExpenses": 676407000, "interestIncome": 0, "interestExpense": 15308000, "depreciationAndAmortization": 20333000, "ebitda": 56098000, "ebitdaratio": 0.0765837776, "operatingIncome": 56098000, "operatingIncomeRatio": 0.0765837776, "totalOtherIncomeExpensesNet": 3998000, "incomeBeforeTax": 44788000, "incomeBeforeTaxRatio": 0.0611436099, "incomeTaxExpense": 16848000, "netIncome": 24514000, "netIncomeRatio": 0.0334659832, "eps": 0.42, "epsdiluted": 0.42, "weightedAverageShsOut": 57692000, "weightedAverageShsOutDil": 58193000, "link": "https://www.sec.gov/Archives/edgar/data/944148/000095012311025596/0000950123-11-025596-index.htm", "finalLink": "https://www.sec.gov/Archives/edgar/data/944148/000095012311025596/l41889e10vk.htm", "calculatedOtherExpenses": 0, "calculatedOperatingExpenses": 29614000, "calculatedNetInterest": -15308000, "calculatedOtherIncome": 3998000, "calculatedIncomeNonControlling": 3426000, "calculatedEbitda": 76431000}, {"date": "2009-12-31", "symbol": "CBZ", "reportedCurrency": "USD", "cik": "0000944148", "fillingDate": "2010-03-16", "acceptedDate": "2010-03-16 17:06:15", "calendarYear": "2009", "period": "FY", "revenue": 739700000, "costOfRevenue": 651311000, "grossProfit": 88389000, "grossProfitRatio": 0.1194930377, "researchAndDevelopmentExpenses": 0, "generalAndAdministrativeExpenses": 30722000, "sellingAndMarketingExpenses": 0, "sellingGeneralAndAdministrativeExpenses": 30722000, "otherExpenses": 620589000, "operatingExpenses": 30722000, "costAndExpenses": 682033000, "interestIncome": 0, "interestExpense": 13392000, "depreciationAndAmortization": 20498000, "ebitda": 57667000, "ebitdaratio": 0.0779599838, "operatingIncome": 57667000, "operatingIncomeRatio": 0.0779599838, "totalOtherIncomeExpensesNet": 7611000, "incomeBeforeTax": 51886000, "incomeBeforeTaxRatio": 0.0701446532, "incomeTaxExpense": 19798000, "netIncome": 31396000, "netIncomeRatio": 0.0424442341, "eps": 0.51, "epsdiluted": 0.51, "weightedAverageShsOut": 61200000, "weightedAverageShsOutDil": 61859000, "link": "https://www.sec.gov/Archives/edgar/data/944148/000095012310025260/0000950123-10-025260-index.htm", "finalLink": "https://www.sec.gov/Archives/edgar/data/944148/000095012310025260/l38464e10vk.htm", "calculatedOtherExpenses": 0, "calculatedOperatingExpenses": 30722000, "calculatedNetInterest": -13392000, "calculatedOtherIncome": 7611000, "calculatedIncomeNonControlling": 692000, "calculatedEbitda": 78165000}, {"date": "2008-12-31", "symbol": "CBZ", "reportedCurrency": "USD", "cik": "0000944148", "fillingDate": "2009-03-16", "acceptedDate": "2009-03-16 17:00:54", "calendarYear": "2008", "period": "FY", "revenue": 704263000, "costOfRevenue": 607573000, "grossProfit": 96690000, "grossProfitRatio": 0.1372924603, "researchAndDevelopmentExpenses": 0, "generalAndAdministrativeExpenses": 28691000, "sellingAndMarketingExpenses": 0, "sellingGeneralAndAdministrativeExpenses": 28691000, "otherExpenses": 745000, "operatingExpenses": 29436000, "costAndExpenses": 637009000, "interestIncome": 0, "interestExpense": -7242000, "depreciationAndAmortization": 15111000, "ebitda": 89232000, "ebitdaratio": 0.1267026665, "operatingIncome": 67999000, "operatingIncomeRatio": 0.0965534183, "totalOtherIncomeExpensesNet": -6867000, "incomeBeforeTax": 53890000, "incomeBeforeTaxRatio": 0.0765197093, "incomeTaxExpense": 20546000, "netIncome": 32602000, "netIncomeRatio": 0.0462923652, "eps": 0.49, "epsdiluted": 0.49, "weightedAverageShsOut": 61839000, "weightedAverageShsOutDil": 62572000, "link": "https://www.sec.gov/Archives/edgar/data/944148/000095015209002688/0000950152-09-002688-index.htm", "finalLink": "https://www.sec.gov/Archives/edgar/data/944148/000095015209002688/l34811ae10vk.htm", "calculatedOtherExpenses": 0, "calculatedOperatingExpenses": 28691000, "calculatedNetInterest": 7242000, "calculatedOtherIncome": -21351000, "calculatedIncomeNonControlling": 742000, "calculatedEbitda": 83110000}, {"date": "2007-12-31", "symbol": "CBZ", "reportedCurrency": "USD", "cik": "0000944148", "fillingDate": "2008-03-17", "acceptedDate": "2008-03-17 17:16:08", "calendarYear": "2007", "period": "FY", "revenue": 643899000, "costOfRevenue": 563540000, "grossProfit": 80359000, "grossProfitRatio": 0.1248006287, "researchAndDevelopmentExpenses": 0, "generalAndAdministrativeExpenses": 30609000, "sellingAndMarketingExpenses": 0, "sellingGeneralAndAdministrativeExpenses": 30609000, "otherExpenses": 144000, "operatingExpenses": 30753000, "costAndExpenses": 594293000, "interestIncome": 0, "interestExpense": -4617000, "depreciationAndAmortization": 15971000, "ebitda": 54829000, "ebitdaratio": 0.0851515533, "operatingIncome": 49750000, "operatingIncomeRatio": 0.0772636702, "totalOtherIncomeExpensesNet": 10748000, "incomeBeforeTax": 55881000, "incomeBeforeTaxRatio": 0.0867853499, "incomeTaxExpense": 22592000, "netIncome": 34840000, "netIncomeRatio": 0.0541078647, "eps": 0.54, "epsdiluted": 0.53, "weightedAverageShsOut": 65061000, "weightedAverageShsOutDil": 66356000, "link": "https://www.sec.gov/Archives/edgar/data/944148/000095015208002031/0000950152-08-002031-index.htm", "finalLink": "https://www.sec.gov/Archives/edgar/data/944148/000095015208002031/l30087ae10vk.htm", "calculatedOtherExpenses": 0, "calculatedOperatingExpenses": 30609000, "calculatedNetInterest": 4617000, "calculatedOtherIncome": 1514000, "calculatedIncomeNonControlling": -1551000, "calculatedEbitda": 65721000}, {"date": "2006-12-31", "symbol": "CBZ", "reportedCurrency": "USD", "cik": "0000944148", "fillingDate": "2007-03-16", "acceptedDate": "2007-03-16 15:38:15", "calendarYear": "2006", "period": "FY", "revenue": 601125000, "costOfRevenue": 519230000, "grossProfit": 81895000, "grossProfitRatio": 0.1362362237, "researchAndDevelopmentExpenses": 0, "generalAndAdministrativeExpenses": 0, "sellingAndMarketingExpenses": 0, "sellingGeneralAndAdministrativeExpenses": 24675000, "otherExpenses": 16446000, "operatingExpenses": 41121000, "costAndExpenses": 560351000, "interestIncome": 0, "interestExpense": 0, "depreciationAndAmortization": 16425000, "ebitda": 52213000, "ebitdaratio": 0.0868588064, "operatingIncome": 40795000, "operatingIncomeRatio": 0.0678644209, "totalOtherIncomeExpensesNet": 4986000, "incomeBeforeTax": 42416000, "incomeBeforeTaxRatio": 0.0705610314, "incomeTaxExpense": 16789000, "netIncome": 24401000, "netIncomeRatio": 0.0405922229, "eps": 0.34, "epsdiluted": 0.33, "weightedAverageShsOut": 71004000, "weightedAverageShsOutDil": 73052000, "link": "https://www.sec.gov/Archives/edgar/data/944148/000095015207002223/0000950152-07-002223-index.htm", "finalLink": "https://www.sec.gov/Archives/edgar/data/944148/000095015207002223/l24214ae10vk.htm", "calculatedOtherExpenses": 16425000, "calculatedOperatingExpenses": 41100000, "calculatedNetInterest": 0, "calculatedOtherIncome": 1621000, "calculatedIncomeNonControlling": 1226000, "calculatedEbitda": 57220000}, {"date": "2005-12-31", "symbol": "CBZ", "reportedCurrency": "USD", "cik": "0000944148", "fillingDate": "2006-03-16", "acceptedDate": "2006-03-16 15:22:55", "calendarYear": "2005", "period": "FY", "revenue": 559269000, "costOfRevenue": 485295000, "grossProfit": 73974000, "grossProfitRatio": 0.132269087, "researchAndDevelopmentExpenses": 0, "generalAndAdministrativeExpenses": 24911000, "sellingAndMarketingExpenses": 0, "sellingGeneralAndAdministrativeExpenses": 24911000, "otherExpenses": 15477000, "operatingExpenses": 40388000, "costAndExpenses": 525683000, "interestIncome": 0, "interestExpense": -3109000, "depreciationAndAmortization": 15163000, "ebitda": 43383000, "ebitdaratio": 0.0775709006, "operatingIncome": 33900000, "operatingIncomeRatio": 0.0606148383, "totalOtherIncomeExpensesNet": 5366000, "incomeBeforeTax": 36157000, "incomeBeforeTaxRatio": 0.0646504634, "incomeTaxExpense": 14571000, "netIncome": 18673000, "netIncomeRatio": 0.0333882264, "eps": 0.25, "epsdiluted": 0.24, "weightedAverageShsOut": 74448000, "weightedAverageShsOutDil": 76827000, "link": "https://www.sec.gov/Archives/edgar/data/944148/000095015206002186/0000950152-06-002186-index.htm", "finalLink": "https://www.sec.gov/Archives/edgar/data/944148/000095015206002186/l17854ae10vk.htm", "calculatedOtherExpenses": 15163000, "calculatedOperatingExpenses": 40074000, "calculatedNetInterest": 3109000, "calculatedOtherIncome": -852000, "calculatedIncomeNonControlling": 2913000, "calculatedEbitda": 49063000}, {"date": "2004-12-31", "symbol": "CBZ", "reportedCurrency": "USD", "cik": "0000944148", "fillingDate": "2005-03-16", "acceptedDate": "2005-03-16 12:55:48", "calendarYear": "2004", "period": "FY", "revenue": 520057000, "costOfRevenue": 459357000, "grossProfit": 60700000, "grossProfitRatio": 0.1167179751, "researchAndDevelopmentExpenses": 0, "generalAndAdministrativeExpenses": 0, "sellingAndMarketingExpenses": 0, "sellingGeneralAndAdministrativeExpenses": 24773000, "otherExpenses": 17424000, "operatingExpenses": 42197000, "costAndExpenses": 501554000, "interestIncome": 0, "interestExpense": 0, "depreciationAndAmortization": 16428000, "ebitda": 30381000, "ebitdaratio": 0.0584185964, "operatingIncome": 19499000, "operatingIncomeRatio": 0.037493967, "totalOtherIncomeExpensesNet": 4550000, "incomeBeforeTax": 22542000, "incomeBeforeTaxRatio": 0.0433452487, "incomeTaxExpense": 5691000, "netIncome": 16051000, "netIncomeRatio": 0.0308639245, "eps": 0.2, "epsdiluted": 0.2, "weightedAverageShsOut": 79217000, "weightedAverageShsOutDil": 81477000, "link": "https://www.sec.gov/Archives/edgar/data/944148/000095015205002193/0000950152-05-002193-index.htm", "finalLink": "https://www.sec.gov/Archives/edgar/data/944148/000095015205002193/l11935ae10vk.txt", "calculatedOtherExpenses": 16428000, "calculatedOperatingExpenses": 41201000, "calculatedNetInterest": 0, "calculatedOtherIncome": 3043000, "calculatedIncomeNonControlling": 800000, "calculatedEbitda": 35927000}, {"date": "2003-12-31", "symbol": "CBZ", "reportedCurrency": "USD", "cik": "0000944148", "fillingDate": "2004-03-15", "acceptedDate": "2004-03-15 17:07:58", "calendarYear": "2003", "period": "FY", "revenue": 512762000, "costOfRevenue": 448707000, "grossProfit": 64055000, "grossProfitRatio": 0.1249215035, "researchAndDevelopmentExpenses": 0, "generalAndAdministrativeExpenses": 0, "sellingAndMarketingExpenses": 0, "sellingGeneralAndAdministrativeExpenses": 19647000, "otherExpenses": 19680000, "operatingExpenses": 39327000, "costAndExpenses": 488034000, "interestIncome": 0, "interestExpense": 0, "depreciationAndAmortization": 17161000, "ebitda": 40463000, "ebitdaratio": 0.0789118538, "operatingIncome": 27247000, "operatingIncomeRatio": 0.053137713, "totalOtherIncomeExpensesNet": 1426000, "incomeBeforeTax": 27618000, "incomeBeforeTaxRatio": 0.0538612456, "incomeTaxExpense": 12096000, "netIncome": 15316000, "netIncomeRatio": 0.0298696081, "eps": 0.17, "epsdiluted": 0.17, "weightedAverageShsOut": 90400000, "weightedAverageShsOutDil": 92762000, "link": "https://www.sec.gov/Archives/edgar/data/944148/000095015204001964/0000950152-04-001964-index.htm", "finalLink": "https://www.sec.gov/Archives/edgar/data/944148/000095015204001964/l05113ae10vk.txt", "calculatedOtherExpenses": 17161000, "calculatedOperatingExpenses": 36808000, "calculatedNetInterest": 0, "calculatedOtherIncome": 371000, "calculatedIncomeNonControlling": 206000, "calculatedEbitda": 44408000}, {"date": "2002-12-31", "symbol": "CBZ", "reportedCurrency": "USD", "cik": "0000944148", "fillingDate": "2003-03-27", "acceptedDate": "2003-03-27 17:12:56", "calendarYear": "2002", "period": "FY", "revenue": 504335000, "costOfRevenue": 445666000, "grossProfit": 58669000, "grossProfitRatio": 0.1163294239, "researchAndDevelopmentExpenses": 0, "generalAndAdministrativeExpenses": 0, "sellingAndMarketingExpenses": 0, "sellingGeneralAndAdministrativeExpenses": 19672000, "otherExpenses": 21587000, "operatingExpenses": 41259000, "costAndExpenses": 486925000, "interestIncome": 0, "interestExpense": 0, "depreciationAndAmortization": 20657000, "ebitda": 38249000, "ebitdaratio": 0.0758404632, "operatingIncome": 18340000, "operatingIncomeRatio": 0.0363647179, "totalOtherIncomeExpensesNet": -182000, "incomeBeforeTax": 15680000, "incomeBeforeTaxRatio": 0.0310904458, "incomeTaxExpense": 8124000, "netIncome": -76848000, "netIncomeRatio": -0.1523749095, "eps": -0.81, "epsdiluted": -0.79, "weightedAverageShsOut": 94810000, "weightedAverageShsOutDil": 96992000, "link": "https://www.sec.gov/Archives/edgar/data/944148/000095015203003553/0000950152-03-003553-index.htm", "finalLink": "https://www.sec.gov/Archives/edgar/data/944148/000095015203003553/l99083ae10vk.txt", "calculatedOtherExpenses": 20657000, "calculatedOperatingExpenses": 40329000, "calculatedNetInterest": 0, "calculatedOtherIncome": -2660000, "calculatedIncomeNonControlling": 84404000, "calculatedEbitda": 38997000}, {"date": "2001-12-31", "symbol": "CBZ", "reportedCurrency": "USD", "cik": "0000944148", "fillingDate": "2002-03-29", "acceptedDate": "2002-03-29 00:00:00", "calendarYear": "2001", "period": "FY", "revenue": 526867000, "costOfRevenue": 460555000, "grossProfit": 66312000, "grossProfitRatio": 0.1258609858, "researchAndDevelopmentExpenses": 0, "generalAndAdministrativeExpenses": 0, "sellingAndMarketingExpenses": 0, "sellingGeneralAndAdministrativeExpenses": 19797000, "otherExpenses": 34971000, "operatingExpenses": 54768000, "costAndExpenses": 515323000, "interestIncome": 0, "interestExpense": 0, "depreciationAndAmortization": 42084000, "ebitda": 56903000, "ebitdaratio": 0.1080025889, "operatingIncome": 4431000, "operatingIncomeRatio": 0.0084100921, "totalOtherIncomeExpensesNet": -3275000, "incomeBeforeTax": -5663000, "incomeBeforeTaxRatio": -0.0107484432, "incomeTaxExpense": 10337000, "netIncome": -16000000, "netIncomeRatio": -0.0303681954, "eps": -0.17, "epsdiluted": -0.17, "weightedAverageShsOut": 94818000, "weightedAverageShsOutDil": 94818000, "link": "https://www.sec.gov/Archives/edgar/data/944148/000095015202002565/0000950152-02-002565-index.htm", "finalLink": "https://www.sec.gov/Archives/edgar/data/944148/000095015202002565/l93193ae10-k405.txt", "calculatedOtherExpenses": 42084000, "calculatedOperatingExpenses": 61881000, "calculatedNetInterest": 0, "calculatedOtherIncome": -10094000, "calculatedIncomeNonControlling": 0, "calculatedEbitda": 46515000}, {"date": "2000-12-31", "symbol": "CBZ", "reportedCurrency": "USD", "cik": "0000944148", "fillingDate": "2001-04-02", "acceptedDate": "2001-04-02 00:00:00", "calendarYear": "2000", "period": "FY", "revenue": 528730000, "costOfRevenue": 0, "grossProfit": 528730000, "grossProfitRatio": 1, "researchAndDevelopmentExpenses": 0, "generalAndAdministrativeExpenses": 0, "sellingAndMarketingExpenses": 0, "sellingGeneralAndAdministrativeExpenses": 0, "otherExpenses": 627256000, "operatingExpenses": 627256000, "costAndExpenses": 627256000, "interestIncome": 0, "interestExpense": 0, "depreciationAndAmortization": 0, "ebitda": -98526000, "ebitdaratio": -0.1863446371, "operatingIncome": -98526000, "operatingIncomeRatio": -0.1863446371, "totalOtherIncomeExpensesNet": -12113000, "incomeBeforeTax": -110639000, "incomeBeforeTaxRatio": -0.2092542508, "incomeTaxExpense": -3379000, "netIncome": -126076000, "netIncomeRatio": -0.238450627, "eps": -1.33, "epsdiluted": -1.33, "weightedAverageShsOut": 94674000, "weightedAverageShsOutDil": 94674000, "link": "https://www.sec.gov/Archives/edgar/data/944148/000095015201002103/0000950152-01-002103-index.htm", "finalLink": "https://www.sec.gov/Archives/edgar/data/944148/000095015201002103/l86831ae10-k405.txt", "calculatedOtherExpenses": 627256000, "calculatedOperatingExpenses": 627256000, "calculatedNetInterest": 0, "calculatedOtherIncome": -12113000, "calculatedIncomeNonControlling": 18816000, "calculatedEbitda": -98526000}, {"date": "1999-12-31", "symbol": "CBZ", "reportedCurrency": "USD", "cik": "0000944148", "fillingDate": "2000-03-30", "acceptedDate": "2000-03-30 00:00:00", "calendarYear": "1999", "period": "FY", "revenue": 546400000, "costOfRevenue": 0, "grossProfit": 546400000, "grossProfitRatio": 1, "researchAndDevelopmentExpenses": 0, "generalAndAdministrativeExpenses": 0, "sellingAndMarketingExpenses": 0, "sellingGeneralAndAdministrativeExpenses": 0, "otherExpenses": 513800000, "operatingExpenses": 513800000, "costAndExpenses": 513800000, "interestIncome": 0, "interestExpense": 0, "depreciationAndAmortization": 0, "ebitda": 32600000, "ebitdaratio": 0.0596632504, "operatingIncome": 32600000, "operatingIncomeRatio": 0.0596632504, "totalOtherIncomeExpensesNet": -6800000, "incomeBeforeTax": 25800000, "incomeBeforeTaxRatio": 0.0472181552, "incomeTaxExpense": 14400000, "netIncome": 7400000, "netIncomeRatio": 0.0135431918, "eps": 0.17, "epsdiluted": 0.08, "weightedAverageShsOut": 86851000, "weightedAverageShsOutDil": 91702000, "link": "https://www.sec.gov/Archives/edgar/data/944148/000095015200002590/0000950152-00-002590-index.html", "finalLink": "https://www.sec.gov/Archives/edgar/data/944148/000095015200002590/", "calculatedOtherExpenses": 513800000, "calculatedOperatingExpenses": 513800000, "calculatedNetInterest": 0, "calculatedOtherIncome": -6800000, "calculatedIncomeNonControlling": 4000000, "calculatedEbitda": 32600000}, {"date": "1998-12-31", "symbol": "CBZ", "reportedCurrency": "USD", "cik": "0000944148", "fillingDate": "1999-03-04", "acceptedDate": "1999-03-04 00:00:00", "calendarYear": "1998", "period": "FY", "revenue": 352800000, "costOfRevenue": 0, "grossProfit": 352800000, "grossProfitRatio": 1, "researchAndDevelopmentExpenses": 0, "generalAndAdministrativeExpenses": 0, "sellingAndMarketingExpenses": 0, "sellingGeneralAndAdministrativeExpenses": 0, "otherExpenses": 292200000, "operatingExpenses": 292200000, "costAndExpenses": 292200000, "interestIncome": 0, "interestExpense": 0, "depreciationAndAmortization": 0, "ebitda": 60600000, "ebitdaratio": 0.1717687075, "operatingIncome": 60600000, "operatingIncomeRatio": 0.1717687075, "totalOtherIncomeExpensesNet": 0, "incomeBeforeTax": 60600000, "incomeBeforeTaxRatio": 0.1717687075, "incomeTaxExpense": 21200000, "netIncome": 39400000, "netIncomeRatio": 0.1116780045, "eps": 0.65, "epsdiluted": 0.54, "weightedAverageShsOut": 67880000, "weightedAverageShsOutDil": 81084000, "link": "https://www.sec.gov/Archives/edgar/data/944148/000095015299001611/0000950152-99-001611-index.html", "finalLink": "https://www.sec.gov/Archives/edgar/data/944148/", "calculatedOtherExpenses": 292200000, "calculatedOperatingExpenses": 292200000, "calculatedNetInterest": 0, "calculatedOtherIncome": 0, "calculatedIncomeNonControlling": 0, "calculatedEbitda": 60600000}, {"date": "1997-12-31", "symbol": "CBZ", "reportedCurrency": "USD", "cik": "0000944148", "fillingDate": "1998-02-18", "acceptedDate": "1998-02-18 00:00:00", "calendarYear": "1997", "period": "FY", "revenue": 109200000, "costOfRevenue": 0, "grossProfit": 109200000, "grossProfitRatio": 1, "researchAndDevelopmentExpenses": 0, "generalAndAdministrativeExpenses": 0, "sellingAndMarketingExpenses": 0, "sellingGeneralAndAdministrativeExpenses": 0, "otherExpenses": 90200000, "operatingExpenses": 90200000, "costAndExpenses": 90200000, "interestIncome": 0, "interestExpense": 0, "depreciationAndAmortization": 0, "ebitda": 19000000, "ebitdaratio": 0.173992674, "operatingIncome": 19000000, "operatingIncomeRatio": 0.173992674, "totalOtherIncomeExpensesNet": 100000, "incomeBeforeTax": 19100000, "incomeBeforeTaxRatio": 0.1749084249, "incomeTaxExpense": 6300000, "netIncome": 11600000, "netIncomeRatio": 0.1062271062, "eps": 0.39, "epsdiluted": 0.39, "weightedAverageShsOut": 50000000, "weightedAverageShsOutDil": 50000000, "link": "https://www.sec.gov/Archives/edgar/data/944148/000095015298001275/0000950152-98-001275-index.html", "finalLink": "https://www.sec.gov/Archives/edgar/data/944148/", "calculatedOtherExpenses": 90200000, "calculatedOperatingExpenses": 90200000, "calculatedNetInterest": 0, "calculatedOtherIncome": 100000, "calculatedIncomeNonControlling": 1200000, "calculatedEbitda": 19000000}, {"date": "1996-12-31", "symbol": "CBZ", "reportedCurrency": "USD", "cik": "0000944148", "fillingDate": "1997-03-31", "acceptedDate": "1997-03-31 00:00:00", "calendarYear": "1996", "period": "FY", "revenue": 35800000, "costOfRevenue": 0, "grossProfit": 35800000, "grossProfitRatio": 1, "researchAndDevelopmentExpenses": 0, "generalAndAdministrativeExpenses": 0, "sellingAndMarketingExpenses": 0, "sellingGeneralAndAdministrativeExpenses": 0, "otherExpenses": 29700000, "operatingExpenses": 29700000, "costAndExpenses": 29700000, "interestIncome": 0, "interestExpense": 0, "depreciationAndAmortization": 0, "ebitda": 6100000, "ebitdaratio": 0.1703910615, "operatingIncome": 6100000, "operatingIncomeRatio": 0.1703910615, "totalOtherIncomeExpensesNet": -100000, "incomeBeforeTax": 6000000, "incomeBeforeTaxRatio": 0.1675977654, "incomeTaxExpense": 1600000, "netIncome": 4400000, "netIncomeRatio": 0.1229050279, "eps": 0.3, "epsdiluted": 0.24, "weightedAverageShsOut": 15900000, "weightedAverageShsOutDil": 15900000, "link": "https://www.sec.gov/Archives/edgar/data/944148/000095012997001392/0000950129-97-001392-index.html", "finalLink": "https://www.sec.gov/Archives/edgar/data/944148/", "calculatedOtherExpenses": 29700000, "calculatedOperatingExpenses": 29700000, "calculatedNetInterest": 0, "calculatedOtherIncome": -100000, "calculatedIncomeNonControlling": 0, "calculatedEbitda": 6100000}, {"date": "1995-12-31", "symbol": "CBZ", "reportedCurrency": "USD", "cik": "0000944148", "fillingDate": "1995-12-31", "acceptedDate": "1995-12-30 19:00:00", "calendarYear": "1995", "period": "FY", "revenue": 44500000, "costOfRevenue": 30400000, "grossProfit": 14100000, "grossProfitRatio": 0.3168539326, "researchAndDevelopmentExpenses": 0, "generalAndAdministrativeExpenses": 0, "sellingAndMarketingExpenses": 0, "sellingGeneralAndAdministrativeExpenses": 9800000, "otherExpenses": 2300000, "operatingExpenses": 12100000, "costAndExpenses": 42500000, "interestIncome": 0, "interestExpense": 0, "depreciationAndAmortization": 2300000, "ebitda": 4100000, "ebitdaratio": 0.0921348315, "operatingIncome": 2000000, "operatingIncomeRatio": 0.0449438202, "totalOtherIncomeExpensesNet": 200000, "incomeBeforeTax": 2100000, "incomeBeforeTaxRatio": 0.0471910112, "incomeTaxExpense": 800000, "netIncome": 1300000, "netIncomeRatio": 0.0292134831, "eps": 0.24, "epsdiluted": 0.2, "weightedAverageShsOut": 11176471, "weightedAverageShsOutDil": 11176471, "link": "", "finalLink": "", "calculatedOtherExpenses": 2300000, "calculatedOperatingExpenses": 12100000, "calculatedNetInterest": 0, "calculatedOtherIncome": 100000, "calculatedIncomeNonControlling": 0, "calculatedEbitda": 4300000}, {"date": "1994-12-31", "symbol": "CBZ", "reportedCurrency": "USD", "cik": "0000944148", "fillingDate": "1994-12-31", "acceptedDate": "1994-12-30 19:00:00", "calendarYear": "1994", "period": "FY", "revenue": 46600000, "costOfRevenue": 30900000, "grossProfit": 15700000, "grossProfitRatio": 0.3369098712, "researchAndDevelopmentExpenses": 0, "generalAndAdministrativeExpenses": 0, "sellingAndMarketingExpenses": 0, "sellingGeneralAndAdministrativeExpenses": 10300000, "otherExpenses": 2500000, "operatingExpenses": 12800000, "costAndExpenses": 43700000, "interestIncome": 0, "interestExpense": 0, "depreciationAndAmortization": 2500000, "ebitda": 13800000, "ebitdaratio": 0.2961373391, "operatingIncome": 2900000, "operatingIncomeRatio": 0.0622317597, "totalOtherIncomeExpensesNet": -8400000, "incomeBeforeTax": -6200000, "incomeBeforeTaxRatio": -0.1330472103, "incomeTaxExpense": -3100000, "netIncome": 2500000, "netIncomeRatio": 0.0536480687, "eps": 0.25, "epsdiluted": 0.25, "weightedAverageShsOut": 10000000, "weightedAverageShsOutDil": 10000000, "link": "", "finalLink": "", "calculatedOtherExpenses": 2500000, "calculatedOperatingExpenses": 12800000, "calculatedNetInterest": 0, "calculatedOtherIncome": -9100000, "calculatedIncomeNonControlling": -5600000, "calculatedEbitda": 5400000}]}