{"originalCurrency": "USD", "convertedCurrency": "USD", "report": [{"date": "2023-12-31", "symbol": "CC", "reportedCurrency": "USD", "cik": "0001627223", "fillingDate": "2024-03-27", "acceptedDate": "2024-03-27 16:08:25", "calendarYear": "2023", "period": "FY", "revenue": 6027000000, "costOfRevenue": 4716000000, "grossProfit": 1311000000, "grossProfitRatio": 0.2175211548, "researchAndDevelopmentExpenses": 108000000, "generalAndAdministrativeExpenses": 0, "sellingAndMarketingExpenses": 0, "sellingGeneralAndAdministrativeExpenses": 1290000000, "otherExpenses": 19000000, "operatingExpenses": 1398000000, "costAndExpenses": 6114000000, "interestIncome": 0, "interestExpense": 208000000, "depreciationAndAmortization": 307000000, "ebitda": 220000000, "ebitdaratio": 0.0365024058, "operatingIncome": -87000000, "operatingIncomeRatio": -0.0144350423, "totalOtherIncomeExpensesNet": -231000000, "incomeBeforeTax": -318000000, "incomeBeforeTaxRatio": -0.0527625684, "incomeTaxExpense": -81000000, "netIncome": -238000000, "netIncomeRatio": -0.0394889663, "eps": -1.6, "epsdiluted": -1.6, "weightedAverageShsOut": 148912397, "weightedAverageShsOutDil": 148912397, "link": "https://www.sec.gov/Archives/edgar/data/1627223/000095017024037171/0000950170-24-037171-index.htm", "finalLink": "https://www.sec.gov/Archives/edgar/data/1627223/000095017024037171/cc-20231231.htm", "calculatedOtherExpenses": 0, "calculatedOperatingExpenses": 1398000000, "calculatedNetInterest": -208000000, "calculatedOtherIncome": -23000000, "calculatedIncomeNonControlling": 1000000, "calculatedEbitda": 220000000}, {"date": "2022-12-31", "symbol": "CC", "reportedCurrency": "USD", "cik": "0001627223", "fillingDate": "2023-02-10", "acceptedDate": "2023-02-10 16:06:58", "calendarYear": "2022", "period": "FY", "revenue": 6794000000, "costOfRevenue": 5178000000, "grossProfit": 1616000000, "grossProfitRatio": 0.2378569326, "researchAndDevelopmentExpenses": 118000000, "generalAndAdministrativeExpenses": 0, "sellingAndMarketingExpenses": 0, "sellingGeneralAndAdministrativeExpenses": 710000000, "otherExpenses": 70000000, "operatingExpenses": 828000000, "costAndExpenses": 6006000000, "interestIncome": 163000000, "interestExpense": 163000000, "depreciationAndAmortization": 291000000, "ebitda": 1204000000, "ebitdaratio": 0.1772151899, "operatingIncome": 913000000, "operatingIncomeRatio": 0.1343832794, "totalOtherIncomeExpensesNet": -172000000, "incomeBeforeTax": 741000000, "incomeBeforeTaxRatio": 0.1090668237, "incomeTaxExpense": 163000000, "netIncome": 578000000, "netIncomeRatio": 0.0850750662, "eps": 3.72, "epsdiluted": 3.65, "weightedAverageShsOut": 155359361, "weightedAverageShsOutDil": 158303007, "link": "https://www.sec.gov/Archives/edgar/data/1627223/000095017023002467/0000950170-23-002467-index.htm", "finalLink": "https://www.sec.gov/Archives/edgar/data/1627223/000095017023002467/cc-20221231.htm", "calculatedOtherExpenses": -125000000, "calculatedOperatingExpenses": 703000000, "calculatedNetInterest": 0, "calculatedOtherIncome": -172000000, "calculatedIncomeNonControlling": 0, "calculatedEbitda": 1204000000}, {"date": "2021-12-31", "symbol": "CC", "reportedCurrency": "USD", "cik": "0001627223", "fillingDate": "2022-02-11", "acceptedDate": "2022-02-11 16:20:04", "calendarYear": "2021", "period": "FY", "revenue": 6345000000, "costOfRevenue": 4964000000, "grossProfit": 1381000000, "grossProfitRatio": 0.2176516942, "researchAndDevelopmentExpenses": 107000000, "generalAndAdministrativeExpenses": 0, "sellingAndMarketingExpenses": 0, "sellingGeneralAndAdministrativeExpenses": 592000000, "otherExpenses": 163000000, "operatingExpenses": 699000000, "costAndExpenses": 5663000000, "interestIncome": 185000000, "interestExpense": 185000000, "depreciationAndAmortization": 317000000, "ebitda": 1205000000, "ebitdaratio": 0.1899133176, "operatingIncome": 888000000, "operatingIncomeRatio": 0.1399527187, "totalOtherIncomeExpensesNet": -212000000, "incomeBeforeTax": 676000000, "incomeBeforeTaxRatio": 0.1065405831, "incomeTaxExpense": 68000000, "netIncome": 608000000, "netIncomeRatio": 0.0958234831, "eps": 3.69, "epsdiluted": 3.6, "weightedAverageShsOut": 164943575, "weightedAverageShsOutDil": 168698439, "link": "https://www.sec.gov/Archives/edgar/data/1627223/000156459022004791/0001564590-22-004791-index.htm", "finalLink": "https://www.sec.gov/Archives/edgar/data/1627223/000156459022004791/cc-10k_20211231.htm", "calculatedOtherExpenses": -206000000, "calculatedOperatingExpenses": 493000000, "calculatedNetInterest": 0, "calculatedOtherIncome": -212000000, "calculatedIncomeNonControlling": 0, "calculatedEbitda": 1205000000}, {"date": "2020-12-31", "symbol": "CC", "reportedCurrency": "USD", "cik": "0001627223", "fillingDate": "2021-02-12", "acceptedDate": "2021-02-12 16:33:01", "calendarYear": "2020", "period": "FY", "revenue": 4969000000, "costOfRevenue": 3902000000, "grossProfit": 1067000000, "grossProfitRatio": 0.2147313343, "researchAndDevelopmentExpenses": 93000000, "generalAndAdministrativeExpenses": 0, "sellingAndMarketingExpenses": 0, "sellingGeneralAndAdministrativeExpenses": 527000000, "otherExpenses": 39000000, "operatingExpenses": 620000000, "costAndExpenses": 4522000000, "interestIncome": 210000000, "interestExpense": 210000000, "depreciationAndAmortization": 320000000, "ebitda": 829000000, "ebitdaratio": 0.1668343731, "operatingIncome": 509000000, "operatingIncomeRatio": 0.1024350976, "totalOtherIncomeExpensesNet": -330000000, "incomeBeforeTax": 179000000, "incomeBeforeTaxRatio": 0.0360233447, "incomeTaxExpense": -40000000, "netIncome": 219000000, "netIncomeRatio": 0.0440732542, "eps": 1.33, "epsdiluted": 1.32, "weightedAverageShsOut": 164681827, "weightedAverageShsOutDil": 166346529, "link": "https://www.sec.gov/Archives/edgar/data/1627223/000156459021005805/0001564590-21-005805-index.htm", "finalLink": "https://www.sec.gov/Archives/edgar/data/1627223/000156459021005805/cc-10k_20201231.htm", "calculatedOtherExpenses": -62000000, "calculatedOperatingExpenses": 558000000, "calculatedNetInterest": 0, "calculatedOtherIncome": -330000000, "calculatedIncomeNonControlling": 0, "calculatedEbitda": 829000000}, {"date": "2019-12-31", "symbol": "CC", "reportedCurrency": "USD", "cik": "0001627223", "fillingDate": "2020-02-14", "acceptedDate": "2020-02-14 16:59:21", "calendarYear": "2019", "period": "FY", "revenue": 5526000000, "costOfRevenue": 4463000000, "grossProfit": 1063000000, "grossProfitRatio": 0.1923633731, "researchAndDevelopmentExpenses": 80000000, "generalAndAdministrativeExpenses": 0, "sellingAndMarketingExpenses": 0, "sellingGeneralAndAdministrativeExpenses": 548000000, "otherExpenses": -293000000, "operatingExpenses": 628000000, "costAndExpenses": 5091000000, "interestIncome": 208000000, "interestExpense": 208000000, "depreciationAndAmortization": 311000000, "ebitda": 482000000, "ebitdaratio": 0.0872240318, "operatingIncome": 171000000, "operatingIncomeRatio": 0.0309446254, "totalOtherIncomeExpensesNet": -295000000, "incomeBeforeTax": -124000000, "incomeBeforeTaxRatio": -0.0224393775, "incomeTaxExpense": -72000000, "netIncome": -52000000, "netIncomeRatio": -0.0094100615, "eps": -0.32, "epsdiluted": -0.32, "weightedAverageShsOut": 164816839, "weightedAverageShsOutDil": 164816839, "link": "https://www.sec.gov/Archives/edgar/data/1627223/000156459020004829/0001564590-20-004829-index.htm", "finalLink": "https://www.sec.gov/Archives/edgar/data/1627223/000156459020004829/cc-10k_20191231.htm", "calculatedOtherExpenses": 264000000, "calculatedOperatingExpenses": 892000000, "calculatedNetInterest": 0, "calculatedOtherIncome": -295000000, "calculatedIncomeNonControlling": 0, "calculatedEbitda": 482000000}, {"date": "2018-12-31", "symbol": "CC", "reportedCurrency": "USD", "cik": "0001627223", "fillingDate": "2019-02-15", "acceptedDate": "2019-02-15 15:31:35", "calendarYear": "2018", "period": "FY", "revenue": 6638000000, "costOfRevenue": 4667000000, "grossProfit": 1971000000, "grossProfitRatio": 0.2969267852, "researchAndDevelopmentExpenses": 82000000, "generalAndAdministrativeExpenses": 657000000, "sellingAndMarketingExpenses": 0, "sellingGeneralAndAdministrativeExpenses": 657000000, "otherExpenses": 162000000, "operatingExpenses": 739000000, "costAndExpenses": 5406000000, "interestIncome": 0, "interestExpense": 195000000, "depreciationAndAmortization": 284000000, "ebitda": 1721000000, "ebitdaratio": 0.2592648388, "operatingIncome": 1232000000, "operatingIncomeRatio": 0.1855980717, "totalOtherIncomeExpensesNet": 118000000, "incomeBeforeTax": 1155000000, "incomeBeforeTaxRatio": 0.1739981922, "incomeTaxExpense": 159000000, "netIncome": 995000000, "netIncomeRatio": 0.1498945466, "eps": 5.62, "epsdiluted": 5.45, "weightedAverageShsOut": 176968554, "weightedAverageShsOutDil": 182572021, "link": "https://www.sec.gov/Archives/edgar/data/1627223/000156459019003090/0001564590-19-003090-index.htm", "finalLink": "https://www.sec.gov/Archives/edgar/data/1627223/000156459019003090/cc-10k_20181231.htm", "calculatedOtherExpenses": 0, "calculatedOperatingExpenses": 739000000, "calculatedNetInterest": -195000000, "calculatedOtherIncome": 118000000, "calculatedIncomeNonControlling": 1000000, "calculatedEbitda": 1516000000}, {"date": "2017-12-31", "symbol": "CC", "reportedCurrency": "USD", "cik": "0001627223", "fillingDate": "2018-02-16", "acceptedDate": "2018-02-16 16:12:59", "calendarYear": "2017", "period": "FY", "revenue": 6183000000, "costOfRevenue": 4429000000, "grossProfit": 1754000000, "grossProfitRatio": 0.283681061, "researchAndDevelopmentExpenses": 80000000, "generalAndAdministrativeExpenses": 602000000, "sellingAndMarketingExpenses": 0, "sellingGeneralAndAdministrativeExpenses": 602000000, "otherExpenses": 79000000, "operatingExpenses": 682000000, "costAndExpenses": 5111000000, "interestIncome": 0, "interestExpense": 215000000, "depreciationAndAmortization": 273000000, "ebitda": 1457000000, "ebitdaratio": 0.2356461265, "operatingIncome": 1072000000, "operatingIncomeRatio": 0.1733786188, "totalOtherIncomeExpensesNet": 55000000, "incomeBeforeTax": 912000000, "incomeBeforeTaxRatio": 0.147501213, "incomeTaxExpense": 165000000, "netIncome": 746000000, "netIncomeRatio": 0.1206534045, "eps": 4.04, "epsdiluted": 3.91, "weightedAverageShsOut": 184844106, "weightedAverageShsOutDil": 190983991, "link": "https://www.sec.gov/Archives/edgar/data/1627223/000156459018002325/0001564590-18-002325-index.htm", "finalLink": "https://www.sec.gov/Archives/edgar/data/1627223/000156459018002325/cc-10k_20171231.htm", "calculatedOtherExpenses": 0, "calculatedOperatingExpenses": 682000000, "calculatedNetInterest": -215000000, "calculatedOtherIncome": 55000000, "calculatedIncomeNonControlling": 1000000, "calculatedEbitda": 1345000000}, {"date": "2016-12-31", "symbol": "CC", "reportedCurrency": "USD", "cik": "0001627223", "fillingDate": "2017-02-17", "acceptedDate": "2017-02-17 15:58:11", "calendarYear": "2016", "period": "FY", "revenue": 5400000000, "costOfRevenue": 4290000000, "grossProfit": 1110000000, "grossProfitRatio": 0.2055555556, "researchAndDevelopmentExpenses": 80000000, "generalAndAdministrativeExpenses": 934000000, "sellingAndMarketingExpenses": 0, "sellingGeneralAndAdministrativeExpenses": 934000000, "otherExpenses": 247000000, "operatingExpenses": 1014000000, "costAndExpenses": 5304000000, "interestIncome": 0, "interestExpense": 213000000, "depreciationAndAmortization": 284000000, "ebitda": 656000000, "ebitdaratio": 0.1214814815, "operatingIncome": 96000000, "operatingIncomeRatio": 0.0177777778, "totalOtherIncomeExpensesNet": 106000000, "incomeBeforeTax": -11000000, "incomeBeforeTaxRatio": -0.002037037, "incomeTaxExpense": -18000000, "netIncome": 7000000, "netIncomeRatio": 0.0012962963, "eps": 0.04, "epsdiluted": 0.04, "weightedAverageShsOut": 181621422, "weightedAverageShsOutDil": 183416500, "link": "https://www.sec.gov/Archives/edgar/data/1627223/000156459017001763/0001564590-17-001763-index.htm", "finalLink": "https://www.sec.gov/Archives/edgar/data/1627223/000156459017001763/cc-10k_20161231.htm", "calculatedOtherExpenses": 0, "calculatedOperatingExpenses": 1014000000, "calculatedNetInterest": -213000000, "calculatedOtherIncome": 106000000, "calculatedIncomeNonControlling": 0, "calculatedEbitda": 380000000}, {"date": "2015-12-31", "symbol": "CC", "reportedCurrency": "USD", "cik": "0001627223", "fillingDate": "2016-02-25", "acceptedDate": "2016-02-25 16:18:59", "calendarYear": "2015", "period": "FY", "revenue": 5717000000, "costOfRevenue": 4762000000, "grossProfit": 955000000, "grossProfitRatio": 0.1670456533, "researchAndDevelopmentExpenses": 97000000, "generalAndAdministrativeExpenses": 632000000, "sellingAndMarketingExpenses": 0, "sellingGeneralAndAdministrativeExpenses": 632000000, "otherExpenses": 44000000, "operatingExpenses": 729000000, "costAndExpenses": 5491000000, "interestIncome": 0, "interestExpense": 132000000, "depreciationAndAmortization": 267000000, "ebitda": 559000000, "ebitdaratio": 0.0977785552, "operatingIncome": 226000000, "operatingIncomeRatio": 0.0395312227, "totalOtherIncomeExpensesNet": -282000000, "incomeBeforeTax": -188000000, "incomeBeforeTaxRatio": -0.0328843799, "incomeTaxExpense": -98000000, "netIncome": -90000000, "netIncomeRatio": -0.0157425223, "eps": -0.5, "epsdiluted": -0.5, "weightedAverageShsOut": 180000000, "weightedAverageShsOutDil": 180993623, "link": "https://www.sec.gov/Archives/edgar/data/1627223/000162722316000066/0001627223-16-000066-index.htm", "finalLink": "https://www.sec.gov/Archives/edgar/data/1627223/000162722316000066/cc-20151231x10k.htm", "calculatedOtherExpenses": 0, "calculatedOperatingExpenses": 729000000, "calculatedNetInterest": -132000000, "calculatedOtherIncome": -282000000, "calculatedIncomeNonControlling": 0, "calculatedEbitda": 493000000}, {"date": "2014-12-31", "symbol": "CC", "reportedCurrency": "USD", "cik": "0001627223", "fillingDate": "2014-12-31", "acceptedDate": "2014-12-30 19:00:00", "calendarYear": "2014", "period": "FY", "revenue": 6432000000, "costOfRevenue": 5072000000, "grossProfit": 1360000000, "grossProfitRatio": 0.2114427861, "researchAndDevelopmentExpenses": 143000000, "generalAndAdministrativeExpenses": 685000000, "sellingAndMarketingExpenses": 0, "sellingGeneralAndAdministrativeExpenses": 685000000, "otherExpenses": 45000000, "operatingExpenses": 828000000, "costAndExpenses": 5900000000, "interestIncome": 0, "interestExpense": 0, "depreciationAndAmortization": 257000000, "ebitda": 836000000, "ebitdaratio": 0.1299751244, "operatingIncome": 532000000, "operatingIncomeRatio": 0.0827114428, "totalOtherIncomeExpensesNet": 18000000, "incomeBeforeTax": 550000000, "incomeBeforeTaxRatio": 0.0855099502, "incomeTaxExpense": 149000000, "netIncome": 400000000, "netIncomeRatio": 0.0621890547, "eps": 2.21, "epsdiluted": 2.19, "weightedAverageShsOut": 181367000, "weightedAverageShsOutDil": 182764000, "link": "", "finalLink": "", "calculatedOtherExpenses": 0, "calculatedOperatingExpenses": 828000000, "calculatedNetInterest": 0, "calculatedOtherIncome": 18000000, "calculatedIncomeNonControlling": 1000000, "calculatedEbitda": 789000000}, {"date": "2013-12-31", "symbol": "CC", "reportedCurrency": "USD", "cik": "0001627223", "fillingDate": "2013-12-31", "acceptedDate": "2013-12-30 19:00:00", "calendarYear": "2013", "period": "FY", "revenue": 6859000000, "costOfRevenue": 5395000000, "grossProfit": 1464000000, "grossProfitRatio": 0.2134421927, "researchAndDevelopmentExpenses": 164000000, "generalAndAdministrativeExpenses": 768000000, "sellingAndMarketingExpenses": 0, "sellingGeneralAndAdministrativeExpenses": 768000000, "otherExpenses": 48000000, "operatingExpenses": 932000000, "costAndExpenses": 6327000000, "interestIncome": 0, "interestExpense": 0, "depreciationAndAmortization": 261000000, "ebitda": 826000000, "ebitdaratio": 0.120425718, "operatingIncome": 532000000, "operatingIncomeRatio": 0.0775623269, "totalOtherIncomeExpensesNet": 44000000, "incomeBeforeTax": 576000000, "incomeBeforeTaxRatio": 0.0839772562, "incomeTaxExpense": 152000000, "netIncome": 423000000, "netIncomeRatio": 0.0616707975, "eps": 2.33, "epsdiluted": 2.31, "weightedAverageShsOut": 181367000, "weightedAverageShsOutDil": 182764000, "link": "", "finalLink": "", "calculatedOtherExpenses": 0, "calculatedOperatingExpenses": 932000000, "calculatedNetInterest": 0, "calculatedOtherIncome": 44000000, "calculatedIncomeNonControlling": 1000000, "calculatedEbitda": 793000000}, {"date": "2012-12-31", "symbol": "CC", "reportedCurrency": "USD", "cik": "0001627223", "fillingDate": "2012-12-31", "acceptedDate": "2012-12-30 19:00:00", "calendarYear": "2012", "period": "FY", "revenue": 7365000000, "costOfRevenue": 5014000000, "grossProfit": 2351000000, "grossProfitRatio": 0.3192124915, "researchAndDevelopmentExpenses": 145000000, "generalAndAdministrativeExpenses": 747000000, "sellingAndMarketingExpenses": 0, "sellingGeneralAndAdministrativeExpenses": 747000000, "otherExpenses": 42000000, "operatingExpenses": 892000000, "costAndExpenses": 5906000000, "interestIncome": 0, "interestExpense": 0, "depreciationAndAmortization": 266000000, "ebitda": 1766000000, "ebitdaratio": 0.2397827563, "operatingIncome": 1459000000, "operatingIncomeRatio": 0.1980991174, "totalOtherIncomeExpensesNet": 26000000, "incomeBeforeTax": 1485000000, "incomeBeforeTaxRatio": 0.2016293279, "incomeTaxExpense": 427000000, "netIncome": 1057000000, "netIncomeRatio": 0.1435166327, "eps": 5.83, "epsdiluted": 5.78, "weightedAverageShsOut": 181367000, "weightedAverageShsOutDil": 182764000, "link": "", "finalLink": "", "calculatedOtherExpenses": 0, "calculatedOperatingExpenses": 892000000, "calculatedNetInterest": 0, "calculatedOtherIncome": 26000000, "calculatedIncomeNonControlling": 1000000, "calculatedEbitda": 1725000000}, {"date": "2011-12-31", "symbol": "CC", "reportedCurrency": "USD", "cik": "0001627223", "fillingDate": "2011-12-31", "acceptedDate": "2011-12-30 19:00:00", "calendarYear": "2011", "period": "FY", "revenue": 7972000000, "costOfRevenue": 5375000000, "grossProfit": 2597000000, "grossProfitRatio": 0.3257651781, "researchAndDevelopmentExpenses": 135000000, "generalAndAdministrativeExpenses": 731000000, "sellingAndMarketingExpenses": 0, "sellingGeneralAndAdministrativeExpenses": 731000000, "otherExpenses": 55000000, "operatingExpenses": 866000000, "costAndExpenses": 6241000000, "interestIncome": 0, "interestExpense": 0, "depreciationAndAmortization": 272000000, "ebitda": 1926000000, "ebitdaratio": 0.2415955845, "operatingIncome": 1731000000, "operatingIncomeRatio": 0.2171349724, "totalOtherIncomeExpensesNet": 176000000, "incomeBeforeTax": 1907000000, "incomeBeforeTaxRatio": 0.2392122428, "incomeTaxExpense": 474000000, "netIncome": 1431000000, "netIncomeRatio": 0.1795032614, "eps": 7.89, "epsdiluted": 7.83, "weightedAverageShsOut": 181367000, "weightedAverageShsOutDil": 182764000, "link": "", "finalLink": "", "calculatedOtherExpenses": 0, "calculatedOperatingExpenses": 866000000, "calculatedNetInterest": 0, "calculatedOtherIncome": 176000000, "calculatedIncomeNonControlling": 2000000, "calculatedEbitda": 2003000000}]}