{"originalCurrency": "USD", "convertedCurrency": "USD", "report": [{"date": "2023-12-31", "symbol": "CCI", "reportedCurrency": "USD", "cik": "0001051470", "fillingDate": "2024-02-23", "acceptedDate": "2024-02-23 16:08:44", "calendarYear": "2023", "period": "FY", "revenue": 6981000000, "costOfRevenue": 3705000000, "grossProfit": 3276000000, "grossProfitRatio": 0.469273743, "researchAndDevelopmentExpenses": 0, "generalAndAdministrativeExpenses": 0, "sellingAndMarketingExpenses": 0, "sellingGeneralAndAdministrativeExpenses": 759000000, "otherExpenses": -788000000, "operatingExpenses": 788000000, "costAndExpenses": 4493000000, "interestIncome": 15000000, "interestExpense": 865000000, "depreciationAndAmortization": 1754000000, "ebitda": 4242000000, "ebitdaratio": 0.6076493339, "operatingIncome": 2488000000, "operatingIncomeRatio": 0.3563959318, "totalOtherIncomeExpensesNet": -960000000, "incomeBeforeTax": 1528000000, "incomeBeforeTaxRatio": 0.2188798166, "incomeTaxExpense": 26000000, "netIncome": 1502000000, "netIncomeRatio": 0.2151554219, "eps": 3.46, "epsdiluted": 3.46, "weightedAverageShsOut": 434000000, "weightedAverageShsOutDil": 434000000, "link": "https://www.sec.gov/Archives/edgar/data/1051470/000105147024000062/0001051470-24-000062-index.htm", "finalLink": "https://www.sec.gov/Archives/edgar/data/1051470/000105147024000062/cci-20231231.htm", "calculatedOtherExpenses": 29000000, "calculatedOperatingExpenses": 788000000, "calculatedNetInterest": -850000000, "calculatedOtherIncome": -110000000, "calculatedIncomeNonControlling": 0, "calculatedEbitda": 4242000000}, {"date": "2022-12-31", "symbol": "CCI", "reportedCurrency": "USD", "cik": "0001051470", "fillingDate": "2023-02-24", "acceptedDate": "2023-02-24 16:08:38", "calendarYear": "2022", "period": "FY", "revenue": 6986000000, "costOfRevenue": 2068000000, "grossProfit": 4918000000, "grossProfitRatio": 0.7039793873, "researchAndDevelopmentExpenses": 0, "generalAndAdministrativeExpenses": 0, "sellingAndMarketingExpenses": 0, "sellingGeneralAndAdministrativeExpenses": 750000000, "otherExpenses": 1707000000, "operatingExpenses": 2457000000, "costAndExpenses": 4525000000, "interestIncome": 3000000, "interestExpense": 699000000, "depreciationAndAmortization": 1736000000, "ebitda": 4161000000, "ebitdaratio": 0.5956198111, "operatingIncome": 2425000000, "operatingIncomeRatio": 0.3471228171, "totalOtherIncomeExpensesNet": -734000000, "incomeBeforeTax": 1691000000, "incomeBeforeTaxRatio": 0.2420555397, "incomeTaxExpense": 16000000, "netIncome": 1675000000, "netIncomeRatio": 0.2397652448, "eps": 3.87, "epsdiluted": 3.86, "weightedAverageShsOut": 433000000, "weightedAverageShsOutDil": 434000000, "link": "https://www.sec.gov/Archives/edgar/data/1051470/000105147023000041/0001051470-23-000041-index.htm", "finalLink": "https://www.sec.gov/Archives/edgar/data/1051470/000105147023000041/cci-20221231.htm", "calculatedOtherExpenses": 1743000000, "calculatedOperatingExpenses": 2493000000, "calculatedNetInterest": -696000000, "calculatedOtherIncome": -38000000, "calculatedIncomeNonControlling": 0, "calculatedEbitda": 4161000000}, {"date": "2021-12-31", "symbol": "CCI", "reportedCurrency": "USD", "cik": "0001051470", "fillingDate": "2022-02-22", "acceptedDate": "2022-02-22 16:17:25", "calendarYear": "2021", "period": "FY", "revenue": 6340000000, "costOfRevenue": 1993000000, "grossProfit": 4347000000, "grossProfitRatio": 0.6856466877, "researchAndDevelopmentExpenses": 0, "generalAndAdministrativeExpenses": 0, "sellingAndMarketingExpenses": 0, "sellingGeneralAndAdministrativeExpenses": 680000000, "otherExpenses": 1644000000, "operatingExpenses": 2324000000, "costAndExpenses": 4317000000, "interestIncome": 1000000, "interestExpense": 657000000, "depreciationAndAmortization": 1646000000, "ebitda": 3647000000, "ebitdaratio": 0.5752365931, "operatingIncome": 2001000000, "operatingIncomeRatio": 0.315615142, "totalOtherIncomeExpensesNet": -822000000, "incomeBeforeTax": 1179000000, "incomeBeforeTaxRatio": 0.1859621451, "incomeTaxExpense": 21000000, "netIncome": 1096000000, "netIncomeRatio": 0.1728706625, "eps": 2.68, "epsdiluted": 2.67, "weightedAverageShsOut": 432000000, "weightedAverageShsOutDil": 434000000, "link": "https://www.sec.gov/Archives/edgar/data/1051470/000105147022000019/0001051470-22-000019-index.htm", "finalLink": "https://www.sec.gov/Archives/edgar/data/1051470/000105147022000019/cci-20211231.htm", "calculatedOtherExpenses": 1666000000, "calculatedOperatingExpenses": 2346000000, "calculatedNetInterest": -656000000, "calculatedOtherIncome": -166000000, "calculatedIncomeNonControlling": 62000000, "calculatedEbitda": 3647000000}, {"date": "2020-12-31", "symbol": "CCI", "reportedCurrency": "USD", "cik": "0001051470", "fillingDate": "2021-02-22", "acceptedDate": "2021-02-22 16:20:53", "calendarYear": "2020", "period": "FY", "revenue": 5840000000, "costOfRevenue": 1969000000, "grossProfit": 3871000000, "grossProfitRatio": 0.6628424658, "researchAndDevelopmentExpenses": 0, "generalAndAdministrativeExpenses": 0, "sellingAndMarketingExpenses": 0, "sellingGeneralAndAdministrativeExpenses": 678000000, "otherExpenses": 1246000000, "operatingExpenses": 1924000000, "costAndExpenses": 3893000000, "interestIncome": 2000000, "interestExpense": 689000000, "depreciationAndAmortization": 1689000000, "ebitda": 3552000000, "ebitdaratio": 0.6082191781, "operatingIncome": 1863000000, "operatingIncomeRatio": 0.3190068493, "totalOtherIncomeExpensesNet": -787000000, "incomeBeforeTax": 1076000000, "incomeBeforeTaxRatio": 0.1842465753, "incomeTaxExpense": 20000000, "netIncome": 1056000000, "netIncomeRatio": 0.1808219178, "eps": 2.5, "epsdiluted": 2.48, "weightedAverageShsOut": 423000000, "weightedAverageShsOutDil": 425000000, "link": "https://www.sec.gov/Archives/edgar/data/1051470/000105147021000031/0001051470-21-000031-index.htm", "finalLink": "https://www.sec.gov/Archives/edgar/data/1051470/000105147021000031/cci-20201231.htm", "calculatedOtherExpenses": 1330000000, "calculatedOperatingExpenses": 2008000000, "calculatedNetInterest": -687000000, "calculatedOtherIncome": -100000000, "calculatedIncomeNonControlling": 0, "calculatedEbitda": 3552000000}, {"date": "2019-12-31", "symbol": "CCI", "reportedCurrency": "USD", "cik": "0001051470", "fillingDate": "2020-03-10", "acceptedDate": "2020-03-10 16:51:05", "calendarYear": "2019", "period": "FY", "revenue": 5773000000, "costOfRevenue": 1991000000, "grossProfit": 3782000000, "grossProfitRatio": 0.6551186558, "researchAndDevelopmentExpenses": 0, "generalAndAdministrativeExpenses": 0, "sellingAndMarketingExpenses": 0, "sellingGeneralAndAdministrativeExpenses": 614000000, "otherExpenses": 1574000000, "operatingExpenses": 2188000000, "costAndExpenses": 4179000000, "interestIncome": 6000000, "interestExpense": 683000000, "depreciationAndAmortization": 1613000000, "ebitda": 3175000000, "ebitdaratio": 0.549974017, "operatingIncome": 1562000000, "operatingIncomeRatio": 0.2705698943, "totalOtherIncomeExpensesNet": -678000000, "incomeBeforeTax": 884000000, "incomeBeforeTaxRatio": 0.1531266239, "incomeTaxExpense": 21000000, "netIncome": 863000000, "netIncomeRatio": 0.1494890005, "eps": 1.8, "epsdiluted": 1.79, "weightedAverageShsOut": 416000000, "weightedAverageShsOutDil": 418000000, "link": "https://www.sec.gov/Archives/edgar/data/1051470/000105147020000077/0001051470-20-000077-index.htm", "finalLink": "https://www.sec.gov/Archives/edgar/data/1051470/000105147020000077/cci10k123119q4.htm", "calculatedOtherExpenses": 1606000000, "calculatedOperatingExpenses": 2220000000, "calculatedNetInterest": -677000000, "calculatedOtherIncome": -1000000, "calculatedIncomeNonControlling": 0, "calculatedEbitda": 3175000000}, {"date": "2018-12-31", "symbol": "CCI", "reportedCurrency": "USD", "cik": "0001051470", "fillingDate": "2019-02-25", "acceptedDate": "2019-02-25 16:31:01", "calendarYear": "2018", "period": "FY", "revenue": 5423000000, "costOfRevenue": 1847000000, "grossProfit": 3576000000, "grossProfitRatio": 0.6594136087, "researchAndDevelopmentExpenses": 0, "generalAndAdministrativeExpenses": 563000000, "sellingAndMarketingExpenses": 0, "sellingGeneralAndAdministrativeExpenses": 563000000, "otherExpenses": 1000000, "operatingExpenses": 2091000000, "costAndExpenses": 3938000000, "interestIncome": 5000000, "interestExpense": 642000000, "depreciationAndAmortization": 1528000000, "ebitda": 3019000000, "ebitdaratio": 0.556702932, "operatingIncome": 1432000000, "operatingIncomeRatio": 0.2640604831, "totalOtherIncomeExpensesNet": -158000000, "incomeBeforeTax": 690000000, "incomeBeforeTaxRatio": 0.1272358473, "incomeTaxExpense": 19000000, "netIncome": 671000000, "netIncomeRatio": 0.1237322515, "eps": 1.62, "epsdiluted": 1.62, "weightedAverageShsOut": 413000000, "weightedAverageShsOutDil": 415000000, "link": "https://www.sec.gov/Archives/edgar/data/1051470/000105147019000046/0001051470-19-000046-index.htm", "finalLink": "https://www.sec.gov/Archives/edgar/data/1051470/000105147019000046/cci10-k123118.htm", "calculatedOtherExpenses": 1581000000, "calculatedOperatingExpenses": 2144000000, "calculatedNetInterest": -637000000, "calculatedOtherIncome": -105000000, "calculatedIncomeNonControlling": 0, "calculatedEbitda": 2960000000}, {"date": "2017-12-31", "symbol": "CCI", "reportedCurrency": "USD", "cik": "0001051470", "fillingDate": "2018-02-26", "acceptedDate": "2018-02-26 16:34:57", "calendarYear": "2017", "period": "FY", "revenue": 4355605000, "costOfRevenue": 1563701000, "grossProfit": 2791904000, "grossProfitRatio": 0.6409910908, "researchAndDevelopmentExpenses": 0, "generalAndAdministrativeExpenses": 426698000, "sellingAndMarketingExpenses": 0, "sellingGeneralAndAdministrativeExpenses": 426698000, "otherExpenses": 1994000, "operatingExpenses": 1669106000, "costAndExpenses": 3232807000, "interestIncome": 18761000, "interestExpense": 590682000, "depreciationAndAmortization": 1242408000, "ebitda": 2385961000, "ebitdaratio": 0.5477909498, "operatingIncome": 1044045000, "operatingIncomeRatio": 0.2397014881, "totalOtherIncomeExpensesNet": -80284000, "incomeBeforeTax": 470593000, "incomeBeforeTaxRatio": 0.1080430847, "incomeTaxExpense": 26043000, "netIncome": 444550000, "netIncomeRatio": 0.1020638924, "eps": 1.01, "epsdiluted": 1.01, "weightedAverageShsOut": 381740000, "weightedAverageShsOutDil": 383221000, "link": "https://www.sec.gov/Archives/edgar/data/1051470/000105147018000082/0001051470-18-000082-index.htm", "finalLink": "https://www.sec.gov/Archives/edgar/data/1051470/000105147018000082/cci10-k123117.htm", "calculatedOtherExpenses": 1321161000, "calculatedOperatingExpenses": 1747859000, "calculatedNetInterest": -571921000, "calculatedOtherIncome": -1531000, "calculatedIncomeNonControlling": 0, "calculatedEbitda": 2286453000}, {"date": "2016-12-31", "symbol": "CCI", "reportedCurrency": "USD", "cik": "0001051470", "fillingDate": "2017-02-22", "acceptedDate": "2017-02-22 16:55:06", "calendarYear": "2016", "period": "FY", "revenue": 3921225000, "costOfRevenue": 1440521000, "grossProfit": 2480704000, "grossProfitRatio": 0.6326349546, "researchAndDevelopmentExpenses": 0, "generalAndAdministrativeExpenses": 371031000, "sellingAndMarketingExpenses": 0, "sellingGeneralAndAdministrativeExpenses": 371031000, "otherExpenses": -8835000, "operatingExpenses": 1479582000, "costAndExpenses": 2920103000, "interestIncome": 796000, "interestExpense": 515032000, "depreciationAndAmortization": 1108551000, "ebitda": 2101634000, "ebitdaratio": 0.5359636338, "operatingIncome": 949216000, "operatingIncomeRatio": 0.2420712915, "totalOtherIncomeExpensesNet": -113032000, "incomeBeforeTax": 373854000, "incomeBeforeTaxRatio": 0.0953411243, "incomeTaxExpense": 16881000, "netIncome": 356973000, "netIncomeRatio": 0.091036092, "eps": 0.95, "epsdiluted": 0.95, "weightedAverageShsOut": 340349000, "weightedAverageShsOutDil": 340879000, "link": "https://www.sec.gov/Archives/edgar/data/1051470/000105147017000059/0001051470-17-000059-index.htm", "finalLink": "https://www.sec.gov/Archives/edgar/data/1051470/000105147017000059/cci10-k123116.htm", "calculatedOtherExpenses": 1160457000, "calculatedOperatingExpenses": 1531488000, "calculatedNetInterest": -514236000, "calculatedOtherIncome": -61126000, "calculatedIncomeNonControlling": 0, "calculatedEbitda": 2057767000}, {"date": "2015-12-31", "symbol": "CCI", "reportedCurrency": "USD", "cik": "0001051470", "fillingDate": "2016-02-22", "acceptedDate": "2016-02-22 16:29:18", "calendarYear": "2015", "period": "FY", "revenue": 3663851000, "costOfRevenue": 1321426000, "grossProfit": 2342425000, "grossProfitRatio": 0.6393341323, "researchAndDevelopmentExpenses": 0, "generalAndAdministrativeExpenses": 310921000, "sellingAndMarketingExpenses": 0, "sellingGeneralAndAdministrativeExpenses": 310921000, "otherExpenses": 57028000, "operatingExpenses": 1347099000, "costAndExpenses": 2668525000, "interestIncome": 1906000, "interestExpense": 527128000, "depreciationAndAmortization": 1036178000, "ebitda": 2090438000, "ebitdaratio": 0.5705575909, "operatingIncome": 946180000, "operatingIncomeRatio": 0.2582474014, "totalOtherIncomeExpensesNet": 3725000, "incomeBeforeTax": 473829000, "incomeBeforeTaxRatio": 0.1293254011, "incomeTaxExpense": -51457000, "netIncome": 1520992000, "netIncomeRatio": 0.4151347858, "eps": 4.44, "epsdiluted": 4.42, "weightedAverageShsOut": 333002000, "weightedAverageShsOutDil": 334062000, "link": "https://www.sec.gov/Archives/edgar/data/1051470/000105147016000158/0001051470-16-000158-index.htm", "finalLink": "https://www.sec.gov/Archives/edgar/data/1051470/000105147016000158/cci10-k123115.htm", "calculatedOtherExpenses": 1085324000, "calculatedOperatingExpenses": 1396245000, "calculatedNetInterest": -525222000, "calculatedOtherIncome": 52871000, "calculatedIncomeNonControlling": -995706000, "calculatedEbitda": 1982358000}, {"date": "2014-12-31", "symbol": "CCI", "reportedCurrency": "USD", "cik": "0001051470", "fillingDate": "2015-02-19", "acceptedDate": "2015-02-19 16:15:12", "calendarYear": "2014", "period": "FY", "revenue": 3689884000, "costOfRevenue": 1350466000, "grossProfit": 2339418000, "grossProfitRatio": 0.6340085488, "researchAndDevelopmentExpenses": 0, "generalAndAdministrativeExpenses": 282696000, "sellingAndMarketingExpenses": 0, "sellingGeneralAndAdministrativeExpenses": 282696000, "otherExpenses": 11862000, "operatingExpenses": 1295760000, "costAndExpenses": 2646226000, "interestIncome": 616000, "interestExpense": 573291000, "depreciationAndAmortization": 1013064000, "ebitda": 2069200000, "ebitdaratio": 0.5607764363, "operatingIncome": 993576000, "operatingIncomeRatio": 0.2692702535, "totalOtherIncomeExpensesNet": -82849000, "incomeBeforeTax": 388134000, "incomeBeforeTaxRatio": 0.1051886726, "incomeTaxExpense": -10640000, "netIncome": 390513000, "netIncomeRatio": 0.1058334083, "eps": 1.04, "epsdiluted": 1.04, "weightedAverageShsOut": 332302000, "weightedAverageShsOutDil": 333265000, "link": "https://www.sec.gov/Archives/edgar/data/1051470/000105147015000034/0001051470-15-000034-index.htm", "finalLink": "https://www.sec.gov/Archives/edgar/data/1051470/000105147015000034/cci10-k123114.htm", "calculatedOtherExpenses": 1063146000, "calculatedOperatingExpenses": 1345842000, "calculatedNetInterest": -572675000, "calculatedOtherIncome": -32767000, "calculatedIncomeNonControlling": 8261000, "calculatedEbitda": 2006640000}, {"date": "2013-12-31", "symbol": "CCI", "reportedCurrency": "USD", "cik": "0001051470", "fillingDate": "2014-02-24", "acceptedDate": "2014-02-24 17:08:26", "calendarYear": "2013", "period": "FY", "revenue": 3022384000, "costOfRevenue": 1046796000, "grossProfit": 1975588000, "grossProfitRatio": 0.6536522163, "researchAndDevelopmentExpenses": 0, "generalAndAdministrativeExpenses": 238702000, "sellingAndMarketingExpenses": 0, "sellingGeneralAndAdministrativeExpenses": 238702000, "otherExpenses": -3872000, "operatingExpenses": 1012917000, "costAndExpenses": 2059713000, "interestIncome": 1355000, "interestExpense": 589630000, "depreciationAndAmortization": 774215000, "ebitda": 1734369000, "ebitdaratio": 0.5738413782, "operatingIncome": 921803000, "operatingIncomeRatio": 0.3049920195, "totalOtherIncomeExpensesNet": -81867000, "incomeBeforeTax": 292529000, "incomeBeforeTaxRatio": 0.0967875028, "incomeTaxExpense": 198628000, "netIncome": 90111000, "netIncomeRatio": 0.0298145438, "eps": 0.26, "epsdiluted": 0.26, "weightedAverageShsOut": 298083000, "weightedAverageShsOutDil": 299293000, "link": "https://www.sec.gov/Archives/edgar/data/1051470/000105147014000008/0001051470-14-000008-index.htm", "finalLink": "https://www.sec.gov/Archives/edgar/data/1051470/000105147014000008/cci10-k123113.htm", "calculatedOtherExpenses": 815083000, "calculatedOperatingExpenses": 1053785000, "calculatedNetInterest": -588275000, "calculatedOtherIncome": -40999000, "calculatedIncomeNonControlling": 3790000, "calculatedEbitda": 1696018000}, {"date": "2012-12-31", "symbol": "CCI", "reportedCurrency": "USD", "cik": "0001051470", "fillingDate": "2013-02-12", "acceptedDate": "2013-02-12 16:52:54", "calendarYear": "2012", "period": "FY", "revenue": 2432680000, "costOfRevenue": 728989000, "grossProfit": 1703691000, "grossProfitRatio": 0.7003350215, "researchAndDevelopmentExpenses": 0, "generalAndAdministrativeExpenses": 212572000, "sellingAndMarketingExpenses": 0, "sellingGeneralAndAdministrativeExpenses": 212572000, "otherExpenses": -5392000, "operatingExpenses": 835164000, "costAndExpenses": 1564153000, "interestIncome": 4556000, "interestExpense": 601044000, "depreciationAndAmortization": 622592000, "ebitda": 1490283000, "ebitdaratio": 0.61260955, "operatingIncome": 834681000, "operatingIncomeRatio": 0.3431117122, "totalOtherIncomeExpensesNet": -171212000, "incomeBeforeTax": 100827000, "incomeBeforeTaxRatio": 0.0414468816, "incomeTaxExpense": -100061000, "netIncome": 188584000, "netIncomeRatio": 0.0775210879, "eps": 0.64, "epsdiluted": 0.64, "weightedAverageShsOut": 289285000, "weightedAverageShsOutDil": 291270000, "link": "https://www.sec.gov/Archives/edgar/data/1051470/000105147013000007/0001051470-13-000007-index.htm", "finalLink": "https://www.sec.gov/Archives/edgar/data/1051470/000105147013000007/cci10-k123112.htm", "calculatedOtherExpenses": 656438000, "calculatedOperatingExpenses": 869010000, "calculatedNetInterest": -596488000, "calculatedOtherIncome": -137366000, "calculatedIncomeNonControlling": 12304000, "calculatedEbitda": 1457273000}, {"date": "2011-12-31", "symbol": "CCI", "reportedCurrency": "USD", "cik": "0001051470", "fillingDate": "2012-02-13", "acceptedDate": "2012-02-13 16:34:07", "calendarYear": "2011", "period": "FY", "revenue": 2032729000, "costOfRevenue": 588385000, "grossProfit": 1444344000, "grossProfitRatio": 0.7105442978, "researchAndDevelopmentExpenses": 0, "generalAndAdministrativeExpenses": 173493000, "sellingAndMarketingExpenses": 0, "sellingGeneralAndAdministrativeExpenses": 173493000, "otherExpenses": 552951000, "operatingExpenses": 726444000, "costAndExpenses": 1314829000, "interestIncome": 666000, "interestExpense": 507587000, "depreciationAndAmortization": 552951000, "ebitda": 1271517000, "ebitdaratio": 0.6255221429, "operatingIncome": 692305000, "operatingIncomeRatio": 0.3405790934, "totalOtherIncomeExpensesNet": -31172000, "incomeBeforeTax": 179807000, "incomeBeforeTaxRatio": 0.0884559624, "incomeTaxExpense": 8347000, "netIncome": 171077000, "netIncomeRatio": 0.0841612433, "eps": 0.52, "epsdiluted": 0.52, "weightedAverageShsOut": 283821000, "weightedAverageShsOutDil": 285947000, "link": "https://www.sec.gov/Archives/edgar/data/1051470/000105147012000007/0001051470-12-000007-index.htm", "finalLink": "https://www.sec.gov/Archives/edgar/data/1051470/000105147012000007/cci10-k123111.htm", "calculatedOtherExpenses": 578546000, "calculatedOperatingExpenses": 752039000, "calculatedNetInterest": -506921000, "calculatedOtherIncome": -5577000, "calculatedIncomeNonControlling": 383000, "calculatedEbitda": 1245256000}, {"date": "2010-12-31", "symbol": "CCI", "reportedCurrency": "USD", "cik": "0001051470", "fillingDate": "2011-02-15", "acceptedDate": "2011-02-15 16:18:14", "calendarYear": "2010", "period": "FY", "revenue": 1878658000, "costOfRevenue": 581377000, "grossProfit": 1297281000, "grossProfitRatio": 0.6905360103, "researchAndDevelopmentExpenses": 0, "generalAndAdministrativeExpenses": 165356000, "sellingAndMarketingExpenses": 0, "sellingGeneralAndAdministrativeExpenses": 165356000, "otherExpenses": 540771000, "operatingExpenses": 706127000, "costAndExpenses": 1287504000, "interestIncome": 1601000, "interestExpense": 490269000, "depreciationAndAmortization": 540771000, "ebitda": 1133526000, "ebitdaratio": 0.6033700652, "operatingIncome": 575365000, "operatingIncomeRatio": 0.306263833, "totalOtherIncomeExpensesNet": -440591000, "incomeBeforeTax": -338105000, "incomeBeforeTaxRatio": -0.1799715542, "incomeTaxExpense": -26846000, "netIncome": -310940000, "netIncomeRatio": -0.1655117642, "eps": -1.08, "epsdiluted": -1.08, "weightedAverageShsOut": 286764000, "weightedAverageShsOutDil": 286764000, "link": "https://www.sec.gov/Archives/edgar/data/1051470/000144530511000263/0001445305-11-000263-index.htm", "finalLink": "https://www.sec.gov/Archives/edgar/data/1051470/000144530511000263/cci10k123110.htm", "calculatedOtherExpenses": 556560000, "calculatedOperatingExpenses": 721916000, "calculatedNetInterest": -488668000, "calculatedOtherIncome": -424802000, "calculatedIncomeNonControlling": -319000, "calculatedEbitda": 1116136000}, {"date": "2009-12-31", "symbol": "CCI", "reportedCurrency": "USD", "cik": "0001051470", "fillingDate": "2010-02-16", "acceptedDate": "2010-02-16 06:32:22", "calendarYear": "2009", "period": "FY", "revenue": 1685407000, "costOfRevenue": 549368000, "grossProfit": 1136039000, "grossProfitRatio": 0.674044311, "researchAndDevelopmentExpenses": 0, "generalAndAdministrativeExpenses": 153072000, "sellingAndMarketingExpenses": 0, "sellingGeneralAndAdministrativeExpenses": 153072000, "otherExpenses": 529739000, "operatingExpenses": 682811000, "costAndExpenses": 1232179000, "interestIncome": 5413000, "interestExpense": 445882000, "depreciationAndAmortization": 529739000, "ebitda": 988380000, "ebitdaratio": 0.5864340186, "operatingIncome": 433991000, "operatingIncomeRatio": 0.2574992272, "totalOtherIncomeExpensesNet": -203282000, "incomeBeforeTax": -190523000, "incomeBeforeTaxRatio": -0.113042725, "incomeTaxExpense": -76400000, "netIncome": -114332000, "netIncomeRatio": -0.0678364336, "eps": -0.4, "epsdiluted": -0.4, "weightedAverageShsOut": 286622000, "weightedAverageShsOutDil": 286622000, "link": "https://www.sec.gov/Archives/edgar/data/1051470/000119312510031419/0001193125-10-031419-index.htm", "finalLink": "https://www.sec.gov/Archives/edgar/data/1051470/000119312510031419/d10k.htm", "calculatedOtherExpenses": 548976000, "calculatedOperatingExpenses": 702048000, "calculatedNetInterest": -440469000, "calculatedOtherIncome": -184045000, "calculatedIncomeNonControlling": 209000, "calculatedEbitda": 963730000}, {"date": "2008-12-31", "symbol": "CCI", "reportedCurrency": "USD", "cik": "0001051470", "fillingDate": "2009-02-26", "acceptedDate": "2009-02-26 16:36:54", "calendarYear": "2008", "period": "FY", "revenue": 1526504000, "costOfRevenue": 538575000, "grossProfit": 987929000, "grossProfitRatio": 0.6471840231, "researchAndDevelopmentExpenses": 0, "generalAndAdministrativeExpenses": 149586000, "sellingAndMarketingExpenses": 0, "sellingGeneralAndAdministrativeExpenses": 149586000, "otherExpenses": 526442000, "operatingExpenses": 676028000, "costAndExpenses": 1214603000, "interestIncome": 2101000, "interestExpense": 329284000, "depreciationAndAmortization": 526442000, "ebitda": 840444000, "ebitdaratio": 0.5505678334, "operatingIncome": 292509000, "operatingIncomeRatio": 0.1916201988, "totalOtherIncomeExpensesNet": -137937000, "incomeBeforeTax": -153219000, "incomeBeforeTaxRatio": -0.1003724851, "incomeTaxExpense": -104361000, "netIncome": -48858000, "netIncomeRatio": -0.0320064671, "eps": -0.17, "epsdiluted": -0.17, "weightedAverageShsOut": 282007000, "weightedAverageShsOutDil": 282007000, "link": "https://www.sec.gov/Archives/edgar/data/1051470/000119312509039126/0001193125-09-039126-index.htm", "finalLink": "https://www.sec.gov/Archives/edgar/data/1051470/000119312509039126/d10k.htm", "calculatedOtherExpenses": 545834000, "calculatedOperatingExpenses": 695420000, "calculatedNetInterest": -327183000, "calculatedOtherIncome": -118545000, "calculatedIncomeNonControlling": 0, "calculatedEbitda": 818951000}, {"date": "2007-12-31", "symbol": "CCI", "reportedCurrency": "USD", "cik": "0001051470", "fillingDate": "2008-02-27", "acceptedDate": "2008-02-26 17:57:19", "calendarYear": "2007", "period": "FY", "revenue": 1385486000, "costOfRevenue": 509084000, "grossProfit": 876402000, "grossProfitRatio": 0.6325592608, "researchAndDevelopmentExpenses": 0, "generalAndAdministrativeExpenses": 104532000, "sellingAndMarketingExpenses": 38314000, "sellingGeneralAndAdministrativeExpenses": 142846000, "otherExpenses": 605419000, "operatingExpenses": 748265000, "costAndExpenses": 1257349000, "interestIncome": 0, "interestExpense": -1629000, "depreciationAndAmortization": 560553000, "ebitda": 859843000, "ebitdaratio": 0.620607498, "operatingIncome": 99528000, "operatingIncomeRatio": 0.0718361643, "totalOtherIncomeExpensesNet": -169747000, "incomeBeforeTax": -317003000, "incomeBeforeTaxRatio": -0.228802745, "incomeTaxExpense": -94039000, "netIncome": -222813000, "netIncomeRatio": -0.1608193803, "eps": -0.8, "epsdiluted": -0.8, "weightedAverageShsOut": 279937000, "weightedAverageShsOutDil": 279937000, "link": "https://www.sec.gov/Archives/edgar/data/1051470/000119312508038926/0001193125-08-038926-index.htm", "finalLink": "https://www.sec.gov/Archives/edgar/data/1051470/000119312508038926/d10k.htm", "calculatedOtherExpenses": 634028000, "calculatedOperatingExpenses": 776874000, "calculatedNetInterest": 1629000, "calculatedOtherIncome": -418160000, "calculatedIncomeNonControlling": -151000, "calculatedEbitda": 660081000}, {"date": "2006-12-31", "symbol": "CCI", "reportedCurrency": "USD", "cik": "0001051470", "fillingDate": "2007-02-28", "acceptedDate": "2007-02-28 17:13:16", "calendarYear": "2006", "period": "FY", "revenue": 788221000, "costOfRevenue": 272961000, "grossProfit": 515260000, "grossProfitRatio": 0.6536999141, "researchAndDevelopmentExpenses": 0, "generalAndAdministrativeExpenses": 95751000, "sellingAndMarketingExpenses": 0, "sellingGeneralAndAdministrativeExpenses": 95751000, "otherExpenses": 288189000, "operatingExpenses": 383940000, "costAndExpenses": 656901000, "interestIncome": 0, "interestExpense": -1629000, "depreciationAndAmortization": 293844000, "ebitda": 443845000, "ebitdaratio": 0.5630971517, "operatingIncome": 121427000, "operatingIncomeRatio": 0.1540519727, "totalOtherIncomeExpensesNet": -18681000, "incomeBeforeTax": -48373000, "incomeBeforeTaxRatio": -0.0613698442, "incomeTaxExpense": 843000, "netIncome": -41893000, "netIncomeRatio": -0.0531487996, "eps": -0.2, "epsdiluted": -0.2, "weightedAverageShsOut": 207245000, "weightedAverageShsOutDil": 207245000, "link": "https://www.sec.gov/Archives/edgar/data/1051470/000119312507042810/0001193125-07-042810-index.htm", "finalLink": "https://www.sec.gov/Archives/edgar/data/1051470/000119312507042810/d10k.htm", "calculatedOtherExpenses": 298082000, "calculatedOperatingExpenses": 393833000, "calculatedNetInterest": 1629000, "calculatedOtherIncome": -171429000, "calculatedIncomeNonControlling": -7323000, "calculatedEbitda": 415271000}, {"date": "2005-12-31", "symbol": "CCI", "reportedCurrency": "USD", "cik": "0001051470", "fillingDate": "2006-03-24", "acceptedDate": "2006-03-24 11:59:09", "calendarYear": "2005", "period": "FY", "revenue": 676759000, "costOfRevenue": 251985000, "grossProfit": 424774000, "grossProfitRatio": 0.6276591815, "researchAndDevelopmentExpenses": 3896000, "generalAndAdministrativeExpenses": 105763000, "sellingAndMarketingExpenses": 0, "sellingGeneralAndAdministrativeExpenses": 105763000, "otherExpenses": 284043000, "operatingExpenses": 393702000, "costAndExpenses": 645687000, "interestIncome": 0, "interestExpense": -282443000, "depreciationAndAmortization": 287864000, "ebitda": 612781000, "ebitdaratio": 0.9054641312, "operatingIncome": 22595000, "operatingIncomeRatio": 0.0333870698, "totalOtherIncomeExpensesNet": -293845000, "incomeBeforeTax": -390129000, "incomeBeforeTaxRatio": -0.5764666595, "incomeTaxExpense": 3225000, "netIncome": -401537000, "netIncomeRatio": -0.5933234726, "eps": -1.84, "epsdiluted": -1.84, "weightedAverageShsOut": 217759000, "weightedAverageShsOutDil": 217759000, "link": "https://www.sec.gov/Archives/edgar/data/1051470/000119312506062600/0001193125-06-062600-index.htm", "finalLink": "https://www.sec.gov/Archives/edgar/data/1051470/000119312506062600/d10k.htm", "calculatedOtherExpenses": 292520000, "calculatedOperatingExpenses": 402179000, "calculatedNetInterest": 282443000, "calculatedOtherIncome": -695167000, "calculatedIncomeNonControlling": 8183000, "calculatedEbitda": 310459000}, {"date": "2004-12-31", "symbol": "CCI", "reportedCurrency": "USD", "cik": "0001051470", "fillingDate": "2005-03-29", "acceptedDate": "2005-03-29 16:54:50", "calendarYear": "2004", "period": "FY", "revenue": 603865000, "costOfRevenue": 230915000, "grossProfit": 372950000, "grossProfitRatio": 0.6176049283, "researchAndDevelopmentExpenses": 1455000, "generalAndAdministrativeExpenses": 90230000, "sellingAndMarketingExpenses": 15947000, "sellingGeneralAndAdministrativeExpenses": 106177000, "otherExpenses": 291638000, "operatingExpenses": 399270000, "costAndExpenses": 630185000, "interestIncome": 0, "interestExpense": -78508000, "depreciationAndAmortization": 293498000, "ebitda": 275700000, "ebitdaratio": 0.4565589991, "operatingIncome": -27190000, "operatingIncomeRatio": -0.0450266202, "totalOtherIncomeExpensesNet": -8522000, "incomeBeforeTax": -312468000, "incomeBeforeTaxRatio": -0.5174467803, "incomeTaxExpense": -5370000, "netIncome": 235110000, "netIncomeRatio": 0.3893419887, "eps": 0.88, "epsdiluted": 0.88, "weightedAverageShsOut": 221693000, "weightedAverageShsOutDil": 221693000, "link": "https://www.sec.gov/Archives/edgar/data/1051470/000119312505063494/0001193125-05-063494-index.htm", "finalLink": "https://www.sec.gov/Archives/edgar/data/1051470/000119312505063494/d10k.htm", "calculatedOtherExpenses": 292508000, "calculatedOperatingExpenses": 400140000, "calculatedNetInterest": 78508000, "calculatedOtherIncome": -363786000, "calculatedIncomeNonControlling": -542208000, "calculatedEbitda": 266308000}, {"date": "2003-12-31", "symbol": "CCI", "reportedCurrency": "USD", "cik": "0001051470", "fillingDate": "2004-03-10", "acceptedDate": "2004-03-10 10:30:42", "calendarYear": "2003", "period": "FY", "revenue": 930348000, "costOfRevenue": 417779000, "grossProfit": 512569000, "grossProfitRatio": 0.5509433029, "researchAndDevelopmentExpenses": 5564000, "generalAndAdministrativeExpenses": 94888000, "sellingAndMarketingExpenses": 20654000, "sellingGeneralAndAdministrativeExpenses": 115542000, "otherExpenses": 338469000, "operatingExpenses": 459575000, "costAndExpenses": 877354000, "interestIncome": 0, "interestExpense": -148474000, "depreciationAndAmortization": 397592000, "ebitda": 466194000, "ebitdaratio": 0.5010963639, "operatingIncome": 51703000, "operatingIncomeRatio": 0.0555738283, "totalOtherIncomeExpensesNet": -15608000, "incomeBeforeTax": -386418000, "incomeBeforeTaxRatio": -0.4153478053, "incomeTaxExpense": 7518000, "netIncome": -398365000, "netIncomeRatio": -0.4281892367, "eps": -1.84, "epsdiluted": -1.84, "weightedAverageShsOut": 216947000, "weightedAverageShsOutDil": 216947000, "link": "https://www.sec.gov/Archives/edgar/data/1051470/000119312504037856/0001193125-04-037856-index.htm", "finalLink": "https://www.sec.gov/Archives/edgar/data/1051470/000119312504037856/d10k.htm", "calculatedOtherExpenses": 339760000, "calculatedOperatingExpenses": 460866000, "calculatedNetInterest": 148474000, "calculatedOtherIncome": -586595000, "calculatedIncomeNonControlling": 4429000, "calculatedEbitda": 449295000}, {"date": "2002-12-31", "symbol": "CCI", "reportedCurrency": "USD", "cik": "0001051470", "fillingDate": "2003-03-26", "acceptedDate": "2003-03-26 17:04:32", "calendarYear": "2002", "period": "FY", "revenue": 901533000, "costOfRevenue": 446199000, "grossProfit": 455334000, "grossProfitRatio": 0.5050663703, "researchAndDevelopmentExpenses": 7483000, "generalAndAdministrativeExpenses": 0, "sellingAndMarketingExpenses": 0, "sellingGeneralAndAdministrativeExpenses": 99571000, "otherExpenses": 357724000, "operatingExpenses": 464778000, "costAndExpenses": 910977000, "interestIncome": 0, "interestExpense": 0, "depreciationAndAmortization": 396495000, "ebitda": 459994000, "ebitdaratio": 0.5102353436, "operatingIncome": -26591000, "operatingIncomeRatio": -0.0294953152, "totalOtherIncomeExpensesNet": -72943000, "incomeBeforeTax": -262743000, "incomeBeforeTaxRatio": -0.2914402468, "incomeTaxExpense": 12276000, "netIncome": -272521000, "netIncomeRatio": -0.3022862169, "eps": -1.25, "epsdiluted": -1.25, "weightedAverageShsOut": 218028000, "weightedAverageShsOutDil": 218028000, "link": "https://www.sec.gov/Archives/edgar/data/1051470/000089924303000641/0000899243-03-000641-index.htm", "finalLink": "https://www.sec.gov/Archives/edgar/data/1051470/000089924303000641/d10k.txt", "calculatedOtherExpenses": 374871000, "calculatedOperatingExpenses": 481925000, "calculatedNetInterest": 0, "calculatedOtherIncome": -236152000, "calculatedIncomeNonControlling": -2498000, "calculatedEbitda": 369904000}, {"date": "2001-12-31", "symbol": "CCI", "reportedCurrency": "USD", "cik": "0001051470", "fillingDate": "2002-04-01", "acceptedDate": "2002-04-01 00:00:00", "calendarYear": "2001", "period": "FY", "revenue": 898951000, "costOfRevenue": 467233000, "grossProfit": 431718000, "grossProfitRatio": 0.4802464206, "researchAndDevelopmentExpenses": 12337000, "generalAndAdministrativeExpenses": 108651000, "sellingAndMarketingExpenses": 0, "sellingGeneralAndAdministrativeExpenses": 108651000, "otherExpenses": 353413000, "operatingExpenses": 474401000, "costAndExpenses": 941634000, "interestIncome": 0, "interestExpense": 0, "depreciationAndAmortization": 420244000, "ebitda": 421899000, "ebitdaratio": 0.4693236895, "operatingIncome": -62099000, "operatingIncomeRatio": -0.0690794048, "totalOtherIncomeExpensesNet": -44338000, "incomeBeforeTax": -350995000, "incomeBeforeTaxRatio": -0.3904495351, "incomeTaxExpense": 16478000, "netIncome": -366167000, "netIncomeRatio": -0.4073269845, "eps": -1.71, "epsdiluted": -1.71, "weightedAverageShsOut": 214246000, "weightedAverageShsOutDil": 214246000, "link": "https://www.sec.gov/Archives/edgar/data/1051470/000089924302000902/0000899243-02-000902-index.htm", "finalLink": "https://www.sec.gov/Archives/edgar/data/1051470/000089924302000902/d10k.txt", "calculatedOtherExpenses": 372829000, "calculatedOperatingExpenses": 493817000, "calculatedNetInterest": 0, "calculatedOtherIncome": -288896000, "calculatedIncomeNonControlling": -1306000, "calculatedEbitda": 358145000}, {"date": "2000-12-31", "symbol": "CCI", "reportedCurrency": "USD", "cik": "0001051470", "fillingDate": "2001-03-30", "acceptedDate": "2001-03-30 00:00:00", "calendarYear": "2000", "period": "FY", "revenue": 649165000, "costOfRevenue": 233597000, "grossProfit": 415568000, "grossProfitRatio": 0.6401577411, "researchAndDevelopmentExpenses": 10489000, "generalAndAdministrativeExpenses": 80071000, "sellingAndMarketingExpenses": 0, "sellingGeneralAndAdministrativeExpenses": 80071000, "otherExpenses": 319799000, "operatingExpenses": 410359000, "costAndExpenses": 643956000, "interestIncome": 0, "interestExpense": 0, "depreciationAndAmortization": 319799000, "ebitda": 325008000, "ebitdaratio": 0.5006554574, "operatingIncome": 5209000, "operatingIncomeRatio": 0.0080241541, "totalOtherIncomeExpensesNet": -208254000, "incomeBeforeTax": -203045000, "incomeBeforeTaxRatio": -0.3127787234, "incomeTaxExpense": 246000, "netIncome": -204786000, "netIncomeRatio": -0.3154606302, "eps": -1.15, "epsdiluted": -1.15, "weightedAverageShsOut": 178588000, "weightedAverageShsOutDil": 178588000, "link": "https://www.sec.gov/Archives/edgar/data/1051470/000089924301000756/0000899243-01-000756-index.htm", "finalLink": "https://www.sec.gov/Archives/edgar/data/1051470/000089924301000756/0000899243-01-000756-0001.txt", "calculatedOtherExpenses": 319799000, "calculatedOperatingExpenses": 410359000, "calculatedNetInterest": 0, "calculatedOtherIncome": -208254000, "calculatedIncomeNonControlling": 1495000, "calculatedEbitda": 325008000}, {"date": "1999-12-31", "symbol": "CCI", "reportedCurrency": "USD", "cik": "0001051470", "fillingDate": "2000-03-30", "acceptedDate": "2000-03-30 00:00:00", "calendarYear": "1999", "period": "FY", "revenue": 345800000, "costOfRevenue": 106800000, "grossProfit": 239000000, "grossProfitRatio": 0.6911509543, "researchAndDevelopmentExpenses": 5400000, "generalAndAdministrativeExpenses": 43800000, "sellingAndMarketingExpenses": 0, "sellingGeneralAndAdministrativeExpenses": 43800000, "otherExpenses": 180000000, "operatingExpenses": 229200000, "costAndExpenses": 336000000, "interestIncome": 0, "interestExpense": 0, "depreciationAndAmortization": 180000000, "ebitda": 197600000, "ebitdaratio": 0.5714285714, "operatingIncome": 9800000, "operatingIncomeRatio": 0.028340081, "totalOtherIncomeExpensesNet": -7800000, "incomeBeforeTax": -94000000, "incomeBeforeTaxRatio": -0.2718334297, "incomeTaxExpense": 300000, "netIncome": -96700000, "netIncomeRatio": -0.2796414112, "eps": -0.74, "epsdiluted": -0.74, "weightedAverageShsOut": 131466000, "weightedAverageShsOutDil": 131466000, "link": "https://www.sec.gov/Archives/edgar/data/1051470/000089924300000662/0000899243-00-000662-index.html", "finalLink": "https://www.sec.gov/Archives/edgar/data/1051470/000089924300000662/", "calculatedOtherExpenses": 180000000, "calculatedOperatingExpenses": 229200000, "calculatedNetInterest": 0, "calculatedOtherIncome": -103800000, "calculatedIncomeNonControlling": 2400000, "calculatedEbitda": 189800000}, {"date": "1998-12-31", "symbol": "CCI", "reportedCurrency": "USD", "cik": "0001051470", "fillingDate": "1999-03-17", "acceptedDate": "1999-03-17 00:00:00", "calendarYear": "1998", "period": "FY", "revenue": 113100000, "costOfRevenue": 29900000, "grossProfit": 83200000, "grossProfitRatio": 0.7356321839, "researchAndDevelopmentExpenses": 4600000, "generalAndAdministrativeExpenses": 23600000, "sellingAndMarketingExpenses": 0, "sellingGeneralAndAdministrativeExpenses": 23600000, "otherExpenses": 55100000, "operatingExpenses": 83300000, "costAndExpenses": 113200000, "interestIncome": 0, "interestExpense": 0, "depreciationAndAmortization": 55100000, "ebitda": 61500000, "ebitdaratio": 0.5437665782, "operatingIncome": -100000, "operatingIncomeRatio": -0.0008841733, "totalOtherIncomeExpensesNet": -6500000, "incomeBeforeTax": -37400000, "incomeBeforeTaxRatio": -0.3306808134, "incomeTaxExpense": 400000, "netIncome": -37800000, "netIncomeRatio": -0.3342175066, "eps": -0.89, "epsdiluted": -0.89, "weightedAverageShsOut": 42518000, "weightedAverageShsOutDil": 42518000, "link": "https://www.sec.gov/Archives/edgar/data/1051470/000095013099001474/0000950130-99-001474-index.html", "finalLink": "https://www.sec.gov/Archives/edgar/data/1051470/", "calculatedOtherExpenses": 55100000, "calculatedOperatingExpenses": 83300000, "calculatedNetInterest": 0, "calculatedOtherIncome": -37300000, "calculatedIncomeNonControlling": 0, "calculatedEbitda": 55000000}, {"date": "1997-12-31", "symbol": "CCI", "reportedCurrency": "USD", "cik": "0001051470", "fillingDate": "1997-12-31", "acceptedDate": "1997-12-30 19:00:00", "calendarYear": "1997", "period": "FY", "revenue": 31400000, "costOfRevenue": 13100000, "grossProfit": 18300000, "grossProfitRatio": 0.5828025478, "researchAndDevelopmentExpenses": 5700000, "generalAndAdministrativeExpenses": 6800000, "sellingAndMarketingExpenses": 0, "sellingGeneralAndAdministrativeExpenses": 6800000, "otherExpenses": 9200000, "operatingExpenses": 21700000, "costAndExpenses": 34800000, "interestIncome": 0, "interestExpense": 0, "depreciationAndAmortization": 9200000, "ebitda": 4900000, "ebitdaratio": 0.1560509554, "operatingIncome": -3400000, "operatingIncomeRatio": -0.1082802548, "totalOtherIncomeExpensesNet": 900000, "incomeBeforeTax": -2500000, "incomeBeforeTaxRatio": -0.0796178344, "incomeTaxExpense": 8500000, "netIncome": -11900000, "netIncomeRatio": -0.3789808917, "eps": -1.92, "epsdiluted": -1.92, "weightedAverageShsOut": 6211454, "weightedAverageShsOutDil": 6211454, "link": "", "finalLink": "", "calculatedOtherExpenses": 9200000, "calculatedOperatingExpenses": 21700000, "calculatedNetInterest": 0, "calculatedOtherIncome": 900000, "calculatedIncomeNonControlling": 900000, "calculatedEbitda": 5800000}]}