{"originalCurrency": "USD", "convertedCurrency": "USD", "report": [{"date": "2023-12-31", "symbol": "CCK", "reportedCurrency": "USD", "cik": "0001219601", "fillingDate": "2024-02-27", "acceptedDate": "2024-02-27 13:48:50", "calendarYear": "2023", "period": "FY", "revenue": 12001000000, "costOfRevenue": 10079000000, "grossProfit": 1922000000, "grossProfitRatio": 0.1601533206, "researchAndDevelopmentExpenses": 33000000, "generalAndAdministrativeExpenses": 631000000, "sellingAndMarketingExpenses": -82000000, "sellingGeneralAndAdministrativeExpenses": 549000000, "otherExpenses": 0, "operatingExpenses": 582000000, "costAndExpenses": 10661000000, "interestIncome": 53000000, "interestExpense": 436000000, "depreciationAndAmortization": 499000000, "ebitda": 1839000000, "ebitdaratio": 0.1532372302, "operatingIncome": 1340000000, "operatingIncomeRatio": 0.1116573619, "totalOtherIncomeExpensesNet": -545000000, "incomeBeforeTax": 795000000, "incomeBeforeTaxRatio": 0.0662444796, "incomeTaxExpense": 222000000, "netIncome": 450000000, "netIncomeRatio": 0.0374968753, "eps": 3.77, "epsdiluted": 3.76, "weightedAverageShsOut": 119410000, "weightedAverageShsOutDil": 119670000, "link": "https://www.sec.gov/Archives/edgar/data/1219601/000121960124000009/0001219601-24-000009-index.htm", "finalLink": "https://www.sec.gov/Archives/edgar/data/1219601/000121960124000009/cck-20231231.htm", "calculatedOtherExpenses": 0, "calculatedOperatingExpenses": 582000000, "calculatedNetInterest": -383000000, "calculatedOtherIncome": -162000000, "calculatedIncomeNonControlling": 123000000, "calculatedEbitda": 1839000000}, {"date": "2022-12-31", "symbol": "CCK", "reportedCurrency": "USD", "cik": "0001219601", "fillingDate": "2023-02-27", "acceptedDate": "2023-02-27 13:17:01", "calendarYear": "2022", "period": "FY", "revenue": 12943000000, "costOfRevenue": 10643000000, "grossProfit": 2300000000, "grossProfitRatio": 0.1777022329, "researchAndDevelopmentExpenses": 34000000, "generalAndAdministrativeExpenses": 539000000, "sellingAndMarketingExpenses": 17000000, "sellingGeneralAndAdministrativeExpenses": 556000000, "otherExpenses": 460000000, "operatingExpenses": 1016000000, "costAndExpenses": 11659000000, "interestIncome": 15000000, "interestExpense": 284000000, "depreciationAndAmortization": 439000000, "ebitda": 1775000000, "ebitdaratio": 0.1371397667, "operatingIncome": 1336000000, "operatingIncomeRatio": 0.1032218187, "totalOtherIncomeExpensesNet": -280000000, "incomeBeforeTax": 1056000000, "incomeBeforeTaxRatio": 0.0815885034, "incomeTaxExpense": 243000000, "netIncome": 727000000, "netIncomeRatio": 0.056169358, "eps": 6.02, "epsdiluted": 5.99, "weightedAverageShsOut": 120860000, "weightedAverageShsOutDil": 121380000, "link": "https://www.sec.gov/Archives/edgar/data/1219601/000121960123000008/0001219601-23-000008-index.htm", "finalLink": "https://www.sec.gov/Archives/edgar/data/1219601/000121960123000008/cck-20221231.htm", "calculatedOtherExpenses": 374000000, "calculatedOperatingExpenses": 964000000, "calculatedNetInterest": -269000000, "calculatedOtherIncome": -11000000, "calculatedIncomeNonControlling": 86000000, "calculatedEbitda": 1775000000}, {"date": "2021-12-31", "symbol": "CCK", "reportedCurrency": "USD", "cik": "0001219601", "fillingDate": "2022-02-28", "acceptedDate": "2022-02-28 10:35:18", "calendarYear": "2021", "period": "FY", "revenue": 11394000000, "costOfRevenue": 9029000000, "grossProfit": 2365000000, "grossProfitRatio": 0.2075653853, "researchAndDevelopmentExpenses": 47000000, "generalAndAdministrativeExpenses": 578000000, "sellingAndMarketingExpenses": 583000000, "sellingGeneralAndAdministrativeExpenses": 578000000, "otherExpenses": 447000000, "operatingExpenses": 1025000000, "costAndExpenses": 10054000000, "interestIncome": 9000000, "interestExpense": 253000000, "depreciationAndAmortization": 463000000, "ebitda": 292000000, "ebitdaratio": 0.0256275233, "operatingIncome": -171000000, "operatingIncomeRatio": -0.0150078989, "totalOtherIncomeExpensesNet": -248000000, "incomeBeforeTax": -419000000, "incomeBeforeTaxRatio": -0.0367737406, "incomeTaxExpense": -57000000, "netIncome": -362000000, "netIncomeRatio": -0.0317711076, "eps": -2.78, "epsdiluted": -2.78, "weightedAverageShsOut": 130380000, "weightedAverageShsOutDil": 130380000, "link": "https://www.sec.gov/Archives/edgar/data/1219601/000121960122000011/0001219601-22-000011-index.htm", "finalLink": "https://www.sec.gov/Archives/edgar/data/1219601/000121960122000011/cck-20211231.htm", "calculatedOtherExpenses": 1911000000, "calculatedOperatingExpenses": 2536000000, "calculatedNetInterest": -244000000, "calculatedOtherIncome": -4000000, "calculatedIncomeNonControlling": 0, "calculatedEbitda": 292000000}, {"date": "2020-12-31", "symbol": "CCK", "reportedCurrency": "USD", "cik": "0001219601", "fillingDate": "2021-02-26", "acceptedDate": "2021-02-26 14:20:14", "calendarYear": "2020", "period": "FY", "revenue": 11575000000, "costOfRevenue": 9182000000, "grossProfit": 2393000000, "grossProfitRatio": 0.2067386609, "researchAndDevelopmentExpenses": 48000000, "generalAndAdministrativeExpenses": 593000000, "sellingAndMarketingExpenses": 533000000, "sellingGeneralAndAdministrativeExpenses": 593000000, "otherExpenses": 481000000, "operatingExpenses": 1074000000, "costAndExpenses": 10256000000, "interestIncome": 8000000, "interestExpense": 300000000, "depreciationAndAmortization": 478000000, "ebitda": 1742000000, "ebitdaratio": 0.1504967603, "operatingIncome": 1264000000, "operatingIncomeRatio": 0.1092008639, "totalOtherIncomeExpensesNet": -338000000, "incomeBeforeTax": 926000000, "incomeBeforeTaxRatio": 0.08, "incomeTaxExpense": 244000000, "netIncome": 579000000, "netIncomeRatio": 0.0500215983, "eps": 4.34, "epsdiluted": 4.3, "weightedAverageShsOut": 133530000, "weightedAverageShsOutDil": 134560000, "link": "https://www.sec.gov/Archives/edgar/data/1219601/000121960121000005/0001219601-21-000005-index.htm", "finalLink": "https://www.sec.gov/Archives/edgar/data/1219601/000121960121000005/cck-20201231.htm", "calculatedOtherExpenses": 488000000, "calculatedOperatingExpenses": 1129000000, "calculatedNetInterest": -292000000, "calculatedOtherIncome": -46000000, "calculatedIncomeNonControlling": 103000000, "calculatedEbitda": 1742000000}, {"date": "2019-12-31", "symbol": "CCK", "reportedCurrency": "USD", "cik": "0001219601", "fillingDate": "2020-02-28", "acceptedDate": "2020-02-28 13:05:42", "calendarYear": "2019", "period": "FY", "revenue": 11665000000, "costOfRevenue": 9349000000, "grossProfit": 2316000000, "grossProfitRatio": 0.1985426489, "researchAndDevelopmentExpenses": 55000000, "generalAndAdministrativeExpenses": 614000000, "sellingAndMarketingExpenses": 0, "sellingGeneralAndAdministrativeExpenses": 614000000, "otherExpenses": 490000000, "operatingExpenses": 1104000000, "costAndExpenses": 10453000000, "interestIncome": 17000000, "interestExpense": 378000000, "depreciationAndAmortization": 493000000, "ebitda": 1689000000, "ebitdaratio": 0.1447921132, "operatingIncome": 1196000000, "operatingIncomeRatio": 0.1025289327, "totalOtherIncomeExpensesNet": -410000000, "incomeBeforeTax": 786000000, "incomeBeforeTaxRatio": 0.0673810544, "incomeTaxExpense": 166000000, "netIncome": 510000000, "netIncomeRatio": 0.0437205315, "eps": 3.81, "epsdiluted": 3.78, "weightedAverageShsOut": 133889999, "weightedAverageShsOutDil": 134880000, "link": "https://www.sec.gov/Archives/edgar/data/1219601/000121960120000006/0001219601-20-000006-index.htm", "finalLink": "https://www.sec.gov/Archives/edgar/data/1219601/000121960120000006/cck-12312019x10xk.htm", "calculatedOtherExpenses": 451000000, "calculatedOperatingExpenses": 1120000000, "calculatedNetInterest": -361000000, "calculatedOtherIncome": -49000000, "calculatedIncomeNonControlling": 110000000, "calculatedEbitda": 1689000000}, {"date": "2018-12-31", "symbol": "CCK", "reportedCurrency": "USD", "cik": "0001219601", "fillingDate": "2019-02-28", "acceptedDate": "2019-02-28 15:36:12", "calendarYear": "2018", "period": "FY", "revenue": 11151000000, "costOfRevenue": 9028000000, "grossProfit": 2123000000, "grossProfitRatio": 0.1903865124, "researchAndDevelopmentExpenses": 51000000, "generalAndAdministrativeExpenses": 533000000, "sellingAndMarketingExpenses": 0, "sellingGeneralAndAdministrativeExpenses": 533000000, "otherExpenses": 25000000, "operatingExpenses": 958000000, "costAndExpenses": 9986000000, "interestIncome": 21000000, "interestExpense": 384000000, "depreciationAndAmortization": 425000000, "ebitda": 1611000000, "ebitdaratio": 0.1444713479, "operatingIncome": 1096000000, "operatingIncomeRatio": 0.0982871491, "totalOtherIncomeExpensesNet": -62000000, "incomeBeforeTax": 740000000, "incomeBeforeTaxRatio": 0.0663617613, "incomeTaxExpense": 216000000, "netIncome": 439000000, "netIncomeRatio": 0.0393686665, "eps": 3.28, "epsdiluted": 3.28, "weightedAverageShsOut": 133640000, "weightedAverageShsOutDil": 133880000, "link": "https://www.sec.gov/Archives/edgar/data/1219601/000121960119000005/0001219601-19-000005-index.htm", "finalLink": "https://www.sec.gov/Archives/edgar/data/1219601/000121960119000005/cck-12312018x10xk.htm", "calculatedOtherExpenses": 443000000, "calculatedOperatingExpenses": 1027000000, "calculatedNetInterest": -363000000, "calculatedOtherIncome": 7000000, "calculatedIncomeNonControlling": 85000000, "calculatedEbitda": 1521000000}, {"date": "2017-12-31", "symbol": "CCK", "reportedCurrency": "USD", "cik": "0001219601", "fillingDate": "2018-02-26", "acceptedDate": "2018-02-26 13:26:39", "calendarYear": "2017", "period": "FY", "revenue": 8698000000, "costOfRevenue": 7006000000, "grossProfit": 1692000000, "grossProfitRatio": 0.1945274776, "researchAndDevelopmentExpenses": 39000000, "generalAndAdministrativeExpenses": 314000000, "sellingAndMarketingExpenses": 0, "sellingGeneralAndAdministrativeExpenses": 314000000, "otherExpenses": 53000000, "operatingExpenses": 564000000, "costAndExpenses": 7570000000, "interestIncome": 15000000, "interestExpense": 252000000, "depreciationAndAmortization": 247000000, "ebitda": 1390000000, "ebitdaratio": 0.1598068521, "operatingIncome": 1024000000, "operatingIncomeRatio": 0.1177282134, "totalOtherIncomeExpensesNet": -62000000, "incomeBeforeTax": 829000000, "incomeBeforeTaxRatio": 0.0953092665, "incomeTaxExpense": 401000000, "netIncome": 323000000, "netIncomeRatio": 0.0371349736, "eps": 2.39, "epsdiluted": 2.38, "weightedAverageShsOut": 135290000, "weightedAverageShsOutDil": 135610000, "link": "https://www.sec.gov/Archives/edgar/data/1219601/000121960118000009/0001219601-18-000009-index.htm", "finalLink": "https://www.sec.gov/Archives/edgar/data/1219601/000121960118000009/cck-12312017x10xk.htm", "calculatedOtherExpenses": 315000000, "calculatedOperatingExpenses": 668000000, "calculatedNetInterest": -237000000, "calculatedOtherIncome": 42000000, "calculatedIncomeNonControlling": 105000000, "calculatedEbitda": 1271000000}, {"date": "2016-12-31", "symbol": "CCK", "reportedCurrency": "USD", "cik": "0001219601", "fillingDate": "2017-02-24", "acceptedDate": "2017-02-24 14:14:42", "calendarYear": "2016", "period": "FY", "revenue": 8284000000, "costOfRevenue": 6583000000, "grossProfit": 1701000000, "grossProfitRatio": 0.2053355867, "researchAndDevelopmentExpenses": 41000000, "generalAndAdministrativeExpenses": 368000000, "sellingAndMarketingExpenses": 0, "sellingGeneralAndAdministrativeExpenses": 368000000, "otherExpenses": 268000000, "operatingExpenses": 636000000, "costAndExpenses": 7219000000, "interestIncome": 12000000, "interestExpense": 243000000, "depreciationAndAmortization": 247000000, "ebitda": 1324000000, "ebitdaratio": 0.1598261709, "operatingIncome": 1021000000, "operatingIncomeRatio": 0.1232496379, "totalOtherIncomeExpensesNet": -65000000, "incomeBeforeTax": 769000000, "incomeBeforeTaxRatio": 0.0928295509, "incomeTaxExpense": 186000000, "netIncome": 496000000, "netIncomeRatio": 0.0598744568, "eps": 3.58, "epsdiluted": 3.56, "weightedAverageShsOut": 138500000, "weightedAverageShsOutDil": 139300000, "link": "https://www.sec.gov/Archives/edgar/data/1219601/000121960117000009/0001219601-17-000009-index.htm", "finalLink": "https://www.sec.gov/Archives/edgar/data/1219601/000121960117000009/cck-12312016x10xk.htm", "calculatedOtherExpenses": 271000000, "calculatedOperatingExpenses": 680000000, "calculatedNetInterest": -231000000, "calculatedOtherIncome": -21000000, "calculatedIncomeNonControlling": 87000000, "calculatedEbitda": 1268000000}, {"date": "2015-12-31", "symbol": "CCK", "reportedCurrency": "USD", "cik": "0001219601", "fillingDate": "2016-02-29", "acceptedDate": "2016-02-29 11:50:56", "calendarYear": "2015", "period": "FY", "revenue": 8762000000, "costOfRevenue": 7116000000, "grossProfit": 1646000000, "grossProfitRatio": 0.1878566537, "researchAndDevelopmentExpenses": 39000000, "generalAndAdministrativeExpenses": 390000000, "sellingAndMarketingExpenses": 0, "sellingGeneralAndAdministrativeExpenses": 390000000, "otherExpenses": 263000000, "operatingExpenses": 653000000, "costAndExpenses": 7769000000, "interestIncome": 11000000, "interestExpense": 270000000, "depreciationAndAmortization": 237000000, "ebitda": 1241000000, "ebitdaratio": 0.1416343301, "operatingIncome": 927000000, "operatingIncomeRatio": 0.1057977631, "totalOtherIncomeExpensesNet": -95000000, "incomeBeforeTax": 639000000, "incomeBeforeTaxRatio": 0.0729285551, "incomeTaxExpense": 178000000, "netIncome": 393000000, "netIncomeRatio": 0.0448527733, "eps": 2.85, "epsdiluted": 2.82, "weightedAverageShsOut": 137937938, "weightedAverageShsOutDil": 139135104, "link": "https://www.sec.gov/Archives/edgar/data/1219601/000121960116000052/0001219601-16-000052-index.htm", "finalLink": "https://www.sec.gov/Archives/edgar/data/1219601/000121960116000052/cck-12312015x10xk.htm", "calculatedOtherExpenses": 290000000, "calculatedOperatingExpenses": 719000000, "calculatedNetInterest": -259000000, "calculatedOtherIncome": -29000000, "calculatedIncomeNonControlling": 68000000, "calculatedEbitda": 1164000000}, {"date": "2014-12-31", "symbol": "CCK", "reportedCurrency": "USD", "cik": "0001219601", "fillingDate": "2015-03-02", "acceptedDate": "2015-03-02 10:26:25", "calendarYear": "2014", "period": "FY", "revenue": 9097000000, "costOfRevenue": 7525000000, "grossProfit": 1572000000, "grossProfitRatio": 0.1728042212, "researchAndDevelopmentExpenses": 39000000, "generalAndAdministrativeExpenses": 398000000, "sellingAndMarketingExpenses": 0, "sellingGeneralAndAdministrativeExpenses": 398000000, "otherExpenses": 235000000, "operatingExpenses": 633000000, "costAndExpenses": 8158000000, "interestIncome": 7000000, "interestExpense": 253000000, "depreciationAndAmortization": 190000000, "ebitda": 1136000000, "ebitdaratio": 0.1248763329, "operatingIncome": 946000000, "operatingIncomeRatio": 0.1039903265, "totalOtherIncomeExpensesNet": -177000000, "incomeBeforeTax": 516000000, "incomeBeforeTaxRatio": 0.0567219963, "incomeTaxExpense": 41000000, "netIncome": 387000000, "netIncomeRatio": 0.0425414972, "eps": 2.82, "epsdiluted": 2.79, "weightedAverageShsOut": 137225058, "weightedAverageShsOutDil": 138537590, "link": "https://www.sec.gov/Archives/edgar/data/1219601/000121960115000009/0001219601-15-000009-index.htm", "finalLink": "https://www.sec.gov/Archives/edgar/data/1219601/000121960115000009/cck-12312014x10xk.htm", "calculatedOtherExpenses": 189000000, "calculatedOperatingExpenses": 626000000, "calculatedNetInterest": -246000000, "calculatedOtherIncome": -184000000, "calculatedIncomeNonControlling": 88000000, "calculatedEbitda": 1136000000}, {"date": "2013-12-31", "symbol": "CCK", "reportedCurrency": "USD", "cik": "0001219601", "fillingDate": "2014-03-03", "acceptedDate": "2014-03-03 12:39:38", "calendarYear": "2013", "period": "FY", "revenue": 8656000000, "costOfRevenue": 7180000000, "grossProfit": 1476000000, "grossProfitRatio": 0.1705175601, "researchAndDevelopmentExpenses": 36000000, "generalAndAdministrativeExpenses": 425000000, "sellingAndMarketingExpenses": 0, "sellingGeneralAndAdministrativeExpenses": 425000000, "otherExpenses": 166000000, "operatingExpenses": 591000000, "costAndExpenses": 7771000000, "interestIncome": 5000000, "interestExpense": 236000000, "depreciationAndAmortization": 134000000, "ebitda": 1024000000, "ebitdaratio": 0.1182994455, "operatingIncome": 851000000, "operatingIncomeRatio": 0.0983133087, "totalOtherIncomeExpensesNet": -78000000, "incomeBeforeTax": 576000000, "incomeBeforeTaxRatio": 0.0665434381, "incomeTaxExpense": 148000000, "netIncome": 324000000, "netIncomeRatio": 0.0374306839, "eps": 2.32, "epsdiluted": 2.3, "weightedAverageShsOut": 139450000, "weightedAverageShsOutDil": 140650000, "link": "https://www.sec.gov/Archives/edgar/data/1219601/000121960114000007/0001219601-14-000007-index.htm", "finalLink": "https://www.sec.gov/Archives/edgar/data/1219601/000121960114000007/cck-12312013x10xk.htm", "calculatedOtherExpenses": 164000000, "calculatedOperatingExpenses": 625000000, "calculatedNetInterest": -231000000, "calculatedOtherIncome": -44000000, "calculatedIncomeNonControlling": 104000000, "calculatedEbitda": 985000000}, {"date": "2012-12-31", "symbol": "CCK", "reportedCurrency": "USD", "cik": "0001219601", "fillingDate": "2013-03-01", "acceptedDate": "2013-03-01 14:30:12", "calendarYear": "2012", "period": "FY", "revenue": 8470000000, "costOfRevenue": 7013000000, "grossProfit": 1457000000, "grossProfitRatio": 0.1720188902, "researchAndDevelopmentExpenses": 43000000, "generalAndAdministrativeExpenses": 382000000, "sellingAndMarketingExpenses": 0, "sellingGeneralAndAdministrativeExpenses": 382000000, "otherExpenses": 215000000, "operatingExpenses": 597000000, "costAndExpenses": 7610000000, "interestIncome": 7000000, "interestExpense": 226000000, "depreciationAndAmortization": 180000000, "ebitda": 1047000000, "ebitdaratio": 0.1236127509, "operatingIncome": 867000000, "operatingIncomeRatio": 0.1023612751, "totalOtherIncomeExpensesNet": -5000000, "incomeBeforeTax": 636000000, "incomeBeforeTaxRatio": 0.0750885478, "incomeTaxExpense": -17000000, "netIncome": 557000000, "netIncomeRatio": 0.0657615112, "eps": 3.81, "epsdiluted": 3.75, "weightedAverageShsOut": 146066394, "weightedAverageShsOutDil": 148407801, "link": "https://www.sec.gov/Archives/edgar/data/1219601/000121960113000007/0001219601-13-000007-index.htm", "finalLink": "https://www.sec.gov/Archives/edgar/data/1219601/000121960113000007/cck-12312012x10xk.htm", "calculatedOtherExpenses": 165000000, "calculatedOperatingExpenses": 590000000, "calculatedNetInterest": -219000000, "calculatedOtherIncome": -12000000, "calculatedIncomeNonControlling": 96000000, "calculatedEbitda": 1047000000}, {"date": "2011-12-31", "symbol": "CCK", "reportedCurrency": "USD", "cik": "0001219601", "fillingDate": "2012-02-29", "acceptedDate": "2012-02-29 12:24:06", "calendarYear": "2011", "period": "FY", "revenue": 8644000000, "costOfRevenue": 7296000000, "grossProfit": 1348000000, "grossProfitRatio": 0.1559463211, "researchAndDevelopmentExpenses": 0, "generalAndAdministrativeExpenses": 28000000, "sellingAndMarketingExpenses": 395000000, "sellingGeneralAndAdministrativeExpenses": 423000000, "otherExpenses": 28000000, "operatingExpenses": 423000000, "costAndExpenses": 7719000000, "interestIncome": 11000000, "interestExpense": 232000000, "depreciationAndAmortization": 176000000, "ebitda": 1112000000, "ebitdaratio": 0.1286441462, "operatingIncome": 936000000, "operatingIncomeRatio": 0.1082832022, "totalOtherIncomeExpensesNet": -117000000, "incomeBeforeTax": 587000000, "incomeBeforeTaxRatio": 0.0679083758, "incomeTaxExpense": -194000000, "netIncome": 282000000, "netIncomeRatio": 0.0326237853, "eps": 1.86, "epsdiluted": 1.83, "weightedAverageShsOut": 151700000, "weightedAverageShsOutDil": 154300000, "link": "https://www.sec.gov/Archives/edgar/data/1219601/000119312512087983/0001193125-12-087983-index.htm", "finalLink": "https://www.sec.gov/Archives/edgar/data/1219601/000119312512087983/d265151d10k.htm", "calculatedOtherExpenses": -11000000, "calculatedOperatingExpenses": 412000000, "calculatedNetInterest": -221000000, "calculatedOtherIncome": -128000000, "calculatedIncomeNonControlling": 499000000, "calculatedEbitda": 1112000000}, {"date": "2010-12-31", "symbol": "CCK", "reportedCurrency": "USD", "cik": "0001219601", "fillingDate": "2011-02-28", "acceptedDate": "2011-02-28 16:59:22", "calendarYear": "2010", "period": "FY", "revenue": 7941000000, "costOfRevenue": 6691000000, "grossProfit": 1250000000, "grossProfitRatio": 0.1574109054, "researchAndDevelopmentExpenses": 0, "generalAndAdministrativeExpenses": 46000000, "sellingAndMarketingExpenses": 360000000, "sellingGeneralAndAdministrativeExpenses": 360000000, "otherExpenses": 12000000, "operatingExpenses": 372000000, "costAndExpenses": 7063000000, "interestIncome": 9000000, "interestExpense": 203000000, "depreciationAndAmortization": 172000000, "ebitda": 887000000, "ebitdaratio": 0.1116987785, "operatingIncome": 841000000, "operatingIncomeRatio": 0.1059060572, "totalOtherIncomeExpensesNet": -70000000, "incomeBeforeTax": 614000000, "incomeBeforeTaxRatio": 0.0773202367, "incomeTaxExpense": 165000000, "netIncome": 324000000, "netIncomeRatio": 0.0408009067, "eps": 2.03, "epsdiluted": 2, "weightedAverageShsOut": 159398667, "weightedAverageShsOutDil": 162389003, "link": "https://www.sec.gov/Archives/edgar/data/1219601/000119312511050127/0001193125-11-050127-index.htm", "finalLink": "https://www.sec.gov/Archives/edgar/data/1219601/000119312511050127/d10k.htm", "calculatedOtherExpenses": 49000000, "calculatedOperatingExpenses": 409000000, "calculatedNetInterest": -194000000, "calculatedOtherIncome": -33000000, "calculatedIncomeNonControlling": 125000000, "calculatedEbitda": 1013000000}, {"date": "2009-12-31", "symbol": "CCK", "reportedCurrency": "USD", "cik": "0001219601", "fillingDate": "2010-03-01", "acceptedDate": "2010-03-01 15:34:10", "calendarYear": "2009", "period": "FY", "revenue": 7938000000, "costOfRevenue": 6551000000, "grossProfit": 1387000000, "grossProfitRatio": 0.1747291509, "researchAndDevelopmentExpenses": 0, "generalAndAdministrativeExpenses": 55000000, "sellingAndMarketingExpenses": 381000000, "sellingGeneralAndAdministrativeExpenses": 381000000, "otherExpenses": 20000000, "operatingExpenses": 630000000, "costAndExpenses": 7181000000, "interestIncome": 6000000, "interestExpense": 247000000, "depreciationAndAmortization": 194000000, "ebitda": 957000000, "ebitdaratio": 0.1205593348, "operatingIncome": 743000000, "operatingIncomeRatio": 0.0936004031, "totalOtherIncomeExpensesNet": -57000000, "incomeBeforeTax": 459000000, "incomeBeforeTaxRatio": 0.0578231293, "incomeTaxExpense": 7000000, "netIncome": 334000000, "netIncomeRatio": 0.0420760897, "eps": 2.1, "epsdiluted": 2.06, "weightedAverageShsOut": 159139673, "weightedAverageShsOutDil": 161947196, "link": "https://www.sec.gov/Archives/edgar/data/1219601/000121960110000012/0001219601-10-000012-index.htm", "finalLink": "https://www.sec.gov/Archives/edgar/data/1219601/000121960110000012/f10k2009.htm", "calculatedOtherExpenses": 263000000, "calculatedOperatingExpenses": 644000000, "calculatedNetInterest": -241000000, "calculatedOtherIncome": -43000000, "calculatedIncomeNonControlling": 118000000, "calculatedEbitda": 937000000}, {"date": "2008-12-31", "symbol": "CCK", "reportedCurrency": "USD", "cik": "0001219601", "fillingDate": "2009-02-27", "acceptedDate": "2009-02-27 17:17:51", "calendarYear": "2008", "period": "FY", "revenue": 8305000000, "costOfRevenue": 6867000000, "grossProfit": 1438000000, "grossProfitRatio": 0.1731487056, "researchAndDevelopmentExpenses": 0, "generalAndAdministrativeExpenses": 25000000, "sellingAndMarketingExpenses": 396000000, "sellingGeneralAndAdministrativeExpenses": 396000000, "otherExpenses": 47000000, "operatingExpenses": 468000000, "costAndExpenses": 7335000000, "interestIncome": 11000000, "interestExpense": 302000000, "depreciationAndAmortization": 216000000, "ebitda": 981000000, "ebitdaratio": 0.1181216135, "operatingIncome": 658000000, "operatingIncomeRatio": 0.0792293799, "totalOtherIncomeExpensesNet": -21000000, "incomeBeforeTax": 442000000, "incomeBeforeTaxRatio": 0.0532209512, "incomeTaxExpense": 112000000, "netIncome": 226000000, "netIncomeRatio": 0.0272125226, "eps": 1.42, "epsdiluted": 1.39, "weightedAverageShsOut": 159589240, "weightedAverageShsOutDil": 162931236, "link": "https://www.sec.gov/Archives/edgar/data/1219601/000121960109000010/0001219601-09-000010-index.htm", "finalLink": "https://www.sec.gov/Archives/edgar/data/1219601/000121960109000010/f10k2008.htm", "calculatedOtherExpenses": 384000000, "calculatedOperatingExpenses": 780000000, "calculatedNetInterest": -291000000, "calculatedOtherIncome": 75000000, "calculatedIncomeNonControlling": 104000000, "calculatedEbitda": 874000000}, {"date": "2007-12-31", "symbol": "CCK", "reportedCurrency": "USD", "cik": "0001219601", "fillingDate": "2008-02-28", "acceptedDate": "2008-02-28 16:07:58", "calendarYear": "2007", "period": "FY", "revenue": 7727000000, "costOfRevenue": 6700000000, "grossProfit": 1027000000, "grossProfitRatio": 0.1329105733, "researchAndDevelopmentExpenses": 0, "generalAndAdministrativeExpenses": 414000000, "sellingAndMarketingExpenses": 0, "sellingGeneralAndAdministrativeExpenses": 414000000, "otherExpenses": 0, "operatingExpenses": 414000000, "costAndExpenses": 7114000000, "interestIncome": 0, "interestExpense": 593000000, "depreciationAndAmortization": 229000000, "ebitda": 950000000, "ebitdaratio": 0.1229455157, "operatingIncome": 593000000, "operatingIncomeRatio": 0.0767438851, "totalOtherIncomeExpensesNet": -108000000, "incomeBeforeTax": 201000000, "incomeBeforeTaxRatio": 0.0260126828, "incomeTaxExpense": -400000000, "netIncome": 528000000, "netIncomeRatio": 0.0683318235, "eps": 3.27, "epsdiluted": 3.19, "weightedAverageShsOut": 161467890, "weightedAverageShsOutDil": 165517241, "link": "https://www.sec.gov/Archives/edgar/data/1219601/000121960108000009/0001219601-08-000009-index.htm", "finalLink": "https://www.sec.gov/Archives/edgar/data/1219601/000121960108000009/f10k2007.htm", "calculatedOtherExpenses": 20000000, "calculatedOperatingExpenses": 434000000, "calculatedNetInterest": -593000000, "calculatedOtherIncome": 201000000, "calculatedIncomeNonControlling": 73000000, "calculatedEbitda": 822000000}, {"date": "2006-12-31", "symbol": "CCK", "reportedCurrency": "USD", "cik": "0001219601", "fillingDate": "2007-02-28", "acceptedDate": "2007-02-28 13:33:27", "calendarYear": "2006", "period": "FY", "revenue": 6982000000, "costOfRevenue": 6090000000, "grossProfit": 892000000, "grossProfitRatio": 0.1277570897, "researchAndDevelopmentExpenses": 0, "generalAndAdministrativeExpenses": 326000000, "sellingAndMarketingExpenses": 0, "sellingGeneralAndAdministrativeExpenses": 326000000, "otherExpenses": 0, "operatingExpenses": 326000000, "costAndExpenses": 6416000000, "interestIncome": 0, "interestExpense": 276000000, "depreciationAndAmortization": 230000000, "ebitda": 753000000, "ebitdaratio": 0.1078487539, "operatingIncome": 551000000, "operatingIncomeRatio": 0.0789172157, "totalOtherIncomeExpensesNet": 43000000, "incomeBeforeTax": 335000000, "incomeBeforeTaxRatio": 0.0479805213, "incomeTaxExpense": -62000000, "netIncome": 309000000, "netIncomeRatio": 0.04425666, "eps": 1.87, "epsdiluted": 1.82, "weightedAverageShsOut": 165240642, "weightedAverageShsOutDil": 169780220, "link": "https://www.sec.gov/Archives/edgar/data/1219601/000121960107000007/0001219601-07-000007-index.htm", "finalLink": "https://www.sec.gov/Archives/edgar/data/1219601/000121960107000007/f10k2006.htm", "calculatedOtherExpenses": 15000000, "calculatedOperatingExpenses": 341000000, "calculatedNetInterest": -276000000, "calculatedOtherIncome": 60000000, "calculatedIncomeNonControlling": 88000000, "calculatedEbitda": 781000000}, {"date": "2005-12-31", "symbol": "CCK", "reportedCurrency": "USD", "cik": "0001219601", "fillingDate": "2006-03-16", "acceptedDate": "2006-03-16 10:03:41", "calendarYear": "2005", "period": "FY", "revenue": 6908000000, "costOfRevenue": 5759000000, "grossProfit": 1149000000, "grossProfitRatio": 0.166328894, "researchAndDevelopmentExpenses": 0, "generalAndAdministrativeExpenses": 349000000, "sellingAndMarketingExpenses": 0, "sellingGeneralAndAdministrativeExpenses": 349000000, "otherExpenses": 249000000, "operatingExpenses": 598000000, "costAndExpenses": 6357000000, "interestIncome": 0, "interestExpense": 1428000000, "depreciationAndAmortization": 282000000, "ebitda": 1346000000, "ebitdaratio": 0.1948465547, "operatingIncome": 286000000, "operatingIncomeRatio": 0.0414012739, "totalOtherIncomeExpensesNet": -501000000, "incomeBeforeTax": -314000000, "incomeBeforeTaxRatio": -0.0454545455, "incomeTaxExpense": -2000000, "netIncome": -362000000, "netIncomeRatio": -0.052403011, "eps": -2.13, "epsdiluted": -2.13, "weightedAverageShsOut": 169953052, "weightedAverageShsOutDil": 169953052, "link": "https://www.sec.gov/Archives/edgar/data/1219601/000121960106000014/0001219601-06-000014-index.htm", "finalLink": "https://www.sec.gov/Archives/edgar/data/1219601/000121960106000014/f10k2005v2.htm", "calculatedOtherExpenses": 514000000, "calculatedOperatingExpenses": 863000000, "calculatedNetInterest": -1428000000, "calculatedOtherIncome": 828000000, "calculatedIncomeNonControlling": 50000000, "calculatedEbitda": 568000000}, {"date": "2004-12-31", "symbol": "CCK", "reportedCurrency": "USD", "cik": "0001219601", "fillingDate": "2005-03-11", "acceptedDate": "2005-03-11 14:06:30", "calendarYear": "2004", "period": "FY", "revenue": 7199000000, "costOfRevenue": 5984000000, "grossProfit": 1215000000, "grossProfitRatio": 0.1687734408, "researchAndDevelopmentExpenses": 0, "generalAndAdministrativeExpenses": 363000000, "sellingAndMarketingExpenses": 0, "sellingGeneralAndAdministrativeExpenses": 363000000, "otherExpenses": 308000000, "operatingExpenses": 671000000, "costAndExpenses": 6655000000, "interestIncome": 0, "interestExpense": 441000000, "depreciationAndAmortization": 308000000, "ebitda": 882000000, "ebitdaratio": 0.1225170163, "operatingIncome": 229000000, "operatingIncomeRatio": 0.0318099736, "totalOtherIncomeExpensesNet": -17000000, "incomeBeforeTax": 133000000, "incomeBeforeTaxRatio": 0.0184747882, "incomeTaxExpense": 82000000, "netIncome": 51000000, "netIncomeRatio": 0.0070843173, "eps": 0.22, "epsdiluted": 0.21, "weightedAverageShsOut": 165184807, "weightedAverageShsOutDil": 167513309, "link": "https://www.sec.gov/Archives/edgar/data/1219601/000121960105000069/0001219601-05-000069-index.htm", "finalLink": "https://www.sec.gov/Archives/edgar/data/1219601/000121960105000069/f10k2004.htm", "calculatedOtherExpenses": 623000000, "calculatedOperatingExpenses": 986000000, "calculatedNetInterest": -441000000, "calculatedOtherIncome": 345000000, "calculatedIncomeNonControlling": 0, "calculatedEbitda": 537000000}, {"date": "2003-12-31", "symbol": "CCK", "reportedCurrency": "USD", "cik": "0001219601", "fillingDate": "2004-03-12", "acceptedDate": "2004-03-11 18:34:24", "calendarYear": "2003", "period": "FY", "revenue": 6630000000, "costOfRevenue": 5539000000, "grossProfit": 1091000000, "grossProfitRatio": 0.1645550528, "researchAndDevelopmentExpenses": 0, "generalAndAdministrativeExpenses": 337000000, "sellingAndMarketingExpenses": 0, "sellingGeneralAndAdministrativeExpenses": 337000000, "otherExpenses": 326000000, "operatingExpenses": 663000000, "costAndExpenses": 6202000000, "interestIncome": 0, "interestExpense": 306000000, "depreciationAndAmortization": 326000000, "ebitda": 695000000, "ebitdaratio": 0.104826546, "operatingIncome": 409000000, "operatingIncomeRatio": 0.0616892911, "totalOtherIncomeExpensesNet": 59000000, "incomeBeforeTax": 63000000, "incomeBeforeTaxRatio": 0.0095022624, "incomeTaxExpense": 95000000, "netIncome": -32000000, "netIncomeRatio": -0.004826546, "eps": -0.19, "epsdiluted": -0.19, "weightedAverageShsOut": 164569322, "weightedAverageShsOutDil": 165617818, "link": "https://www.sec.gov/Archives/edgar/data/1219601/000095015904000274/0000950159-04-000274-index.htm", "finalLink": "https://www.sec.gov/Archives/edgar/data/1219601/000095015904000274/ccs10k2003.htm", "calculatedOtherExpenses": 345000000, "calculatedOperatingExpenses": 682000000, "calculatedNetInterest": -306000000, "calculatedOtherIncome": -40000000, "calculatedIncomeNonControlling": 0, "calculatedEbitda": 735000000}, {"date": "2002-12-31", "symbol": "CCK", "reportedCurrency": "USD", "cik": "0001219601", "fillingDate": "2003-03-31", "acceptedDate": "2003-03-31 14:30:41", "calendarYear": "2002", "period": "FY", "revenue": 6792000000, "costOfRevenue": 5619000000, "grossProfit": 1173000000, "grossProfitRatio": 0.1727031802, "researchAndDevelopmentExpenses": 0, "generalAndAdministrativeExpenses": 317000000, "sellingAndMarketingExpenses": 0, "sellingGeneralAndAdministrativeExpenses": 317000000, "otherExpenses": 375000000, "operatingExpenses": 692000000, "costAndExpenses": 6311000000, "interestIncome": 0, "interestExpense": 1951000000, "depreciationAndAmortization": 375000000, "ebitda": 1151000000, "ebitdaratio": 0.1694640754, "operatingIncome": 462000000, "operatingIncomeRatio": 0.0680212014, "totalOtherIncomeExpensesNet": -295000000, "incomeBeforeTax": -161000000, "incomeBeforeTaxRatio": -0.0237043581, "incomeTaxExpense": 30000000, "netIncome": -1205000000, "netIncomeRatio": -0.1774146054, "eps": -8.7, "epsdiluted": -8.62, "weightedAverageShsOut": 138562633, "weightedAverageShsOutDil": 139739161, "link": "https://www.sec.gov/Archives/edgar/data/1219601/000095015903000282/0000950159-03-000282-index.htm", "finalLink": "https://www.sec.gov/Archives/edgar/data/1219601/000095015903000282/ccs2002k.htm", "calculatedOtherExpenses": 394000000, "calculatedOperatingExpenses": 711000000, "calculatedNetInterest": -1951000000, "calculatedOtherIncome": 1328000000, "calculatedIncomeNonControlling": 1014000000, "calculatedEbitda": 837000000}, {"date": "2001-12-31", "symbol": "CCK", "reportedCurrency": "USD", "cik": "0001219601", "fillingDate": "2001-12-31", "acceptedDate": "2001-12-31 00:00:00", "calendarYear": "2001", "period": "FY", "revenue": 7187000000, "costOfRevenue": 6063000000, "grossProfit": 1124000000, "grossProfitRatio": 0.1563934882, "researchAndDevelopmentExpenses": 0, "generalAndAdministrativeExpenses": 310000000, "sellingAndMarketingExpenses": 0, "sellingGeneralAndAdministrativeExpenses": 310000000, "otherExpenses": 499000000, "operatingExpenses": 809000000, "costAndExpenses": 6872000000, "interestIncome": 0, "interestExpense": 1081000000, "depreciationAndAmortization": 499000000, "ebitda": 1136000000, "ebitdaratio": 0.1580631696, "operatingIncome": 267000000, "operatingIncomeRatio": 0.0371504105, "totalOtherIncomeExpensesNet": -322000000, "incomeBeforeTax": -448000000, "incomeBeforeTaxRatio": -0.0623347711, "incomeTaxExpense": 528000000, "netIncome": -972000000, "netIncomeRatio": -0.1352441909, "eps": -7.74, "epsdiluted": -7.74, "weightedAverageShsOut": 125600000, "weightedAverageShsOutDil": 125600000, "link": null, "finalLink": null, "calculatedOtherExpenses": 547000000, "calculatedOperatingExpenses": 857000000, "calculatedNetInterest": -1081000000, "calculatedOtherIncome": 366000000, "calculatedIncomeNonControlling": -4000000, "calculatedEbitda": 766000000}, {"date": "2000-12-31", "symbol": "CCK", "reportedCurrency": "USD", "cik": "0001219601", "fillingDate": "2000-12-31", "acceptedDate": "2000-12-31 00:00:00", "calendarYear": "2000", "period": "FY", "revenue": 7289000000, "costOfRevenue": 5982000000, "grossProfit": 1307000000, "grossProfitRatio": 0.179311291, "researchAndDevelopmentExpenses": 0, "generalAndAdministrativeExpenses": 314000000, "sellingAndMarketingExpenses": 0, "sellingGeneralAndAdministrativeExpenses": 314000000, "otherExpenses": 495000000, "operatingExpenses": 809000000, "costAndExpenses": 6791000000, "interestIncome": 0, "interestExpense": 1072000000, "depreciationAndAmortization": 495000000, "ebitda": 1335000000, "ebitdaratio": 0.1831526958, "operatingIncome": 498000000, "operatingIncomeRatio": 0.0683221292, "totalOtherIncomeExpensesNet": -342000000, "incomeBeforeTax": -232000000, "incomeBeforeTaxRatio": -0.0318287831, "incomeTaxExpense": -58000000, "netIncome": -174000000, "netIncomeRatio": -0.0238715873, "eps": -1.38, "epsdiluted": -1.38, "weightedAverageShsOut": 125700000, "weightedAverageShsOutDil": 125700000, "link": null, "finalLink": null, "calculatedOtherExpenses": 495000000, "calculatedOperatingExpenses": 809000000, "calculatedNetInterest": -1072000000, "calculatedOtherIncome": 342000000, "calculatedIncomeNonControlling": 0, "calculatedEbitda": 993000000}, {"date": "1999-12-31", "symbol": "CCK", "reportedCurrency": "USD", "cik": "0001219601", "fillingDate": "1999-12-31", "acceptedDate": "1999-12-31 00:00:00", "calendarYear": "1999", "period": "FY", "revenue": 7732000000, "costOfRevenue": 6060000000, "grossProfit": 1672000000, "grossProfitRatio": 0.21624418, "researchAndDevelopmentExpenses": 0, "generalAndAdministrativeExpenses": 348000000, "sellingAndMarketingExpenses": 0, "sellingGeneralAndAdministrativeExpenses": 348000000, "otherExpenses": 522000000, "operatingExpenses": 870000000, "costAndExpenses": 6930000000, "interestIncome": 0, "interestExpense": 667000000, "depreciationAndAmortization": 522000000, "ebitda": 1475000000, "ebitdaratio": 0.1907656492, "operatingIncome": 802000000, "operatingIncomeRatio": 0.1037247801, "totalOtherIncomeExpensesNet": -151000000, "incomeBeforeTax": 286000000, "incomeBeforeTaxRatio": 0.0369891361, "incomeTaxExpense": 105000000, "netIncome": 181000000, "netIncomeRatio": 0.0234092085, "eps": 1.36, "epsdiluted": 1.36, "weightedAverageShsOut": 122058824, "weightedAverageShsOutDil": 122058824, "link": null, "finalLink": null, "calculatedOtherExpenses": 522000000, "calculatedOperatingExpenses": 870000000, "calculatedNetInterest": -667000000, "calculatedOtherIncome": 151000000, "calculatedIncomeNonControlling": 0, "calculatedEbitda": 1324000000}, {"date": "1998-12-31", "symbol": "CCK", "reportedCurrency": "USD", "cik": "0001219601", "fillingDate": "1998-12-31", "acceptedDate": "1998-12-31 00:00:00", "calendarYear": "1998", "period": "FY", "revenue": 8300000000, "costOfRevenue": 6527000000, "grossProfit": 1773000000, "grossProfitRatio": 0.2136144578, "researchAndDevelopmentExpenses": 0, "generalAndAdministrativeExpenses": 697000000, "sellingAndMarketingExpenses": 0, "sellingGeneralAndAdministrativeExpenses": 697000000, "otherExpenses": 533000000, "operatingExpenses": 1230000000, "costAndExpenses": 7757000000, "interestIncome": 0, "interestExpense": 319000000, "depreciationAndAmortization": 533000000, "ebitda": 1031000000, "ebitdaratio": 0.1242168675, "operatingIncome": 543000000, "operatingIncomeRatio": 0.0654216867, "totalOtherIncomeExpensesNet": 45000000, "incomeBeforeTax": 179000000, "incomeBeforeTaxRatio": 0.0215662651, "incomeTaxExpense": 74000000, "netIncome": 105000000, "netIncomeRatio": 0.0126506024, "eps": 0.71, "epsdiluted": 0.71, "weightedAverageShsOut": 123943662, "weightedAverageShsOutDil": 123943662, "link": null, "finalLink": null, "calculatedOtherExpenses": 533000000, "calculatedOperatingExpenses": 1230000000, "calculatedNetInterest": -319000000, "calculatedOtherIncome": -45000000, "calculatedIncomeNonControlling": 0, "calculatedEbitda": 1076000000}, {"date": "1997-12-31", "symbol": "CCK", "reportedCurrency": "USD", "cik": "0001219601", "fillingDate": "1997-12-31", "acceptedDate": "1997-12-31 00:00:00", "calendarYear": "1997", "period": "FY", "revenue": 8494600000, "costOfRevenue": 6707700000, "grossProfit": 1786900000, "grossProfitRatio": 0.2103571681, "researchAndDevelopmentExpenses": 0, "generalAndAdministrativeExpenses": 480200000, "sellingAndMarketingExpenses": 0, "sellingGeneralAndAdministrativeExpenses": 480200000, "otherExpenses": 540000000, "operatingExpenses": 1020200000, "costAndExpenses": 7727900000, "interestIncome": 0, "interestExpense": 294800000, "depreciationAndAmortization": 540000000, "ebitda": 1276500000, "ebitdaratio": 0.1502719375, "operatingIncome": 766700000, "operatingIncomeRatio": 0.09025734, "totalOtherIncomeExpensesNet": 30200000, "incomeBeforeTax": 449300000, "incomeBeforeTaxRatio": 0.0528924258, "incomeTaxExpense": 147700000, "netIncome": 294000000, "netIncomeRatio": 0.034610223, "eps": 2.11, "epsdiluted": 2.1, "weightedAverageShsOut": 128436019, "weightedAverageShsOutDil": 129047619, "link": null, "finalLink": null, "calculatedOtherExpenses": 540000000, "calculatedOperatingExpenses": 1020200000, "calculatedNetInterest": -294800000, "calculatedOtherIncome": -22600000, "calculatedIncomeNonControlling": 7600000, "calculatedEbitda": 1306700000}, {"date": "1996-12-31", "symbol": "CCK", "reportedCurrency": "USD", "cik": "0001219601", "fillingDate": "1996-12-31", "acceptedDate": "1996-12-31 00:00:00", "calendarYear": "1996", "period": "FY", "revenue": 8331900000, "costOfRevenue": 6732500000, "grossProfit": 1599400000, "grossProfitRatio": 0.1919610173, "researchAndDevelopmentExpenses": 0, "generalAndAdministrativeExpenses": 427000000, "sellingAndMarketingExpenses": 0, "sellingGeneralAndAdministrativeExpenses": 427000000, "otherExpenses": 495900000, "operatingExpenses": 922900000, "costAndExpenses": 7655400000, "interestIncome": 0, "interestExpense": 197800000, "depreciationAndAmortization": 495900000, "ebitda": 1112100000, "ebitdaratio": 0.1334749577, "operatingIncome": 676500000, "operatingIncomeRatio": 0.0811939654, "totalOtherIncomeExpensesNet": 60300000, "incomeBeforeTax": 418400000, "incomeBeforeTaxRatio": 0.0502166373, "incomeTaxExpense": 134400000, "netIncome": 284000000, "netIncomeRatio": 0.0340858628, "eps": 2.16, "epsdiluted": 2.14, "weightedAverageShsOut": 122314815, "weightedAverageShsOutDil": 123457944, "link": null, "finalLink": null, "calculatedOtherExpenses": 495900000, "calculatedOperatingExpenses": 922900000, "calculatedNetInterest": -197800000, "calculatedOtherIncome": -60300000, "calculatedIncomeNonControlling": 0, "calculatedEbitda": 1172400000}, {"date": "1995-12-31", "symbol": "CCK", "reportedCurrency": "USD", "cik": "0001219601", "fillingDate": "1995-12-31", "acceptedDate": "1995-12-31 00:00:00", "calendarYear": "1995", "period": "FY", "revenue": 5053800000, "costOfRevenue": 4311000000, "grossProfit": 742800000, "grossProfitRatio": 0.1469785112, "researchAndDevelopmentExpenses": 0, "generalAndAdministrativeExpenses": 242000000, "sellingAndMarketingExpenses": 0, "sellingGeneralAndAdministrativeExpenses": 242000000, "otherExpenses": 256300000, "operatingExpenses": 498300000, "costAndExpenses": 4809300000, "interestIncome": 0, "interestExpense": 131100000, "depreciationAndAmortization": 256300000, "ebitda": 487200000, "ebitdaratio": 0.0964027069, "operatingIncome": 244500000, "operatingIncomeRatio": 0.0483794373, "totalOtherIncomeExpensesNet": 13600000, "incomeBeforeTax": 99800000, "incomeBeforeTaxRatio": 0.0197475167, "incomeTaxExpense": 24900000, "netIncome": 74900000, "netIncomeRatio": 0.0148205311, "eps": 0.83, "epsdiluted": 0.83, "weightedAverageShsOut": 90240964, "weightedAverageShsOutDil": 90240964, "link": null, "finalLink": null, "calculatedOtherExpenses": 256300000, "calculatedOperatingExpenses": 498300000, "calculatedNetInterest": -131100000, "calculatedOtherIncome": -13600000, "calculatedIncomeNonControlling": 0, "calculatedEbitda": 500800000}, {"date": "1994-12-31", "symbol": "CCK", "reportedCurrency": "USD", "cik": "0001219601", "fillingDate": "1994-12-31", "acceptedDate": "1994-12-31 00:00:00", "calendarYear": "1994", "period": "FY", "revenue": 4452200000, "costOfRevenue": 3814100000, "grossProfit": 638100000, "grossProfitRatio": 0.1433224024, "researchAndDevelopmentExpenses": 0, "generalAndAdministrativeExpenses": 135400000, "sellingAndMarketingExpenses": 0, "sellingGeneralAndAdministrativeExpenses": 135400000, "otherExpenses": 218300000, "operatingExpenses": 353700000, "costAndExpenses": 4167800000, "interestIncome": 0, "interestExpense": 100700000, "depreciationAndAmortization": 218300000, "ebitda": 505600000, "ebitdaratio": 0.1135618346, "operatingIncome": 284400000, "operatingIncomeRatio": 0.063878532, "totalOtherIncomeExpensesNet": -2900000, "incomeBeforeTax": 186600000, "incomeBeforeTaxRatio": 0.0419118638, "incomeTaxExpense": 55600000, "netIncome": 131000000, "netIncomeRatio": 0.0294236557, "eps": 1.47, "epsdiluted": 1.46, "weightedAverageShsOut": 89115646, "weightedAverageShsOutDil": 89726027, "link": null, "finalLink": null, "calculatedOtherExpenses": 218300000, "calculatedOperatingExpenses": 353700000, "calculatedNetInterest": -100700000, "calculatedOtherIncome": 2900000, "calculatedIncomeNonControlling": 0, "calculatedEbitda": 502700000}, {"date": "1993-12-31", "symbol": "CCK", "reportedCurrency": "USD", "cik": "0001219601", "fillingDate": "1993-12-31", "acceptedDate": "1993-12-31 00:00:00", "calendarYear": "1993", "period": "FY", "revenue": 4162600000, "costOfRevenue": 3474000000, "grossProfit": 688600000, "grossProfitRatio": 0.1654254552, "researchAndDevelopmentExpenses": 0, "generalAndAdministrativeExpenses": 126600000, "sellingAndMarketingExpenses": 0, "sellingGeneralAndAdministrativeExpenses": 126600000, "otherExpenses": 191700000, "operatingExpenses": 318300000, "costAndExpenses": 3792300000, "interestIncome": 0, "interestExpense": 174500000, "depreciationAndAmortization": 191700000, "ebitda": 562700000, "ebitdaratio": 0.1351799356, "operatingIncome": 370300000, "operatingIncomeRatio": 0.0889588238, "totalOtherIncomeExpensesNet": -700000, "incomeBeforeTax": 278300000, "incomeBeforeTaxRatio": 0.0668572527, "incomeTaxExpense": 97400000, "netIncome": 99100000, "netIncomeRatio": 0.0238072359, "eps": 1.14, "epsdiluted": 1.11, "weightedAverageShsOut": 86929825, "weightedAverageShsOutDil": 89279279, "link": null, "finalLink": null, "calculatedOtherExpenses": 191700000, "calculatedOperatingExpenses": 318300000, "calculatedNetInterest": -174500000, "calculatedOtherIncome": 82500000, "calculatedIncomeNonControlling": 81800000, "calculatedEbitda": 562000000}, {"date": "1992-12-31", "symbol": "CCK", "reportedCurrency": "USD", "cik": "0001219601", "fillingDate": "1992-12-31", "acceptedDate": "1992-12-31 00:00:00", "calendarYear": "1992", "period": "FY", "revenue": 3780700000, "costOfRevenue": 3197400000, "grossProfit": 583300000, "grossProfitRatio": 0.1542835983, "researchAndDevelopmentExpenses": 0, "generalAndAdministrativeExpenses": 112100000, "sellingAndMarketingExpenses": 0, "sellingGeneralAndAdministrativeExpenses": 112100000, "otherExpenses": 142400000, "operatingExpenses": 254500000, "costAndExpenses": 3451900000, "interestIncome": 0, "interestExpense": 67400000, "depreciationAndAmortization": 142400000, "ebitda": 466200000, "ebitdaratio": 0.1233104981, "operatingIncome": 328800000, "operatingIncomeRatio": 0.0869680218, "totalOtherIncomeExpensesNet": 5000000, "incomeBeforeTax": 256400000, "incomeBeforeTaxRatio": 0.0678181289, "incomeTaxExpense": 101000000, "netIncome": 155400000, "netIncomeRatio": 0.0411034994, "eps": 1.79, "epsdiluted": 1.79, "weightedAverageShsOut": 86815642, "weightedAverageShsOutDil": 86815642, "link": null, "finalLink": null, "calculatedOtherExpenses": 142400000, "calculatedOperatingExpenses": 254500000, "calculatedNetInterest": -67400000, "calculatedOtherIncome": -5000000, "calculatedIncomeNonControlling": 0, "calculatedEbitda": 471200000}, {"date": "1991-12-31", "symbol": "CCK", "reportedCurrency": "USD", "cik": "0001219601", "fillingDate": "1991-12-31", "acceptedDate": "1991-12-31 00:00:00", "calendarYear": "1991", "period": "FY", "revenue": 3807400000, "costOfRevenue": 3298200000, "grossProfit": 509200000, "grossProfitRatio": 0.1337395598, "researchAndDevelopmentExpenses": 0, "generalAndAdministrativeExpenses": 105400000, "sellingAndMarketingExpenses": 0, "sellingGeneralAndAdministrativeExpenses": 105400000, "otherExpenses": 128400000, "operatingExpenses": 233800000, "costAndExpenses": 3532000000, "interestIncome": 0, "interestExpense": 53500000, "depreciationAndAmortization": 128400000, "ebitda": 393800000, "ebitdaratio": 0.1034301623, "operatingIncome": 275400000, "operatingIncomeRatio": 0.0723328256, "totalOtherIncomeExpensesNet": 10000000, "incomeBeforeTax": 211900000, "incomeBeforeTaxRatio": 0.0556547775, "incomeTaxExpense": 83800000, "netIncome": 128100000, "netIncomeRatio": 0.0336450071, "eps": 1.48, "epsdiluted": 1.48, "weightedAverageShsOut": 86554054, "weightedAverageShsOutDil": 86554054, "link": null, "finalLink": null, "calculatedOtherExpenses": 128400000, "calculatedOperatingExpenses": 233800000, "calculatedNetInterest": -53500000, "calculatedOtherIncome": -10000000, "calculatedIncomeNonControlling": 0, "calculatedEbitda": 403800000}, {"date": "1990-12-31", "symbol": "CCK", "reportedCurrency": "USD", "cik": "0001219601", "fillingDate": "1990-12-31", "acceptedDate": "1990-12-31 00:00:00", "calendarYear": "1990", "period": "FY", "revenue": 3072100000, "costOfRevenue": 2653900000, "grossProfit": 418200000, "grossProfitRatio": 0.1361283812, "researchAndDevelopmentExpenses": 0, "generalAndAdministrativeExpenses": 86200000, "sellingAndMarketingExpenses": 0, "sellingGeneralAndAdministrativeExpenses": 86200000, "otherExpenses": 102000000, "operatingExpenses": 188200000, "costAndExpenses": 2842100000, "interestIncome": 0, "interestExpense": 43300000, "depreciationAndAmortization": 102000000, "ebitda": 323700000, "ebitdaratio": 0.1053676638, "operatingIncome": 230000000, "operatingIncomeRatio": 0.0748673546, "totalOtherIncomeExpensesNet": 8300000, "incomeBeforeTax": 178400000, "incomeBeforeTaxRatio": 0.0580710263, "incomeTaxExpense": 71300000, "netIncome": 107100000, "netIncomeRatio": 0.0348621464, "eps": 1.24, "epsdiluted": 1.24, "weightedAverageShsOut": 86370968, "weightedAverageShsOutDil": 86370968, "link": null, "finalLink": null, "calculatedOtherExpenses": 102000000, "calculatedOperatingExpenses": 188200000, "calculatedNetInterest": -43300000, "calculatedOtherIncome": -8300000, "calculatedIncomeNonControlling": 0, "calculatedEbitda": 332000000}, {"date": "1989-12-31", "symbol": "CCK", "reportedCurrency": "USD", "cik": "0001219601", "fillingDate": "1989-12-31", "acceptedDate": "1989-12-31 00:00:00", "calendarYear": "1989", "period": "FY", "revenue": 1909800000, "costOfRevenue": 1651100000, "grossProfit": 258700000, "grossProfitRatio": 0.1354592104, "researchAndDevelopmentExpenses": 0, "generalAndAdministrativeExpenses": 53200000, "sellingAndMarketingExpenses": 0, "sellingGeneralAndAdministrativeExpenses": 53200000, "otherExpenses": 61800000, "operatingExpenses": 115000000, "costAndExpenses": 1766100000, "interestIncome": 0, "interestExpense": -20800000, "depreciationAndAmortization": 61800000, "ebitda": 189100000, "ebitdaratio": 0.0990156037, "operatingIncome": 143700000, "operatingIncomeRatio": 0.075243481, "totalOtherIncomeExpensesNet": 16400000, "incomeBeforeTax": 148100000, "incomeBeforeTaxRatio": 0.0775473872, "incomeTaxExpense": 53900000, "netIncome": 94200000, "netIncomeRatio": 0.0493245366, "eps": 1.19, "epsdiluted": 1.19, "weightedAverageShsOut": 79159664, "weightedAverageShsOutDil": 79159664, "link": null, "finalLink": null, "calculatedOtherExpenses": 61800000, "calculatedOperatingExpenses": 115000000, "calculatedNetInterest": 20800000, "calculatedOtherIncome": -16400000, "calculatedIncomeNonControlling": 0, "calculatedEbitda": 205500000}, {"date": "1988-12-31", "symbol": "CCK", "reportedCurrency": "USD", "cik": "0001219601", "fillingDate": "1988-12-31", "acceptedDate": "1988-12-31 00:00:00", "calendarYear": "1988", "period": "FY", "revenue": 1834100000, "costOfRevenue": 1569500000, "grossProfit": 264600000, "grossProfitRatio": 0.1442669429, "researchAndDevelopmentExpenses": 0, "generalAndAdministrativeExpenses": 50900000, "sellingAndMarketingExpenses": 0, "sellingGeneralAndAdministrativeExpenses": 50900000, "otherExpenses": 57200000, "operatingExpenses": 108100000, "costAndExpenses": 1677600000, "interestIncome": 0, "interestExpense": -19500000, "depreciationAndAmortization": 57200000, "ebitda": 198900000, "ebitdaratio": 0.1084455591, "operatingIncome": 156500000, "operatingIncomeRatio": 0.0853279538, "totalOtherIncomeExpensesNet": 14800000, "incomeBeforeTax": 161200000, "incomeBeforeTaxRatio": 0.0878905185, "incomeTaxExpense": 67800000, "netIncome": 93400000, "netIncomeRatio": 0.050924159, "eps": 1.12, "epsdiluted": 1.12, "weightedAverageShsOut": 83392857, "weightedAverageShsOutDil": 83392857, "link": null, "finalLink": null, "calculatedOtherExpenses": 57200000, "calculatedOperatingExpenses": 108100000, "calculatedNetInterest": 19500000, "calculatedOtherIncome": -14800000, "calculatedIncomeNonControlling": 0, "calculatedEbitda": 213700000}, {"date": "1987-12-31", "symbol": "CCK", "reportedCurrency": "USD", "cik": "0001219601", "fillingDate": "1987-12-31", "acceptedDate": "1987-12-31 00:00:00", "calendarYear": "1987", "period": "FY", "revenue": 1717900000, "costOfRevenue": 1445600000, "grossProfit": 272300000, "grossProfitRatio": 0.1585074801, "researchAndDevelopmentExpenses": 0, "generalAndAdministrativeExpenses": 49600000, "sellingAndMarketingExpenses": 0, "sellingGeneralAndAdministrativeExpenses": 49600000, "otherExpenses": 56400000, "operatingExpenses": 106000000, "costAndExpenses": 1551600000, "interestIncome": 0, "interestExpense": 5300000, "depreciationAndAmortization": 56400000, "ebitda": 222700000, "ebitdaratio": 0.1296350195, "operatingIncome": 166300000, "operatingIncomeRatio": 0.0968042377, "totalOtherIncomeExpensesNet": -5300000, "incomeBeforeTax": 161000000, "incomeBeforeTaxRatio": 0.0937190756, "incomeTaxExpense": 72700000, "netIncome": 88300000, "netIncomeRatio": 0.0513999651, "eps": 0.95, "epsdiluted": 0.95, "weightedAverageShsOut": 92947368, "weightedAverageShsOutDil": 92947368, "link": null, "finalLink": null, "calculatedOtherExpenses": 56400000, "calculatedOperatingExpenses": 106000000, "calculatedNetInterest": -5300000, "calculatedOtherIncome": 0, "calculatedIncomeNonControlling": 0, "calculatedEbitda": 222700000}, {"date": "1986-12-31", "symbol": "CCK", "reportedCurrency": "USD", "cik": "0001219601", "fillingDate": "1986-12-31", "acceptedDate": "1986-12-31 00:00:00", "calendarYear": "1986", "period": "FY", "revenue": 1618900000, "costOfRevenue": 1370200000, "grossProfit": 248700000, "grossProfitRatio": 0.1536228303, "researchAndDevelopmentExpenses": 0, "generalAndAdministrativeExpenses": 46700000, "sellingAndMarketingExpenses": 0, "sellingGeneralAndAdministrativeExpenses": 46700000, "otherExpenses": 47200000, "operatingExpenses": 93900000, "costAndExpenses": 1464100000, "interestIncome": 0, "interestExpense": 6200000, "depreciationAndAmortization": 47200000, "ebitda": 202000000, "ebitdaratio": 0.1247760825, "operatingIncome": 154800000, "operatingIncomeRatio": 0.095620483, "totalOtherIncomeExpensesNet": -6200000, "incomeBeforeTax": 148600000, "incomeBeforeTaxRatio": 0.0917907221, "incomeTaxExpense": 69200000, "netIncome": 79400000, "netIncomeRatio": 0.0490456483, "eps": 0.83, "epsdiluted": 0.83, "weightedAverageShsOut": 95662651, "weightedAverageShsOutDil": 95662651, "link": null, "finalLink": null, "calculatedOtherExpenses": 47200000, "calculatedOperatingExpenses": 93900000, "calculatedNetInterest": -6200000, "calculatedOtherIncome": 0, "calculatedIncomeNonControlling": 0, "calculatedEbitda": 202000000}, {"date": "1985-12-31", "symbol": "CCK", "reportedCurrency": "USD", "cik": "0001219601", "fillingDate": "1985-12-31", "acceptedDate": "1985-12-31 00:00:00", "calendarYear": "1985", "period": "FY", "revenue": 1487100000, "costOfRevenue": 1260300000, "grossProfit": 226800000, "grossProfitRatio": 0.1525115998, "researchAndDevelopmentExpenses": 0, "generalAndAdministrativeExpenses": 43000000, "sellingAndMarketingExpenses": 0, "sellingGeneralAndAdministrativeExpenses": 43000000, "otherExpenses": 43700000, "operatingExpenses": 86700000, "costAndExpenses": 1347000000, "interestIncome": 0, "interestExpense": 12200000, "depreciationAndAmortization": 43700000, "ebitda": 183800000, "ebitdaratio": 0.1235962612, "operatingIncome": 140100000, "operatingIncomeRatio": 0.0942102078, "totalOtherIncomeExpensesNet": -12200000, "incomeBeforeTax": 127900000, "incomeBeforeTaxRatio": 0.086006321, "incomeTaxExpense": 56200000, "netIncome": 71700000, "netIncomeRatio": 0.048214646, "eps": 0.72, "epsdiluted": 0.72, "weightedAverageShsOut": 99583333, "weightedAverageShsOutDil": 99583333, "link": null, "finalLink": null, "calculatedOtherExpenses": 43700000, "calculatedOperatingExpenses": 86700000, "calculatedNetInterest": -12200000, "calculatedOtherIncome": 0, "calculatedIncomeNonControlling": 0, "calculatedEbitda": 183800000}]}