{"originalCurrency": "USD", "convertedCurrency": "USD", "report": [{"date": "2023-12-31", "symbol": "CCOI", "reportedCurrency": "USD", "cik": "0001158324", "fillingDate": "2024-02-29", "acceptedDate": "2024-02-29 11:34:39", "calendarYear": "2023", "period": "FY", "revenue": 940922000, "costOfRevenue": 776441000, "grossProfit": 164481000, "grossProfitRatio": 0.1748083263, "researchAndDevelopmentExpenses": 0, "generalAndAdministrativeExpenses": 0, "sellingAndMarketingExpenses": 0, "sellingGeneralAndAdministrativeExpenses": 275318000, "otherExpenses": 0, "operatingExpenses": 275318000, "costAndExpenses": 1051759000, "interestIncome": 35715000, "interestExpense": 106783000, "depreciationAndAmortization": 232209000, "ebitda": 121372000, "ebitdaratio": 0.1289926264, "operatingIncome": -110837000, "operatingIncomeRatio": -0.1177961616, "totalOtherIncomeExpensesNet": 1330314000, "incomeBeforeTax": 1219477000, "incomeBeforeTaxRatio": 1.2960447306, "incomeTaxExpense": -53964000, "netIncome": 1273441000, "netIncomeRatio": 1.3533969872, "eps": 26.88, "epsdiluted": 26.62, "weightedAverageShsOut": 47373361, "weightedAverageShsOutDil": 47837512, "link": "https://www.sec.gov/Archives/edgar/data/1158324/000141057824000091/0001410578-24-000091-index.htm", "finalLink": "https://www.sec.gov/Archives/edgar/data/1158324/000141057824000091/ccoi-20231231x10k.htm", "calculatedOtherExpenses": 0, "calculatedOperatingExpenses": 275318000, "calculatedNetInterest": -71068000, "calculatedOtherIncome": 1401382000, "calculatedIncomeNonControlling": 0, "calculatedEbitda": 121372000}, {"date": "2022-12-31", "symbol": "CCOI", "reportedCurrency": "USD", "cik": "0001158324", "fillingDate": "2023-02-24", "acceptedDate": "2023-02-24 10:25:33", "calendarYear": "2022", "period": "FY", "revenue": 599604000, "costOfRevenue": 228154000, "grossProfit": 371450000, "grossProfitRatio": 0.6194921982, "researchAndDevelopmentExpenses": 0, "generalAndAdministrativeExpenses": 163021000, "sellingAndMarketingExpenses": 163021000, "sellingGeneralAndAdministrativeExpenses": 163021000, "otherExpenses": 92222000, "operatingExpenses": 255243000, "costAndExpenses": 483397000, "interestIncome": 3438000, "interestExpense": 67584000, "depreciationAndAmortization": 97908000, "ebitda": 211867000, "ebitdaratio": 0.3533448743, "operatingIncome": 113959000, "operatingIncomeRatio": 0.1900571044, "totalOtherIncomeExpensesNet": -87583000, "incomeBeforeTax": 26376000, "incomeBeforeTaxRatio": 0.0439890328, "incomeTaxExpense": 21230000, "netIncome": 5146000, "netIncomeRatio": 0.008582331, "eps": 0.11, "epsdiluted": 0.11, "weightedAverageShsOut": 46875992, "weightedAverageShsOutDil": 47207298, "link": "https://www.sec.gov/Archives/edgar/data/1158324/000110465923025123/0001104659-23-025123-index.htm", "finalLink": "https://www.sec.gov/Archives/edgar/data/1158324/000110465923025123/ccoi-20221231x10k.htm", "calculatedOtherExpenses": 94470000, "calculatedOperatingExpenses": 257491000, "calculatedNetInterest": -64146000, "calculatedOtherIncome": -23437000, "calculatedIncomeNonControlling": 0, "calculatedEbitda": 211867000}, {"date": "2021-12-31", "symbol": "CCOI", "reportedCurrency": "USD", "cik": "0001158324", "fillingDate": "2022-02-25", "acceptedDate": "2022-02-25 09:59:12", "calendarYear": "2021", "period": "FY", "revenue": 589797000, "costOfRevenue": 226337000, "grossProfit": 363460000, "grossProfitRatio": 0.6162459287, "researchAndDevelopmentExpenses": 0, "generalAndAdministrativeExpenses": 162380000, "sellingAndMarketingExpenses": 162380000, "sellingGeneralAndAdministrativeExpenses": 162380000, "otherExpenses": 89240000, "operatingExpenses": 251620000, "costAndExpenses": 477957000, "interestIncome": 1437000, "interestExpense": 67074000, "depreciationAndAmortization": 83284000, "ebitda": 202517000, "ebitdaratio": 0.3433672942, "operatingIncome": 119233000, "operatingIncomeRatio": 0.202159387, "totalOtherIncomeExpensesNet": -47813000, "incomeBeforeTax": 71420000, "incomeBeforeTaxRatio": 0.1210925115, "incomeTaxExpense": 23235000, "netIncome": 48185000, "netIncomeRatio": 0.081697601, "eps": 1.04, "epsdiluted": 1.03, "weightedAverageShsOut": 46419180, "weightedAverageShsOutDil": 46963920, "link": "https://www.sec.gov/Archives/edgar/data/1158324/000110465922027066/0001104659-22-027066-index.htm", "finalLink": "https://www.sec.gov/Archives/edgar/data/1158324/000110465922027066/ccoi-20211231x10k.htm", "calculatedOtherExpenses": 81847000, "calculatedOperatingExpenses": 244227000, "calculatedNetInterest": -65637000, "calculatedOtherIncome": 17824000, "calculatedIncomeNonControlling": 0, "calculatedEbitda": 202517000}, {"date": "2020-12-31", "symbol": "CCOI", "reportedCurrency": "USD", "cik": "0001158324", "fillingDate": "2021-02-26", "acceptedDate": "2021-02-26 12:39:02", "calendarYear": "2020", "period": "FY", "revenue": 568103000, "costOfRevenue": 219157000, "grossProfit": 348946000, "grossProfitRatio": 0.614230166, "researchAndDevelopmentExpenses": 0, "generalAndAdministrativeExpenses": 158476000, "sellingAndMarketingExpenses": 158476000, "sellingGeneralAndAdministrativeExpenses": 158476000, "otherExpenses": 83477000, "operatingExpenses": 241953000, "costAndExpenses": 461110000, "interestIncome": 978000, "interestExpense": 62486000, "depreciationAndAmortization": 84526000, "ebitda": 191448000, "ebitdaratio": 0.336995228, "operatingIncome": 106922000, "operatingIncomeRatio": 0.1882088283, "totalOtherIncomeExpensesNet": -96610000, "incomeBeforeTax": 10312000, "incomeBeforeTaxRatio": 0.018151638, "incomeTaxExpense": 4096000, "netIncome": 6216000, "netIncomeRatio": 0.0109416778, "eps": 0.14, "epsdiluted": 0.13, "weightedAverageShsOut": 45947772, "weightedAverageShsOutDil": 46668198, "link": "https://www.sec.gov/Archives/edgar/data/1158324/000110465921028924/0001104659-21-028924-index.htm", "finalLink": "https://www.sec.gov/Archives/edgar/data/1158324/000110465921028924/ccoi-20201231x10k.htm", "calculatedOtherExpenses": 83548000, "calculatedOperatingExpenses": 242024000, "calculatedNetInterest": -61508000, "calculatedOtherIncome": -35102000, "calculatedIncomeNonControlling": 0, "calculatedEbitda": 191448000}, {"date": "2019-12-31", "symbol": "CCOI", "reportedCurrency": "USD", "cik": "0001158324", "fillingDate": "2020-02-28", "acceptedDate": "2020-02-28 10:35:21", "calendarYear": "2019", "period": "FY", "revenue": 546159000, "costOfRevenue": 219801000, "grossProfit": 326358000, "grossProfitRatio": 0.5975512625, "researchAndDevelopmentExpenses": 0, "generalAndAdministrativeExpenses": 0, "sellingAndMarketingExpenses": 146913000, "sellingGeneralAndAdministrativeExpenses": 146913000, "otherExpenses": 80247000, "operatingExpenses": 227160000, "costAndExpenses": 446961000, "interestIncome": 9870000, "interestExpense": 57453000, "depreciationAndAmortization": 89058000, "ebitda": 189315000, "ebitdaratio": 0.3466298276, "operatingIncome": 100257000, "operatingIncomeRatio": 0.1835674227, "totalOtherIncomeExpensesNet": -47583000, "incomeBeforeTax": 52674000, "incomeBeforeTaxRatio": 0.096444442, "incomeTaxExpense": 15154000, "netIncome": 37520000, "netIncomeRatio": 0.0686979433, "eps": 0.82, "epsdiluted": 0.81, "weightedAverageShsOut": 45542315, "weightedAverageShsOutDil": 46080395, "link": "https://www.sec.gov/Archives/edgar/data/1158324/000110465920026777/0001104659-20-026777-index.htm", "finalLink": "https://www.sec.gov/Archives/edgar/data/1158324/000110465920026777/ccoi-20191231x10k90102d.htm", "calculatedOtherExpenses": 79188000, "calculatedOperatingExpenses": 226101000, "calculatedNetInterest": -47583000, "calculatedOtherIncome": 0, "calculatedIncomeNonControlling": 0, "calculatedEbitda": 189315000}, {"date": "2018-12-31", "symbol": "CCOI", "reportedCurrency": "USD", "cik": "0001158324", "fillingDate": "2019-02-22", "acceptedDate": "2019-02-22 08:53:16", "calendarYear": "2018", "period": "FY", "revenue": 520193000, "costOfRevenue": 219526000, "grossProfit": 300667000, "grossProfitRatio": 0.5779912456, "researchAndDevelopmentExpenses": 0, "generalAndAdministrativeExpenses": 133858000, "sellingAndMarketingExpenses": 133858000, "sellingGeneralAndAdministrativeExpenses": 133858000, "otherExpenses": 81233000, "operatingExpenses": 215091000, "costAndExpenses": 434617000, "interestIncome": 5880000, "interestExpense": 51056000, "depreciationAndAmortization": 81233000, "ebitda": 172689000, "ebitdaratio": 0.3319710184, "operatingIncome": 86558000, "operatingIncomeRatio": 0.1663959338, "totalOtherIncomeExpensesNet": 982000, "incomeBeforeTax": 41382000, "incomeBeforeTaxRatio": 0.0795512435, "incomeTaxExpense": 12715000, "netIncome": 28667000, "netIncomeRatio": 0.0551083925, "eps": 0.63, "epsdiluted": 0.63, "weightedAverageShsOut": 45280161, "weightedAverageShsOutDil": 45780954, "link": "https://www.sec.gov/Archives/edgar/data/1158324/000104746919000604/0001047469-19-000604-index.htm", "finalLink": "https://www.sec.gov/Archives/edgar/data/1158324/000104746919000604/a2237655z10-k.htm", "calculatedOtherExpenses": 80251000, "calculatedOperatingExpenses": 214109000, "calculatedNetInterest": -45176000, "calculatedOtherIncome": 0, "calculatedIncomeNonControlling": 0, "calculatedEbitda": 167791000}, {"date": "2017-12-31", "symbol": "CCOI", "reportedCurrency": "USD", "cik": "0001158324", "fillingDate": "2018-02-23", "acceptedDate": "2018-02-23 08:53:51", "calendarYear": "2017", "period": "FY", "revenue": 485175000, "costOfRevenue": 209278000, "grossProfit": 275897000, "grossProfitRatio": 0.5686546092, "researchAndDevelopmentExpenses": 0, "generalAndAdministrativeExpenses": 127915000, "sellingAndMarketingExpenses": 127915000, "sellingGeneralAndAdministrativeExpenses": 127915000, "otherExpenses": 75926000, "operatingExpenses": 203841000, "costAndExpenses": 413119000, "interestIncome": 3667000, "interestExpense": 48467000, "depreciationAndAmortization": 75926000, "ebitda": 151649000, "ebitdaratio": 0.3125655691, "operatingIncome": 75918000, "operatingIncomeRatio": 0.1564754985, "totalOtherIncomeExpensesNet": 3862000, "incomeBeforeTax": 31118000, "incomeBeforeTaxRatio": 0.0641376823, "incomeTaxExpense": 25242000, "netIncome": 5876000, "netIncomeRatio": 0.0121110939, "eps": 0.13, "epsdiluted": 0.13, "weightedAverageShsOut": 44855263, "weightedAverageShsOutDil": 45184203, "link": "https://www.sec.gov/Archives/edgar/data/1158324/000104746918000988/0001047469-18-000988-index.htm", "finalLink": "https://www.sec.gov/Archives/edgar/data/1158324/000104746918000988/a2234130z10-k.htm", "calculatedOtherExpenses": 72064000, "calculatedOperatingExpenses": 199979000, "calculatedNetInterest": -44800000, "calculatedOtherIncome": 0, "calculatedIncomeNonControlling": 0, "calculatedEbitda": 151844000}, {"date": "2016-12-31", "symbol": "CCOI", "reportedCurrency": "USD", "cik": "0001158324", "fillingDate": "2017-02-24", "acceptedDate": "2017-02-24 10:12:47", "calendarYear": "2016", "period": "FY", "revenue": 446900000, "costOfRevenue": 194066000, "grossProfit": 252834000, "grossProfitRatio": 0.5657507272, "researchAndDevelopmentExpenses": 0, "generalAndAdministrativeExpenses": 120709000, "sellingAndMarketingExpenses": 120709000, "sellingGeneralAndAdministrativeExpenses": 120709000, "otherExpenses": 75235000, "operatingExpenses": 195944000, "costAndExpenses": 390010000, "interestIncome": 1021000, "interestExpense": 40803000, "depreciationAndAmortization": 75235000, "ebitda": 133146000, "ebitdaratio": 0.2979324234, "operatingIncome": 64042000, "operatingIncomeRatio": 0.1433027523, "totalOtherIncomeExpensesNet": 7152000, "incomeBeforeTax": 24260000, "incomeBeforeTaxRatio": 0.054285075, "incomeTaxExpense": 9331000, "netIncome": 14929000, "netIncomeRatio": 0.0334056836, "eps": 0.33, "epsdiluted": 0.33, "weightedAverageShsOut": 44641805, "weightedAverageShsOutDil": 44873030, "link": "https://www.sec.gov/Archives/edgar/data/1158324/000104746917000932/0001047469-17-000932-index.htm", "finalLink": "https://www.sec.gov/Archives/edgar/data/1158324/000104746917000932/a2230971z10-k.htm", "calculatedOtherExpenses": 68083000, "calculatedOperatingExpenses": 188792000, "calculatedNetInterest": -39782000, "calculatedOtherIncome": 0, "calculatedIncomeNonControlling": 0, "calculatedEbitda": 139277000}, {"date": "2015-12-31", "symbol": "CCOI", "reportedCurrency": "USD", "cik": "0001158324", "fillingDate": "2016-02-24", "acceptedDate": "2016-02-24 16:15:51", "calendarYear": "2015", "period": "FY", "revenue": 404234000, "costOfRevenue": 174510000, "grossProfit": 229724000, "grossProfitRatio": 0.5682946016, "researchAndDevelopmentExpenses": 0, "generalAndAdministrativeExpenses": 113103000, "sellingAndMarketingExpenses": 113103000, "sellingGeneralAndAdministrativeExpenses": 113103000, "otherExpenses": 70527000, "operatingExpenses": 183630000, "costAndExpenses": 358140000, "interestIncome": 956000, "interestExpense": 41280000, "depreciationAndAmortization": 70527000, "ebitda": 117577000, "ebitdaratio": 0.2908637077, "operatingIncome": 53036000, "operatingIncomeRatio": 0.1312012349, "totalOtherIncomeExpensesNet": 6942000, "incomeBeforeTax": 12712000, "incomeBeforeTaxRatio": 0.0314471321, "incomeTaxExpense": 7816000, "netIncome": 4896000, "netIncomeRatio": 0.0121117966, "eps": 0.11, "epsdiluted": 0.11, "weightedAverageShsOut": 44888723, "weightedAverageShsOutDil": 45159489, "link": "https://www.sec.gov/Archives/edgar/data/1158324/000104746916010372/0001047469-16-010372-index.htm", "finalLink": "https://www.sec.gov/Archives/edgar/data/1158324/000104746916010372/a2227147z10-k.htm", "calculatedOtherExpenses": 63585000, "calculatedOperatingExpenses": 176688000, "calculatedNetInterest": -40324000, "calculatedOtherIncome": 0, "calculatedIncomeNonControlling": 0, "calculatedEbitda": 123563000}, {"date": "2014-12-31", "symbol": "CCOI", "reportedCurrency": "USD", "cik": "0001158324", "fillingDate": "2015-02-27", "acceptedDate": "2015-02-27 09:17:21", "calendarYear": "2014", "period": "FY", "revenue": 380003000, "costOfRevenue": 159893000, "grossProfit": 220110000, "grossProfitRatio": 0.5792322692, "researchAndDevelopmentExpenses": 0, "generalAndAdministrativeExpenses": 107679000, "sellingAndMarketingExpenses": 107679000, "sellingGeneralAndAdministrativeExpenses": 107679000, "otherExpenses": 69481000, "operatingExpenses": 177160000, "costAndExpenses": 337053000, "interestIncome": 536000, "interestExpense": 49945000, "depreciationAndAmortization": 69481000, "ebitda": 112967000, "ebitdaratio": 0.297279232, "operatingIncome": 53900000, "operatingIncomeRatio": 0.1418409855, "totalOtherIncomeExpensesNet": 10950000, "incomeBeforeTax": 4491000, "incomeBeforeTaxRatio": 0.0118183278, "incomeTaxExpense": 3694000, "netIncome": 797000, "netIncomeRatio": 0.0020973519, "eps": 0.02, "epsdiluted": 0.02, "weightedAverageShsOut": 45960720, "weightedAverageShsOutDil": 46349670, "link": "https://www.sec.gov/Archives/edgar/data/1158324/000104746915001355/0001047469-15-001355-index.htm", "finalLink": "https://www.sec.gov/Archives/edgar/data/1158324/000104746915001355/a2223182z10-k.htm", "calculatedOtherExpenses": 58531000, "calculatedOperatingExpenses": 166210000, "calculatedNetInterest": -49409000, "calculatedOtherIncome": 0, "calculatedIncomeNonControlling": 0, "calculatedEbitda": 123381000}, {"date": "2013-12-31", "symbol": "CCOI", "reportedCurrency": "USD", "cik": "0001158324", "fillingDate": "2014-02-28", "acceptedDate": "2014-02-28 10:22:11", "calendarYear": "2013", "period": "FY", "revenue": 347979000, "costOfRevenue": 150225000, "grossProfit": 197754000, "grossProfitRatio": 0.5682929142, "researchAndDevelopmentExpenses": 0, "generalAndAdministrativeExpenses": 87242000, "sellingAndMarketingExpenses": 87242000, "sellingGeneralAndAdministrativeExpenses": 87242000, "otherExpenses": 64358000, "operatingExpenses": 151600000, "costAndExpenses": 301825000, "interestIncome": 2630000, "interestExpense": 41797000, "depreciationAndAmortization": 64358000, "ebitda": 113142000, "ebitdaratio": 0.3251403102, "operatingIncome": 46154000, "operatingIncomeRatio": 0.1326344406, "totalOtherIncomeExpensesNet": -39167000, "incomeBeforeTax": 6987000, "incomeBeforeTaxRatio": 0.0200787979, "incomeTaxExpense": -49702000, "netIncome": 56689000, "netIncomeRatio": 0.162909256, "eps": 1.22, "epsdiluted": 1.21, "weightedAverageShsOut": 46286735, "weightedAverageShsOutDil": 46996904, "link": "https://www.sec.gov/Archives/edgar/data/1158324/000104746914001543/0001047469-14-001543-index.htm", "finalLink": "https://www.sec.gov/Archives/edgar/data/1158324/000104746914001543/a2218291z10-k.htm", "calculatedOtherExpenses": 64358000, "calculatedOperatingExpenses": 151600000, "calculatedNetInterest": -39167000, "calculatedOtherIncome": 0, "calculatedIncomeNonControlling": 0, "calculatedEbitda": 110512000}, {"date": "2012-12-31", "symbol": "CCOI", "reportedCurrency": "USD", "cik": "0001158324", "fillingDate": "2013-02-27", "acceptedDate": "2013-02-27 10:24:20", "calendarYear": "2012", "period": "FY", "revenue": 316973000, "costOfRevenue": 143642000, "grossProfit": 173331000, "grossProfitRatio": 0.5468320646, "researchAndDevelopmentExpenses": 0, "generalAndAdministrativeExpenses": 79885000, "sellingAndMarketingExpenses": 79885000, "sellingGeneralAndAdministrativeExpenses": 79885000, "otherExpenses": 62478000, "operatingExpenses": 142363000, "costAndExpenses": 286005000, "interestIncome": 1851000, "interestExpense": 36319000, "depreciationAndAmortization": 62478000, "ebitda": 95297000, "ebitdaratio": 0.3006470583, "operatingIncome": 30968000, "operatingIncomeRatio": 0.0976991731, "totalOtherIncomeExpensesNet": -34468000, "incomeBeforeTax": -3500000, "incomeBeforeTaxRatio": -0.0110419499, "incomeTaxExpense": 751000, "netIncome": -4251000, "netIncomeRatio": -0.0134112369, "eps": -0.0934, "epsdiluted": -0.0934, "weightedAverageShsOut": 45514844, "weightedAverageShsOutDil": 45514844, "link": "https://www.sec.gov/Archives/edgar/data/1158324/000104746913001769/0001047469-13-001769-index.htm", "finalLink": "https://www.sec.gov/Archives/edgar/data/1158324/000104746913001769/a2213021z10-k.htm", "calculatedOtherExpenses": 62478000, "calculatedOperatingExpenses": 142363000, "calculatedNetInterest": -34468000, "calculatedOtherIncome": 0, "calculatedIncomeNonControlling": 0, "calculatedEbitda": 93446000}, {"date": "2011-12-31", "symbol": "CCOI", "reportedCurrency": "USD", "cik": "0001158324", "fillingDate": "2012-02-27", "acceptedDate": "2012-02-27 14:39:56", "calendarYear": "2011", "period": "FY", "revenue": 305500000, "costOfRevenue": 132160000, "grossProfit": 173340000, "grossProfitRatio": 0.5673977087, "researchAndDevelopmentExpenses": 0, "generalAndAdministrativeExpenses": 76984000, "sellingAndMarketingExpenses": 0, "sellingGeneralAndAdministrativeExpenses": 76984000, "otherExpenses": 59850000, "operatingExpenses": 136834000, "costAndExpenses": 268994000, "interestIncome": 848000, "interestExpense": 34511000, "depreciationAndAmortization": 59850000, "ebitda": 97204000, "ebitdaratio": 0.3181800327, "operatingIncome": 36506000, "operatingIncomeRatio": 0.1194959083, "totalOtherIncomeExpensesNet": 2739000, "incomeBeforeTax": 5582000, "incomeBeforeTaxRatio": 0.0182716858, "incomeTaxExpense": -1960000, "netIncome": 7542000, "netIncomeRatio": 0.0246873977, "eps": 0.17, "epsdiluted": 0.17, "weightedAverageShsOut": 45180485, "weightedAverageShsOutDil": 45704052, "link": "https://www.sec.gov/Archives/edgar/data/1158324/000104746912001587/0001047469-12-001587-index.htm", "finalLink": "https://www.sec.gov/Archives/edgar/data/1158324/000104746912001587/a2207132z10-k.htm", "calculatedOtherExpenses": 59850000, "calculatedOperatingExpenses": 136834000, "calculatedNetInterest": -33663000, "calculatedOtherIncome": 2739000, "calculatedIncomeNonControlling": 0, "calculatedEbitda": 96356000}, {"date": "2010-12-31", "symbol": "CCOI", "reportedCurrency": "USD", "cik": "0001158324", "fillingDate": "2011-02-28", "acceptedDate": "2011-02-28 15:26:39", "calendarYear": "2010", "period": "FY", "revenue": 263416000, "costOfRevenue": 119023000, "grossProfit": 144393000, "grossProfitRatio": 0.5481557688, "researchAndDevelopmentExpenses": 0, "generalAndAdministrativeExpenses": 72060000, "sellingAndMarketingExpenses": 0, "sellingGeneralAndAdministrativeExpenses": 72060000, "otherExpenses": 57118000, "operatingExpenses": 128584000, "costAndExpenses": 247607000, "interestIncome": 959000, "interestExpense": 16682000, "depreciationAndAmortization": 56524000, "ebitda": 73292000, "ebitdaratio": 0.2782367054, "operatingIncome": 15215000, "operatingIncomeRatio": 0.0577603487, "totalOtherIncomeExpensesNet": -594000, "incomeBeforeTax": -508000, "incomeBeforeTaxRatio": -0.0019285085, "incomeTaxExpense": -1177000, "netIncome": 669000, "netIncomeRatio": 0.0025397091, "eps": 0.01, "epsdiluted": 0.01, "weightedAverageShsOut": 44633878, "weightedAverageShsOutDil": 44790753, "link": "https://www.sec.gov/Archives/edgar/data/1158324/000104746911001528/0001047469-11-001528-index.htm", "finalLink": "https://www.sec.gov/Archives/edgar/data/1158324/000104746911001528/a2202298z10-k.htm", "calculatedOtherExpenses": 57118000, "calculatedOperatingExpenses": 129178000, "calculatedNetInterest": -15723000, "calculatedOtherIncome": 0, "calculatedIncomeNonControlling": 0, "calculatedEbitda": 71739000}, {"date": "2009-12-31", "symbol": "CCOI", "reportedCurrency": "USD", "cik": "0001158324", "fillingDate": "2010-03-01", "acceptedDate": "2010-03-01 17:09:00", "calendarYear": "2009", "period": "FY", "revenue": 235807000, "costOfRevenue": 102775000, "grossProfit": 133032000, "grossProfitRatio": 0.5641562803, "researchAndDevelopmentExpenses": 0, "generalAndAdministrativeExpenses": 76905000, "sellingAndMarketingExpenses": 0, "sellingGeneralAndAdministrativeExpenses": 76905000, "otherExpenses": 59913000, "operatingExpenses": 136818000, "costAndExpenses": 239593000, "interestIncome": 898000, "interestExpense": 15720000, "depreciationAndAmortization": 59913000, "ebitda": 57025000, "ebitdaratio": 0.241829123, "operatingIncome": -3786000, "operatingIncomeRatio": -0.016055503, "totalOtherIncomeExpensesNet": 210000, "incomeBeforeTax": -18398000, "incomeBeforeTaxRatio": -0.0780214328, "incomeTaxExpense": -1247000, "netIncome": -17151000, "netIncomeRatio": -0.0727332098, "eps": -0.39, "epsdiluted": -0.39, "weightedAverageShsOut": 44028736, "weightedAverageShsOutDil": 44028736, "link": "https://www.sec.gov/Archives/edgar/data/1158324/000104746910001663/0001047469-10-001663-index.htm", "finalLink": "https://www.sec.gov/Archives/edgar/data/1158324/000104746910001663/a2196368z10-k.htm", "calculatedOtherExpenses": 59913000, "calculatedOperatingExpenses": 136818000, "calculatedNetInterest": -14822000, "calculatedOtherIncome": 210000, "calculatedIncomeNonControlling": 0, "calculatedEbitda": 56127000}, {"date": "2008-12-31", "symbol": "CCOI", "reportedCurrency": "USD", "cik": "0001158324", "fillingDate": "2009-03-02", "acceptedDate": "2009-03-02 11:59:39", "calendarYear": "2008", "period": "FY", "revenue": 215489000, "costOfRevenue": 93055000, "grossProfit": 122434000, "grossProfitRatio": 0.5681682128, "researchAndDevelopmentExpenses": 0, "generalAndAdministrativeExpenses": 80465000, "sellingAndMarketingExpenses": 0, "sellingGeneralAndAdministrativeExpenses": 80465000, "otherExpenses": 64181000, "operatingExpenses": 144646000, "costAndExpenses": 237701000, "interestIncome": 3847000, "interestExpense": 11066000, "depreciationAndAmortization": 63130000, "ebitda": -15236000, "ebitdaratio": -0.0707043051, "operatingIncome": 22212000, "operatingIncomeRatio": 0.1030771872, "totalOtherIncomeExpensesNet": 56154000, "incomeBeforeTax": 28315000, "incomeBeforeTaxRatio": 0.1313988185, "incomeTaxExpense": 1536000, "netIncome": 26779000, "netIncomeRatio": 0.1242708445, "eps": -0.34, "epsdiluted": -0.34, "weightedAverageShsOut": 44563727, "weightedAverageShsOutDil": 44563727, "link": "https://www.sec.gov/Archives/edgar/data/1158324/000104746909002076/0001047469-09-002076-index.htm", "finalLink": "https://www.sec.gov/Archives/edgar/data/1158324/000104746909002076/a2190673z10-k.htm", "calculatedOtherExpenses": 19757000, "calculatedOperatingExpenses": 100222000, "calculatedNetInterest": -7219000, "calculatedOtherIncome": 13322000, "calculatedIncomeNonControlling": 0, "calculatedEbitda": 85342000}, {"date": "2007-12-31", "symbol": "CCOI", "reportedCurrency": "USD", "cik": "0001158324", "fillingDate": "2008-02-27", "acceptedDate": "2008-02-27 16:50:50", "calendarYear": "2007", "period": "FY", "revenue": 185663000, "costOfRevenue": 87756000, "grossProfit": 97907000, "grossProfitRatio": 0.5273371646, "researchAndDevelopmentExpenses": 0, "generalAndAdministrativeExpenses": 62187000, "sellingAndMarketingExpenses": 0, "sellingGeneralAndAdministrativeExpenses": 62187000, "otherExpenses": 67748000, "operatingExpenses": 129935000, "costAndExpenses": 217691000, "interestIncome": 6914000, "interestExpense": 10226000, "depreciationAndAmortization": 67214000, "ebitda": 32981000, "ebitdaratio": 0.1776390557, "operatingIncome": 29918000, "operatingIncomeRatio": 0.1611414229, "totalOtherIncomeExpensesNet": 2205000, "incomeBeforeTax": -53757000, "incomeBeforeTaxRatio": -0.289540727, "incomeTaxExpense": -1003000, "netIncome": -31025000, "netIncomeRatio": -0.1671038387, "eps": -0.65, "epsdiluted": -0.65, "weightedAverageShsOut": 47800159, "weightedAverageShsOutDil": 47800159, "link": "https://www.sec.gov/Archives/edgar/data/1158324/000104746908001834/0001047469-08-001834-index.htm", "finalLink": "https://www.sec.gov/Archives/edgar/data/1158324/000104746908001834/a2182458z10-k.htm", "calculatedOtherExpenses": 5802000, "calculatedOperatingExpenses": 67989000, "calculatedNetInterest": -3312000, "calculatedOtherIncome": -80363000, "calculatedIncomeNonControlling": -21729000, "calculatedEbitda": 97132000}, {"date": "2006-12-31", "symbol": "CCOI", "reportedCurrency": "USD", "cik": "0001158324", "fillingDate": "2007-03-14", "acceptedDate": "2007-03-14 10:43:19", "calendarYear": "2006", "period": "FY", "revenue": 149071000, "costOfRevenue": 80421000, "grossProfit": 68650000, "grossProfitRatio": 0.4605188132, "researchAndDevelopmentExpenses": 0, "generalAndAdministrativeExpenses": 56787000, "sellingAndMarketingExpenses": 0, "sellingGeneralAndAdministrativeExpenses": 56787000, "otherExpenses": 58669000, "operatingExpenses": 115456000, "costAndExpenses": 195877000, "interestIncome": 2969000, "interestExpense": 10684000, "depreciationAndAmortization": 60679000, "ebitda": 13364000, "ebitdaratio": 0.0896485567, "operatingIncome": 46551000, "operatingIncomeRatio": 0.3122740171, "totalOtherIncomeExpensesNet": 509000, "incomeBeforeTax": 47060000, "incomeBeforeTaxRatio": 0.3156884974, "incomeTaxExpense": 6951000, "netIncome": -53757000, "netIncomeRatio": -0.360613399, "eps": -1.16, "epsdiluted": -1.16, "weightedAverageShsOut": 46343372, "weightedAverageShsOutDil": 46343372, "link": "https://www.sec.gov/Archives/edgar/data/1158324/000110465907018892/0001104659-07-018892-index.htm", "finalLink": "https://www.sec.gov/Archives/edgar/data/1158324/000110465907018892/a07-5604_110k.htm", "calculatedOtherExpenses": -34688000, "calculatedOperatingExpenses": 22099000, "calculatedNetInterest": -7715000, "calculatedOtherIncome": 8224000, "calculatedIncomeNonControlling": 93866000, "calculatedEbitda": 107230000}, {"date": "2005-12-31", "symbol": "CCOI", "reportedCurrency": "USD", "cik": "0001158324", "fillingDate": "2006-03-16", "acceptedDate": "2006-03-16 06:19:02", "calendarYear": "2005", "period": "FY", "revenue": 135213000, "costOfRevenue": 86193000, "grossProfit": 49020000, "grossProfitRatio": 0.362539105, "researchAndDevelopmentExpenses": 0, "generalAndAdministrativeExpenses": 54250000, "sellingAndMarketingExpenses": 0, "sellingGeneralAndAdministrativeExpenses": 54250000, "otherExpenses": 55600000, "operatingExpenses": 109850000, "costAndExpenses": 196043000, "interestIncome": 1320000, "interestExpense": 11747000, "depreciationAndAmortization": 70453000, "ebitda": 5884000, "ebitdaratio": 0.0435165258, "operatingIncome": 62149000, "operatingIncomeRatio": 0.4596377567, "totalOtherIncomeExpensesNet": 3739000, "incomeBeforeTax": 65888000, "incomeBeforeTaxRatio": 0.4872904233, "incomeTaxExpense": 6688000, "netIncome": -67518000, "netIncomeRatio": -0.4993454771, "eps": -1.96, "epsdiluted": -1.96, "weightedAverageShsOut": 34439937, "weightedAverageShsOutDil": 34439937, "link": "https://www.sec.gov/Archives/edgar/data/1158324/000110465906017016/0001104659-06-017016-index.htm", "finalLink": "https://www.sec.gov/Archives/edgar/data/1158324/000110465906017016/a06-2130_110k.htm", "calculatedOtherExpenses": -67379000, "calculatedOperatingExpenses": -13129000, "calculatedNetInterest": -10427000, "calculatedOtherIncome": 14166000, "calculatedIncomeNonControlling": 126718000, "calculatedEbitda": 132602000}, {"date": "2004-12-31", "symbol": "CCOI", "reportedCurrency": "USD", "cik": "0001158324", "fillingDate": "2005-03-31", "acceptedDate": "2005-03-31 17:28:06", "calendarYear": "2004", "period": "FY", "revenue": 91286000, "costOfRevenue": 64324000, "grossProfit": 26962000, "grossProfitRatio": 0.295357448, "researchAndDevelopmentExpenses": 0, "generalAndAdministrativeExpenses": 51786000, "sellingAndMarketingExpenses": 0, "sellingGeneralAndAdministrativeExpenses": 51786000, "otherExpenses": 57424000, "operatingExpenses": 109210000, "costAndExpenses": 173534000, "interestIncome": 2119000, "interestExpense": 13002000, "depreciationAndAmortization": 69965000, "ebitda": -14975000, "ebitdaratio": -0.16404487, "operatingIncome": 84069000, "operatingIncomeRatio": 0.9209407795, "totalOtherIncomeExpensesNet": 2692000, "incomeBeforeTax": 86761000, "incomeBeforeTaxRatio": 0.9504305151, "incomeTaxExpense": 7412000, "netIncome": -89660000, "netIncomeRatio": -0.9821878492, "eps": -117.43, "epsdiluted": -117.43, "weightedAverageShsOut": 763540, "weightedAverageShsOutDil": 763540, "link": "https://www.sec.gov/Archives/edgar/data/1158324/000110465905014451/0001104659-05-014451-index.htm", "finalLink": "https://www.sec.gov/Archives/edgar/data/1158324/000110465905014451/a05-5648_110k.htm", "calculatedOtherExpenses": -108893000, "calculatedOperatingExpenses": -57107000, "calculatedNetInterest": -10883000, "calculatedOtherIncome": 13575000, "calculatedIncomeNonControlling": 169009000, "calculatedEbitda": 154034000}, {"date": "2003-12-31", "symbol": "CCOI", "reportedCurrency": "USD", "cik": "0001158324", "fillingDate": "2004-03-30", "acceptedDate": "2004-03-30 14:48:18", "calendarYear": "2003", "period": "FY", "revenue": 59422000, "costOfRevenue": 48324000, "grossProfit": 11098000, "grossProfitRatio": 0.1867658443, "researchAndDevelopmentExpenses": 0, "generalAndAdministrativeExpenses": 43938000, "sellingAndMarketingExpenses": 0, "sellingGeneralAndAdministrativeExpenses": 43938000, "otherExpenses": 263819000, "operatingExpenses": 307757000, "costAndExpenses": 356081000, "interestIncome": 1512000, "interestExpense": 19776000, "depreciationAndAmortization": 70248000, "ebitda": -466645000, "ebitdaratio": -7.8530678873, "operatingIncome": 81227000, "operatingIncomeRatio": 1.3669516341, "totalOtherIncomeExpensesNet": 240234000, "incomeBeforeTax": -66913000, "incomeBeforeTaxRatio": -1.1260644206, "incomeTaxExpense": -437402000, "netIncome": 140743000, "netIncomeRatio": 2.3685335398, "eps": 11.18, "epsdiluted": 11.18, "weightedAverageShsOut": 7935831, "weightedAverageShsOutDil": 7938898, "link": "https://www.sec.gov/Archives/edgar/data/1158324/000104746904010013/0001047469-04-010013-index.htm", "finalLink": "https://www.sec.gov/Archives/edgar/data/1158324/000104746904010013/a2131238z10-k.htm", "calculatedOtherExpenses": -114067000, "calculatedOperatingExpenses": -70129000, "calculatedNetInterest": -18264000, "calculatedOtherIncome": -129876000, "calculatedIncomeNonControlling": 229746000, "calculatedEbitda": 151475000}, {"date": "2002-12-31", "symbol": "CCOI", "reportedCurrency": "USD", "cik": "0001158324", "fillingDate": "2003-03-31", "acceptedDate": "2003-03-31 15:31:06", "calendarYear": "2002", "period": "FY", "revenue": 51913000, "costOfRevenue": 49324000, "grossProfit": 2589000, "grossProfitRatio": 0.0498719011, "researchAndDevelopmentExpenses": 0, "generalAndAdministrativeExpenses": 36593000, "sellingAndMarketingExpenses": 0, "sellingGeneralAndAdministrativeExpenses": 36593000, "otherExpenses": 36712000, "operatingExpenses": 73305000, "costAndExpenses": 122629000, "interestIncome": 1739000, "interestExpense": 36284000, "depreciationAndAmortization": 45907000, "ebitda": -35505000, "ebitdaratio": -0.6839327336, "operatingIncome": 62273000, "operatingIncomeRatio": 1.1995646563, "totalOtherIncomeExpensesNet": 10696000, "incomeBeforeTax": -91843000, "incomeBeforeTaxRatio": -1.7691714985, "incomeTaxExpense": 21127000, "netIncome": -91843000, "netIncomeRatio": -1.7691714985, "eps": -564.45, "epsdiluted": -564.45, "weightedAverageShsOut": 162712, "weightedAverageShsOutDil": 162712, "link": "https://www.sec.gov/Archives/edgar/data/1158324/000104746903011242/0001047469-03-011242-index.htm", "finalLink": "https://www.sec.gov/Archives/edgar/data/1158324/000104746903011242/a2106111z10-k.htm", "calculatedOtherExpenses": -96277000, "calculatedOperatingExpenses": -59684000, "calculatedNetInterest": -34545000, "calculatedOtherIncome": -119571000, "calculatedIncomeNonControlling": -21127000, "calculatedEbitda": 108180000}, {"date": "2001-12-31", "symbol": "CCOI", "reportedCurrency": "USD", "cik": "0001158324", "fillingDate": "2002-03-29", "acceptedDate": "2002-03-29 00:00:00", "calendarYear": "2001", "period": "FY", "revenue": 3018000, "costOfRevenue": 20297000, "grossProfit": -17279000, "grossProfitRatio": -5.725314778, "researchAndDevelopmentExpenses": 0, "generalAndAdministrativeExpenses": 30280000, "sellingAndMarketingExpenses": 0, "sellingGeneralAndAdministrativeExpenses": 30280000, "otherExpenses": 13535000, "operatingExpenses": 43815000, "costAndExpenses": 64112000, "interestIncome": 1914000, "interestExpense": 7945000, "depreciationAndAmortization": 16859000, "ebitda": -44447000, "ebitdaratio": -14.7273028496, "operatingIncome": 61094000, "operatingIncomeRatio": 20.2432074221, "totalOtherIncomeExpensesNet": 212000, "incomeBeforeTax": -11761000, "incomeBeforeTaxRatio": -3.8969516236, "incomeTaxExpense": 5819000, "netIncome": -66913000, "netIncomeRatio": -22.1713055003, "eps": -391.36, "epsdiluted": -391.36, "weightedAverageShsOut": 170975, "weightedAverageShsOutDil": 170975, "link": "https://www.sec.gov/Archives/edgar/data/1158324/000091205702012716/0000912057-02-012716-index.htm", "finalLink": "https://www.sec.gov/Archives/edgar/data/1158324/000091205702012716/a2075165z10-k.htm", "calculatedOtherExpenses": -108653000, "calculatedOperatingExpenses": -78373000, "calculatedNetInterest": -6031000, "calculatedOtherIncome": -66824000, "calculatedIncomeNonControlling": 49333000, "calculatedEbitda": 77953000}, {"date": "2000-12-31", "symbol": "CCOI", "reportedCurrency": "USD", "cik": "0001158324", "fillingDate": "2000-12-31", "acceptedDate": "2000-12-30 19:00:00", "calendarYear": "2000", "period": "FY", "revenue": 0, "costOfRevenue": 0, "grossProfit": 0, "grossProfitRatio": 0, "researchAndDevelopmentExpenses": 0, "generalAndAdministrativeExpenses": 0, "sellingAndMarketingExpenses": 0, "sellingGeneralAndAdministrativeExpenses": 10845000, "otherExpenses": 0, "operatingExpenses": 14223000, "costAndExpenses": 14223000, "interestIncome": 3433000, "interestExpense": 1105000, "depreciationAndAmortization": 338000, "ebitda": -14019000, "ebitdaratio": 0, "operatingIncome": 14223000, "operatingIncomeRatio": 0, "totalOtherIncomeExpensesNet": 134000, "incomeBeforeTax": 14357000, "incomeBeforeTaxRatio": 0, "incomeTaxExpense": -2462000, "netIncome": -11761000, "netIncomeRatio": 0, "eps": -170.16, "epsdiluted": -170.16, "weightedAverageShsOut": 69118, "weightedAverageShsOutDil": 69118, "link": "", "finalLink": "", "calculatedOtherExpenses": -25068000, "calculatedOperatingExpenses": -14223000, "calculatedNetInterest": 2328000, "calculatedOtherIncome": -2194000, "calculatedIncomeNonControlling": 28580000, "calculatedEbitda": 14561000}]}