{"originalCurrency": "USD", "convertedCurrency": "USD", "report": [{"date": "2023-12-31", "symbol": "CCS", "reportedCurrency": "USD", "cik": "0001576940", "fillingDate": "2024-02-05", "acceptedDate": "2024-02-02 19:59:08", "calendarYear": "2023", "period": "FY", "revenue": 3692185000, "costOfRevenue": 2838436000, "grossProfit": 853749000, "grossProfitRatio": 0.2312313711, "researchAndDevelopmentExpenses": 0, "generalAndAdministrativeExpenses": 432411000, "sellingAndMarketingExpenses": 14900000, "sellingGeneralAndAdministrativeExpenses": 447311000, "otherExpenses": -2924000, "operatingExpenses": 447311000, "costAndExpenses": 3285747000, "interestIncome": 0, "interestExpense": 56750000, "depreciationAndAmortization": 15774000, "ebitda": 406438000, "ebitdaratio": 0.1100806162, "operatingIncome": 406438000, "operatingIncomeRatio": 0.1100806162, "totalOtherIncomeExpensesNet": -55608000, "incomeBeforeTax": 350830000, "incomeBeforeTaxRatio": 0.0950196158, "incomeTaxExpense": -91606000, "netIncome": 259224000, "netIncomeRatio": 0.070208833, "eps": 8.12, "epsdiluted": 8.05, "weightedAverageShsOut": 31918942, "weightedAverageShsOutDil": 32209359, "link": "https://www.sec.gov/Archives/edgar/data/1576940/000157694024000005/0001576940-24-000005-index.htm", "finalLink": "https://www.sec.gov/Archives/edgar/data/1576940/000157694024000005/ccs-20231231x10k.htm", "calculatedOtherExpenses": 0, "calculatedOperatingExpenses": 447311000, "calculatedNetInterest": -56750000, "calculatedOtherIncome": 1142000, "calculatedIncomeNonControlling": 183212000, "calculatedEbitda": 422212000}, {"date": "2022-12-31", "symbol": "CCS", "reportedCurrency": "USD", "cik": "0001576940", "fillingDate": "2023-02-02", "acceptedDate": "2023-02-01 19:03:20", "calendarYear": "2022", "period": "FY", "revenue": 4505916000, "costOfRevenue": 3370269000, "grossProfit": 1135647000, "grossProfitRatio": 0.2520346584, "researchAndDevelopmentExpenses": 0, "generalAndAdministrativeExpenses": 421242000, "sellingAndMarketingExpenses": 9500000, "sellingGeneralAndAdministrativeExpenses": 430742000, "otherExpenses": -17856000, "operatingExpenses": 430742000, "costAndExpenses": 3801011000, "interestIncome": 36000, "interestExpense": 26931000, "depreciationAndAmortization": 11223000, "ebitda": 715054000, "ebitdaratio": 0.1586922615, "operatingIncome": 703831000, "operatingIncomeRatio": 0.1562015359, "totalOtherIncomeExpensesNet": -26931000, "incomeBeforeTax": 676900000, "incomeBeforeTaxRatio": 0.1502247268, "incomeTaxExpense": 151774000, "netIncome": 525126000, "netIncomeRatio": 0.1165414535, "eps": 16.12, "epsdiluted": 15.92, "weightedAverageShsOut": 32578967, "weightedAverageShsOutDil": 32977935, "link": "https://www.sec.gov/Archives/edgar/data/1576940/000157694023000005/0001576940-23-000005-index.htm", "finalLink": "https://www.sec.gov/Archives/edgar/data/1576940/000157694023000005/ccs-20221231x10k.htm", "calculatedOtherExpenses": 1074000, "calculatedOperatingExpenses": 431816000, "calculatedNetInterest": -26895000, "calculatedOtherIncome": -36000, "calculatedIncomeNonControlling": 0, "calculatedEbitda": 715054000}, {"date": "2021-12-31", "symbol": "CCS", "reportedCurrency": "USD", "cik": "0001576940", "fillingDate": "2022-02-03", "acceptedDate": "2022-02-02 19:36:03", "calendarYear": "2021", "period": "FY", "revenue": 4216314000, "costOfRevenue": 3167941000, "grossProfit": 1048373000, "grossProfitRatio": 0.2486468038, "researchAndDevelopmentExpenses": 0, "generalAndAdministrativeExpenses": 381910000, "sellingAndMarketingExpenses": 7700000, "sellingGeneralAndAdministrativeExpenses": 389610000, "otherExpenses": -3142000, "operatingExpenses": 389610000, "costAndExpenses": 3557551000, "interestIncome": 661000, "interestExpense": 59387000, "depreciationAndAmortization": 10912000, "ebitda": 673262000, "ebitdaratio": 0.1596802325, "operatingIncome": 662350000, "operatingIncomeRatio": 0.15709219, "totalOtherIncomeExpensesNet": -21228000, "incomeBeforeTax": 641122000, "incomeBeforeTaxRatio": 0.1520574606, "incomeTaxExpense": 142618000, "netIncome": 498504000, "netIncomeRatio": 0.118232181, "eps": 14.79, "epsdiluted": 14.47, "weightedAverageShsOut": 33706782, "weightedAverageShsOutDil": 34444918, "link": "https://www.sec.gov/Archives/edgar/data/1576940/000157694022000006/0001576940-22-000006-index.htm", "finalLink": "https://www.sec.gov/Archives/edgar/data/1576940/000157694022000006/ccs-20211231x10k.htm", "calculatedOtherExpenses": -3587000, "calculatedOperatingExpenses": 386023000, "calculatedNetInterest": -58726000, "calculatedOtherIncome": 37498000, "calculatedIncomeNonControlling": 0, "calculatedEbitda": 673262000}, {"date": "2020-12-31", "symbol": "CCS", "reportedCurrency": "USD", "cik": "0001576940", "fillingDate": "2021-02-05", "acceptedDate": "2021-02-04 19:12:14", "calendarYear": "2020", "period": "FY", "revenue": 3161192000, "costOfRevenue": 2544859000, "grossProfit": 616333000, "grossProfitRatio": 0.1949685435, "researchAndDevelopmentExpenses": 0, "generalAndAdministrativeExpenses": 330410000, "sellingAndMarketingExpenses": 11300000, "sellingGeneralAndAdministrativeExpenses": 341710000, "otherExpenses": -2211000, "operatingExpenses": 341710000, "costAndExpenses": 2886569000, "interestIncome": 0, "interestExpense": 65771000, "depreciationAndAmortization": 13141000, "ebitda": 276795000, "ebitdaratio": 0.0875603253, "operatingIncome": 263654000, "operatingIncomeRatio": 0.0834033491, "totalOtherIncomeExpensesNet": 6586000, "incomeBeforeTax": 270240000, "incomeBeforeTaxRatio": 0.0854867404, "incomeTaxExpense": 64083000, "netIncome": 206157000, "netIncomeRatio": 0.0652149569, "eps": 6.19, "epsdiluted": 6.13, "weightedAverageShsOut": 33312554, "weightedAverageShsOutDil": 33610098, "link": "https://www.sec.gov/Archives/edgar/data/1576940/000157694021000009/0001576940-21-000009-index.htm", "finalLink": "https://www.sec.gov/Archives/edgar/data/1576940/000157694021000009/ccs-20201231x10k.htm", "calculatedOtherExpenses": 10969000, "calculatedOperatingExpenses": 352679000, "calculatedNetInterest": -65771000, "calculatedOtherIncome": 72357000, "calculatedIncomeNonControlling": 0, "calculatedEbitda": 276795000}, {"date": "2019-12-31", "symbol": "CCS", "reportedCurrency": "USD", "cik": "0001576940", "fillingDate": "2020-02-07", "acceptedDate": "2020-02-06 20:03:09", "calendarYear": "2019", "period": "FY", "revenue": 2535911000, "costOfRevenue": 2080946000, "grossProfit": 454965000, "grossProfitRatio": 0.1794088988, "researchAndDevelopmentExpenses": 0, "generalAndAdministrativeExpenses": 284525000, "sellingAndMarketingExpenses": 17000000, "sellingGeneralAndAdministrativeExpenses": 301525000, "otherExpenses": -5190000, "operatingExpenses": 301525000, "costAndExpenses": 2382471000, "interestIncome": 0, "interestExpense": 74377000, "depreciationAndAmortization": 13382000, "ebitda": 169055000, "ebitdaratio": 0.0666644058, "operatingIncome": 155673000, "operatingIncomeRatio": 0.0613874067, "totalOtherIncomeExpensesNet": -23038000, "incomeBeforeTax": 132635000, "incomeBeforeTaxRatio": 0.0523027031, "incomeTaxExpense": 19641000, "netIncome": 112994000, "netIncomeRatio": 0.0445575574, "eps": 3.66, "epsdiluted": 3.62, "weightedAverageShsOut": 30886382, "weightedAverageShsOutDil": 31186952, "link": "https://www.sec.gov/Archives/edgar/data/1576940/000156276220000031/0001562762-20-000031-index.htm", "finalLink": "https://www.sec.gov/Archives/edgar/data/1576940/000156276220000031/ccs-20191231x10k.htm", "calculatedOtherExpenses": -2233000, "calculatedOperatingExpenses": 299292000, "calculatedNetInterest": -74377000, "calculatedOtherIncome": 51339000, "calculatedIncomeNonControlling": 0, "calculatedEbitda": 169055000}, {"date": "2018-12-31", "symbol": "CCS", "reportedCurrency": "USD", "cik": "0001576940", "fillingDate": "2019-02-13", "acceptedDate": "2019-02-12 20:27:01", "calendarYear": "2018", "period": "FY", "revenue": 2147413000, "costOfRevenue": 1768409000, "grossProfit": 379004000, "grossProfitRatio": 0.1764932968, "researchAndDevelopmentExpenses": 0, "generalAndAdministrativeExpenses": 0, "sellingAndMarketingExpenses": 0, "sellingGeneralAndAdministrativeExpenses": 263981000, "otherExpenses": -905000, "operatingExpenses": 263981000, "costAndExpenses": 2032390000, "interestIncome": 0, "interestExpense": 0, "depreciationAndAmortization": 12031000, "ebitda": 115460000, "ebitdaratio": 0.0537670211, "operatingIncome": 115023000, "operatingIncomeRatio": 0.0535635204, "totalOtherIncomeExpensesNet": 13507000, "incomeBeforeTax": 128530000, "incomeBeforeTaxRatio": 0.0598534143, "incomeTaxExpense": 32075000, "netIncome": 96455000, "netIncomeRatio": 0.0449168371, "eps": 3.21, "epsdiluted": 3.17, "weightedAverageShsOut": 30084913, "weightedAverageShsOutDil": 30391346, "link": "https://www.sec.gov/Archives/edgar/data/1576940/000157694019000023/0001576940-19-000023-index.htm", "finalLink": "https://www.sec.gov/Archives/edgar/data/1576940/000157694019000023/ccs-20181231x10k.htm", "calculatedOtherExpenses": 0, "calculatedOperatingExpenses": 263981000, "calculatedNetInterest": 0, "calculatedOtherIncome": 13507000, "calculatedIncomeNonControlling": 0, "calculatedEbitda": 127054000}, {"date": "2017-12-31", "symbol": "CCS", "reportedCurrency": "USD", "cik": "0001576940", "fillingDate": "2018-03-01", "acceptedDate": "2018-03-01 15:53:27", "calendarYear": "2017", "period": "FY", "revenue": 1423799000, "costOfRevenue": 1168539000, "grossProfit": 255260000, "grossProfitRatio": 0.1792809238, "researchAndDevelopmentExpenses": 0, "generalAndAdministrativeExpenses": 176185000, "sellingAndMarketingExpenses": 119000, "sellingGeneralAndAdministrativeExpenses": 176304000, "otherExpenses": 2937000, "operatingExpenses": 176304000, "costAndExpenses": 1344843000, "interestIncome": 0, "interestExpense": 0, "depreciationAndAmortization": 6973000, "ebitda": 88861000, "ebitdaratio": 0.0624111971, "operatingIncome": 78956000, "operatingIncomeRatio": 0.0554544567, "totalOtherIncomeExpensesNet": 5208000, "incomeBeforeTax": 84164000, "incomeBeforeTaxRatio": 0.0591122764, "incomeTaxExpense": 33869000, "netIncome": 50295000, "netIncomeRatio": 0.0353245086, "eps": 2.06, "epsdiluted": 2.03, "weightedAverageShsOut": 24280871, "weightedAverageShsOutDil": 24555509, "link": "https://www.sec.gov/Archives/edgar/data/1576940/000157694018000052/0001576940-18-000052-index.htm", "finalLink": "https://www.sec.gov/Archives/edgar/data/1576940/000157694018000052/ccs-20171231x10k.htm", "calculatedOtherExpenses": 0, "calculatedOperatingExpenses": 176304000, "calculatedNetInterest": 0, "calculatedOtherIncome": 5208000, "calculatedIncomeNonControlling": 0, "calculatedEbitda": 85929000}, {"date": "2016-12-31", "symbol": "CCS", "reportedCurrency": "USD", "cik": "0001576940", "fillingDate": "2017-02-15", "acceptedDate": "2017-02-14 18:47:09", "calendarYear": "2016", "period": "FY", "revenue": 994440000, "costOfRevenue": 800344000, "grossProfit": 194096000, "grossProfitRatio": 0.1951812075, "researchAndDevelopmentExpenses": 0, "generalAndAdministrativeExpenses": 0, "sellingAndMarketingExpenses": 0, "sellingGeneralAndAdministrativeExpenses": 122224000, "otherExpenses": 940000, "operatingExpenses": 122224000, "costAndExpenses": 922568000, "interestIncome": 195000, "interestExpense": 5000, "depreciationAndAmortization": 5580000, "ebitda": 73198000, "ebitdaratio": 0.0736072563, "operatingIncome": 71872000, "operatingIncomeRatio": 0.0722738426, "totalOtherIncomeExpensesNet": 1087000, "incomeBeforeTax": 73149000, "incomeBeforeTaxRatio": 0.0735579824, "incomeTaxExpense": 23609000, "netIncome": 49540000, "netIncomeRatio": 0.0498169824, "eps": 2.34, "epsdiluted": 2.33, "weightedAverageShsOut": 20679189, "weightedAverageShsOutDil": 20791937, "link": "https://www.sec.gov/Archives/edgar/data/1576940/000157694017000023/0001576940-17-000023-index.htm", "finalLink": "https://www.sec.gov/Archives/edgar/data/1576940/000157694017000023/ccs-20161231x10k.htm", "calculatedOtherExpenses": 0, "calculatedOperatingExpenses": 122224000, "calculatedNetInterest": 190000, "calculatedOtherIncome": 1087000, "calculatedIncomeNonControlling": 0, "calculatedEbitda": 77452000}, {"date": "2015-12-31", "symbol": "CCS", "reportedCurrency": "USD", "cik": "0001576940", "fillingDate": "2016-02-19", "acceptedDate": "2016-02-18 18:33:25", "calendarYear": "2015", "period": "FY", "revenue": 734489000, "costOfRevenue": 587635000, "grossProfit": 146854000, "grossProfitRatio": 0.1999403667, "researchAndDevelopmentExpenses": 0, "generalAndAdministrativeExpenses": 0, "sellingAndMarketingExpenses": 0, "sellingGeneralAndAdministrativeExpenses": 87840000, "otherExpenses": 1535000, "operatingExpenses": 87840000, "costAndExpenses": 675475000, "interestIncome": 129000, "interestExpense": 10000, "depreciationAndAmortization": 4713000, "ebitda": 60678000, "ebitdaratio": 0.0826125374, "operatingIncome": 59014000, "operatingIncomeRatio": 0.0803470168, "totalOtherIncomeExpensesNet": 1172000, "incomeBeforeTax": 60305000, "incomeBeforeTaxRatio": 0.0821047014, "incomeTaxExpense": 20415000, "netIncome": 39890000, "netIncomeRatio": 0.0543098671, "eps": 1.88, "epsdiluted": 1.88, "weightedAverageShsOut": 20569012, "weightedAverageShsOutDil": 20569012, "link": "https://www.sec.gov/Archives/edgar/data/1576940/000157694016000025/0001576940-16-000025-index.htm", "finalLink": "https://www.sec.gov/Archives/edgar/data/1576940/000157694016000025/ccs-20151231x10k.htm", "calculatedOtherExpenses": 0, "calculatedOperatingExpenses": 87840000, "calculatedNetInterest": 119000, "calculatedOtherIncome": 1172000, "calculatedIncomeNonControlling": 0, "calculatedEbitda": 63727000}, {"date": "2014-12-31", "symbol": "CCS", "reportedCurrency": "USD", "cik": "0001576940", "fillingDate": "2015-03-06", "acceptedDate": "2015-03-05 21:38:01", "calendarYear": "2014", "period": "FY", "revenue": 362392000, "costOfRevenue": 284495000, "grossProfit": 77897000, "grossProfitRatio": 0.2149523168, "researchAndDevelopmentExpenses": 0, "generalAndAdministrativeExpenses": 0, "sellingAndMarketingExpenses": 0, "sellingGeneralAndAdministrativeExpenses": 46795000, "otherExpenses": 736000, "operatingExpenses": 46795000, "costAndExpenses": 331290000, "interestIncome": 362000, "interestExpense": 26000, "depreciationAndAmortization": 2941000, "ebitda": 32200000, "ebitdaratio": 0.0888540586, "operatingIncome": 31102000, "operatingIncomeRatio": 0.0858241904, "totalOtherIncomeExpensesNet": -479000, "incomeBeforeTax": 30959000, "incomeBeforeTaxRatio": 0.0854295901, "incomeTaxExpense": 10937000, "netIncome": 20022000, "netIncomeRatio": 0.055249564, "eps": 1.03, "epsdiluted": 1.03, "weightedAverageShsOut": 19226504, "weightedAverageShsOutDil": 19226504, "link": "https://www.sec.gov/Archives/edgar/data/1576940/000156276215000061/0001562762-15-000061-index.htm", "finalLink": "https://www.sec.gov/Archives/edgar/data/1576940/000156276215000061/ccs-20141231x10k.htm", "calculatedOtherExpenses": 0, "calculatedOperatingExpenses": 46795000, "calculatedNetInterest": 336000, "calculatedOtherIncome": -479000, "calculatedIncomeNonControlling": 0, "calculatedEbitda": 34043000}, {"date": "2013-12-31", "symbol": "CCS", "reportedCurrency": "USD", "cik": "0001576940", "fillingDate": "2013-12-31", "acceptedDate": "2013-12-31 00:00:00", "calendarYear": "2013", "period": "FY", "revenue": 171133000, "costOfRevenue": 129651000, "grossProfit": 41482000, "grossProfitRatio": 0.2423962649, "researchAndDevelopmentExpenses": 0, "generalAndAdministrativeExpenses": 0, "sellingAndMarketingExpenses": 0, "sellingGeneralAndAdministrativeExpenses": 23622000, "otherExpenses": -26000, "operatingExpenses": 23622000, "costAndExpenses": 153273000, "interestIncome": 228000, "interestExpense": 0, "depreciationAndAmortization": 937000, "ebitda": 18999000, "ebitdaratio": 0.1110189151, "operatingIncome": 17860000, "operatingIncomeRatio": 0.104363273, "totalOtherIncomeExpensesNet": -15000, "incomeBeforeTax": 18073000, "incomeBeforeTaxRatio": 0.105607919, "incomeTaxExpense": 5642000, "netIncome": 12379000, "netIncomeRatio": 0.0723355519, "eps": 0.95, "epsdiluted": 0.95, "weightedAverageShsOut": 12873562, "weightedAverageShsOutDil": 12873562, "link": null, "finalLink": null, "calculatedOtherExpenses": 0, "calculatedOperatingExpenses": 23622000, "calculatedNetInterest": 228000, "calculatedOtherIncome": -15000, "calculatedIncomeNonControlling": 52000, "calculatedEbitda": 18797000}, {"date": "2012-12-31", "symbol": "CCS", "reportedCurrency": "USD", "cik": "0001576940", "fillingDate": "2012-12-31", "acceptedDate": "2012-12-31 00:00:00", "calendarYear": "2012", "period": "FY", "revenue": 96030000, "costOfRevenue": 75448000, "grossProfit": 20582000, "grossProfitRatio": 0.2143288556, "researchAndDevelopmentExpenses": 0, "generalAndAdministrativeExpenses": 0, "sellingAndMarketingExpenses": 0, "sellingGeneralAndAdministrativeExpenses": 13496000, "otherExpenses": 342000, "operatingExpenses": 13496000, "costAndExpenses": 88944000, "interestIncome": 11000, "interestExpense": 0, "depreciationAndAmortization": 196000, "ebitda": 7635000, "ebitdaratio": 0.0795064042, "operatingIncome": 7086000, "operatingIncomeRatio": 0.0737894408, "totalOtherIncomeExpensesNet": 342000, "incomeBeforeTax": 7439000, "incomeBeforeTaxRatio": 0.0774653754, "incomeTaxExpense": 1301000, "netIncome": 6138000, "netIncomeRatio": 0.0639175258, "eps": 0.32, "epsdiluted": 0.32, "weightedAverageShsOut": 12873562, "weightedAverageShsOutDil": 12873562, "link": null, "finalLink": null, "calculatedOtherExpenses": 0, "calculatedOperatingExpenses": 13496000, "calculatedNetInterest": 11000, "calculatedOtherIncome": 342000, "calculatedIncomeNonControlling": 0, "calculatedEbitda": 7282000}]}