{"originalCurrency": "USD", "convertedCurrency": "USD", "report": [{"date": "2023-12-31", "symbol": "CCZ", "reportedCurrency": "USD", "cik": "0001166691", "fillingDate": "2024-01-31", "acceptedDate": "2024-01-31 15:42:48", "calendarYear": "2023", "period": "FY", "revenue": 121572000000, "costOfRevenue": 36762000000, "grossProfit": 84810000000, "grossProfitRatio": 0.6976112921, "researchAndDevelopmentExpenses": 0, "generalAndAdministrativeExpenses": 39190000000, "sellingAndMarketingExpenses": 7971000000, "sellingGeneralAndAdministrativeExpenses": 47161000000, "otherExpenses": 592000000, "operatingExpenses": 61497000000, "costAndExpenses": 98259000000, "interestIncome": 4087000000, "interestExpense": 4087000000, "depreciationAndAmortization": 14336000000, "ebitda": 39031000000, "ebitdaratio": 0.321052545, "operatingIncome": 23314000000, "operatingIncomeRatio": 0.1917711315, "totalOtherIncomeExpensesNet": 1251000000, "incomeBeforeTax": 20478000000, "incomeBeforeTaxRatio": 0.1684433916, "incomeTaxExpense": 5371000000, "netIncome": 15388000000, "netIncomeRatio": 0.1265751982, "eps": 3.73, "epsdiluted": 3.71, "weightedAverageShsOut": 4122000000, "weightedAverageShsOutDil": 4148000000, "link": "https://www.sec.gov/Archives/edgar/data/1166691/000116669124000011/0001166691-24-000011-index.htm", "finalLink": "https://www.sec.gov/Archives/edgar/data/1166691/000116669124000011/cmcsa-20231231.htm", "calculatedOtherExpenses": 14335000000, "calculatedOperatingExpenses": 61496000000, "calculatedNetInterest": 0, "calculatedOtherIncome": -2836000000, "calculatedIncomeNonControlling": -281000000, "calculatedEbitda": 37650000000}, {"date": "2022-12-31", "symbol": "CCZ", "reportedCurrency": "USD", "cik": "0001166691", "fillingDate": "2023-02-03", "acceptedDate": "2023-02-03 12:15:04", "calendarYear": "2022", "period": "FY", "revenue": 121427000000, "costOfRevenue": 38213000000, "grossProfit": 83214000000, "grossProfitRatio": 0.6853006333, "researchAndDevelopmentExpenses": 0, "generalAndAdministrativeExpenses": 38263000000, "sellingAndMarketingExpenses": 8506000000, "sellingGeneralAndAdministrativeExpenses": 8506000000, "otherExpenses": 52084000000, "operatingExpenses": 60590000000, "costAndExpenses": 98803000000, "interestIncome": 3896000000, "interestExpense": 3896000000, "depreciationAndAmortization": 13821000000, "ebitda": 35904000000, "ebitdaratio": 0.2956838265, "operatingIncome": 22083000000, "operatingIncomeRatio": 0.1818623535, "totalOtherIncomeExpensesNet": -12799000000, "incomeBeforeTax": 9284000000, "incomeBeforeTaxRatio": 0.07645746, "incomeTaxExpense": 4359000000, "netIncome": 5370000000, "netIncomeRatio": 0.0442241017, "eps": 1.22, "epsdiluted": 1.21, "weightedAverageShsOut": 4406000000, "weightedAverageShsOutDil": 4430000000, "link": "https://www.sec.gov/Archives/edgar/data/1166691/000116669123000010/0001166691-23-000010-index.htm", "finalLink": "https://www.sec.gov/Archives/edgar/data/1166691/000116669123000010/cmcsa-20221231.htm", "calculatedOtherExpenses": 52625000000, "calculatedOperatingExpenses": 61131000000, "calculatedNetInterest": 0, "calculatedOtherIncome": -12799000000, "calculatedIncomeNonControlling": -445000000, "calculatedEbitda": 35904000000}, {"date": "2021-12-31", "symbol": "CCZ", "reportedCurrency": "USD", "cik": "0001166691", "fillingDate": "2022-02-02", "acceptedDate": "2022-02-02 15:15:17", "calendarYear": "2021", "period": "FY", "revenue": 116385000000, "costOfRevenue": 38450000000, "grossProfit": 77935000000, "grossProfitRatio": 0.6696309662, "researchAndDevelopmentExpenses": 0, "generalAndAdministrativeExpenses": 35619000000, "sellingAndMarketingExpenses": 7695000000, "sellingGeneralAndAdministrativeExpenses": 7695000000, "otherExpenses": 49423000000, "operatingExpenses": 57118000000, "costAndExpenses": 95568000000, "interestIncome": 4281000000, "interestExpense": 4281000000, "depreciationAndAmortization": 16022000000, "ebitda": 36839000000, "ebitdaratio": 0.3165270439, "operatingIncome": 20817000000, "operatingIncomeRatio": 0.1788632556, "totalOtherIncomeExpensesNet": -1724000000, "incomeBeforeTax": 19093000000, "incomeBeforeTaxRatio": 0.1640503501, "incomeTaxExpense": 5259000000, "netIncome": 14159000000, "netIncomeRatio": 0.1216565709, "eps": 3.09, "epsdiluted": 3.04, "weightedAverageShsOut": 4584000000, "weightedAverageShsOutDil": 4654000000, "link": "https://www.sec.gov/Archives/edgar/data/1166691/000116669122000009/0001166691-22-000009-index.htm", "finalLink": "https://www.sec.gov/Archives/edgar/data/1166691/000116669122000009/cmcsa-20211231.htm", "calculatedOtherExpenses": 49423000000, "calculatedOperatingExpenses": 57118000000, "calculatedNetInterest": 0, "calculatedOtherIncome": -1724000000, "calculatedIncomeNonControlling": -325000000, "calculatedEbitda": 36839000000}, {"date": "2020-12-31", "symbol": "CCZ", "reportedCurrency": "USD", "cik": "0001166691", "fillingDate": "2021-02-04", "acceptedDate": "2021-02-03 18:08:14", "calendarYear": "2020", "period": "FY", "revenue": 103564000000, "costOfRevenue": 33121000000, "grossProfit": 70443000000, "grossProfitRatio": 0.6801880962, "researchAndDevelopmentExpenses": 0, "generalAndAdministrativeExpenses": 33109000000, "sellingAndMarketingExpenses": 6741000000, "sellingGeneralAndAdministrativeExpenses": 6741000000, "otherExpenses": 46209000000, "operatingExpenses": 52950000000, "costAndExpenses": 86071000000, "interestIncome": 4588000000, "interestExpense": 4588000000, "depreciationAndAmortization": 13246000000, "ebitda": 30739000000, "ebitdaratio": 0.2968116334, "operatingIncome": 17493000000, "operatingIncomeRatio": 0.168910046, "totalOtherIncomeExpensesNet": -3428000000, "incomeBeforeTax": 14065000000, "incomeBeforeTaxRatio": 0.1358097408, "incomeTaxExpense": 3364000000, "netIncome": 10534000000, "netIncomeRatio": 0.1017148816, "eps": 2.3, "epsdiluted": 2.28, "weightedAverageShsOut": 4574000000, "weightedAverageShsOutDil": 4624000000, "link": "https://www.sec.gov/Archives/edgar/data/1166691/000116669121000008/0001166691-21-000008-index.htm", "finalLink": "https://www.sec.gov/Archives/edgar/data/1166691/000116669121000008/cmcsa-20201231.htm", "calculatedOtherExpenses": 46209000000, "calculatedOperatingExpenses": 52950000000, "calculatedNetInterest": 0, "calculatedOtherIncome": -3428000000, "calculatedIncomeNonControlling": 167000000, "calculatedEbitda": 30739000000}, {"date": "2019-12-31", "symbol": "CCZ", "reportedCurrency": "USD", "cik": "0001166691", "fillingDate": "2020-01-30", "acceptedDate": "2020-01-30 16:41:57", "calendarYear": "2019", "period": "FY", "revenue": 108942000000, "costOfRevenue": 34440000000, "grossProfit": 74502000000, "grossProfitRatio": 0.6838684805, "researchAndDevelopmentExpenses": 0, "generalAndAdministrativeExpenses": 32807000000, "sellingAndMarketingExpenses": 7617000000, "sellingGeneralAndAdministrativeExpenses": 7617000000, "otherExpenses": 45760000000, "operatingExpenses": 53377000000, "costAndExpenses": 87817000000, "interestIncome": 4567000000, "interestExpense": 4567000000, "depreciationAndAmortization": 12735000000, "ebitda": 33860000000, "ebitdaratio": 0.3108075857, "operatingIncome": 21125000000, "operatingIncomeRatio": 0.1939105212, "totalOtherIncomeExpensesNet": -4129000000, "incomeBeforeTax": 16996000000, "incomeBeforeTaxRatio": 0.1560096198, "incomeTaxExpense": 3673000000, "netIncome": 13057000000, "netIncomeRatio": 0.1198527657, "eps": 2.87, "epsdiluted": 2.83, "weightedAverageShsOut": 4548000000, "weightedAverageShsOutDil": 4610000000, "link": "https://www.sec.gov/Archives/edgar/data/1166691/000116669120000008/0001166691-20-000008-index.htm", "finalLink": "https://www.sec.gov/Archives/edgar/data/902739/000116669120000008/cmcsa-12312019x10k.htm", "calculatedOtherExpenses": 45760000000, "calculatedOperatingExpenses": 53377000000, "calculatedNetInterest": 0, "calculatedOtherIncome": -4129000000, "calculatedIncomeNonControlling": 266000000, "calculatedEbitda": 33860000000}, {"date": "2018-12-31", "symbol": "CCZ", "reportedCurrency": "USD", "cik": "0001166691", "fillingDate": "2019-01-31", "acceptedDate": "2019-01-31 17:00:03", "calendarYear": "2018", "period": "FY", "revenue": 94507000000, "costOfRevenue": 29692000000, "grossProfit": 64815000000, "grossProfitRatio": 0.6858222142, "researchAndDevelopmentExpenses": 0, "generalAndAdministrativeExpenses": 28094000000, "sellingAndMarketingExpenses": 7036000000, "sellingGeneralAndAdministrativeExpenses": 7036000000, "otherExpenses": 326000000, "operatingExpenses": 45806000000, "costAndExpenses": 75498000000, "interestIncome": 0, "interestExpense": 3542000000, "depreciationAndAmortization": 10676000000, "ebitda": 29988000000, "ebitdaratio": 0.3173098289, "operatingIncome": 19009000000, "operatingIncomeRatio": 0.20113854, "totalOtherIncomeExpensesNet": -225000000, "incomeBeforeTax": 15242000000, "incomeBeforeTaxRatio": 0.1612790587, "incomeTaxExpense": 3380000000, "netIncome": 11731000000, "netIncomeRatio": 0.1241283714, "eps": 2.59, "epsdiluted": 2.53, "weightedAverageShsOut": 4525962522, "weightedAverageShsOutDil": 4640000000, "link": "https://www.sec.gov/Archives/edgar/data/1166691/000116669119000005/0001166691-19-000005-index.htm", "finalLink": "https://www.sec.gov/Archives/edgar/data/902739/000116669119000005/cmcsa-12312018x10k.htm", "calculatedOtherExpenses": 38770000000, "calculatedOperatingExpenses": 45806000000, "calculatedNetInterest": -3542000000, "calculatedOtherIncome": -225000000, "calculatedIncomeNonControlling": 131000000, "calculatedEbitda": 29685000000}, {"date": "2017-12-31", "symbol": "CCZ", "reportedCurrency": "USD", "cik": "0001166691", "fillingDate": "2018-01-31", "acceptedDate": "2018-01-31 16:35:39", "calendarYear": "2017", "period": "FY", "revenue": 84526000000, "costOfRevenue": 25384000000, "grossProfit": 59142000000, "grossProfitRatio": 0.6996900362, "researchAndDevelopmentExpenses": 0, "generalAndAdministrativeExpenses": 25013000000, "sellingAndMarketingExpenses": 6317000000, "sellingGeneralAndAdministrativeExpenses": 6317000000, "otherExpenses": 61000000, "operatingExpenses": 41155000000, "costAndExpenses": 66539000000, "interestIncome": 0, "interestExpense": 3086000000, "depreciationAndAmortization": 9825000000, "ebitda": 28422000000, "ebitdaratio": 0.3362515676, "operatingIncome": 17987000000, "operatingIncomeRatio": 0.2127984289, "totalOtherIncomeExpensesNet": 421000000, "incomeBeforeTax": 15322000000, "incomeBeforeTaxRatio": 0.1812696685, "incomeTaxExpense": -7578000000, "netIncome": 22714000000, "netIncomeRatio": 0.26872205, "eps": 4.89, "epsdiluted": 4.75, "weightedAverageShsOut": 4644508017, "weightedAverageShsOutDil": 4786000000, "link": "https://www.sec.gov/Archives/edgar/data/1166691/000116669118000004/0001166691-18-000004-index.htm", "finalLink": "https://www.sec.gov/Archives/edgar/data/902739/000116669118000004/cmcsa-12312017x10k.htm", "calculatedOtherExpenses": 34838000000, "calculatedOperatingExpenses": 41155000000, "calculatedNetInterest": -3086000000, "calculatedOtherIncome": 421000000, "calculatedIncomeNonControlling": 186000000, "calculatedEbitda": 27812000000}, {"date": "2016-12-31", "symbol": "CCZ", "reportedCurrency": "USD", "cik": "0001166691", "fillingDate": "2017-02-03", "acceptedDate": "2017-02-03 14:34:03", "calendarYear": "2016", "period": "FY", "revenue": 80403000000, "costOfRevenue": 24463000000, "grossProfit": 55940000000, "grossProfitRatio": 0.6957451836, "researchAndDevelopmentExpenses": 0, "generalAndAdministrativeExpenses": 23409000000, "sellingAndMarketingExpenses": 6114000000, "sellingGeneralAndAdministrativeExpenses": 6114000000, "otherExpenses": 327000000, "operatingExpenses": 39081000000, "costAndExpenses": 63544000000, "interestIncome": 0, "interestExpense": 2942000000, "depreciationAndAmortization": 9558000000, "ebitda": 26640000000, "ebitdaratio": 0.3313309205, "operatingIncome": 16859000000, "operatingIncomeRatio": 0.2096812308, "totalOtherIncomeExpensesNet": 436000000, "incomeBeforeTax": 14353000000, "incomeBeforeTaxRatio": 0.1785132396, "incomeTaxExpense": 5308000000, "netIncome": 8695000000, "netIncomeRatio": 0.108142731, "eps": 1.71, "epsdiluted": 1.71, "weightedAverageShsOut": 4875280898, "weightedAverageShsOutDil": 5088771063, "link": "https://www.sec.gov/Archives/edgar/data/1166691/000119312517030512/0001193125-17-030512-index.htm", "finalLink": "https://www.sec.gov/Archives/edgar/data/902739/000119312517030512/d290430d10k.htm", "calculatedOtherExpenses": 32967000000, "calculatedOperatingExpenses": 39081000000, "calculatedNetInterest": -2942000000, "calculatedOtherIncome": 436000000, "calculatedIncomeNonControlling": 350000000, "calculatedEbitda": 26417000000}, {"date": "2015-12-31", "symbol": "CCZ", "reportedCurrency": "USD", "cik": "0001166691", "fillingDate": "2016-02-05", "acceptedDate": "2016-02-05 17:00:05", "calendarYear": "2015", "period": "FY", "revenue": 74510000000, "costOfRevenue": 22550000000, "grossProfit": 51960000000, "grossProfitRatio": 0.6973560596, "researchAndDevelopmentExpenses": 0, "generalAndAdministrativeExpenses": 21339000000, "sellingAndMarketingExpenses": 5943000000, "sellingGeneralAndAdministrativeExpenses": 5943000000, "otherExpenses": 320000000, "operatingExpenses": 35962000000, "costAndExpenses": 58512000000, "interestIncome": 0, "interestExpense": 2702000000, "depreciationAndAmortization": 8680000000, "ebitda": 24673000000, "ebitdaratio": 0.3311367602, "operatingIncome": 15998000000, "operatingIncomeRatio": 0.214709435, "totalOtherIncomeExpensesNet": 76000000, "incomeBeforeTax": 13372000000, "incomeBeforeTaxRatio": 0.1794658435, "incomeTaxExpense": 4959000000, "netIncome": 8163000000, "netIncomeRatio": 0.1095557643, "eps": 1.67, "epsdiluted": 1.62, "weightedAverageShsOut": 4875352351, "weightedAverageShsOutDil": 5036000000, "link": "https://www.sec.gov/Archives/edgar/data/1166691/000119312516452423/0001193125-16-452423-index.htm", "finalLink": "https://www.sec.gov/Archives/edgar/data/902739/000119312516452423/d49239d10k.htm", "calculatedOtherExpenses": 30019000000, "calculatedOperatingExpenses": 35962000000, "calculatedNetInterest": -2702000000, "calculatedOtherIncome": 76000000, "calculatedIncomeNonControlling": 250000000, "calculatedEbitda": 24678000000}, {"date": "2014-12-31", "symbol": "CCZ", "reportedCurrency": "USD", "cik": "0001166691", "fillingDate": "2015-02-27", "acceptedDate": "2015-02-27 13:16:44", "calendarYear": "2014", "period": "FY", "revenue": 68775000000, "costOfRevenue": 20912000000, "grossProfit": 47863000000, "grossProfitRatio": 0.6959360233, "researchAndDevelopmentExpenses": 0, "generalAndAdministrativeExpenses": 19862000000, "sellingAndMarketingExpenses": 5078000000, "sellingGeneralAndAdministrativeExpenses": 5078000000, "otherExpenses": -215000000, "operatingExpenses": 32959000000, "costAndExpenses": 53871000000, "interestIncome": 0, "interestExpense": 2617000000, "depreciationAndAmortization": 8019000000, "ebitda": 22805000000, "ebitdaratio": 0.3315885133, "operatingIncome": 14904000000, "operatingIncomeRatio": 0.2167066521, "totalOtherIncomeExpensesNet": 178000000, "incomeBeforeTax": 12465000000, "incomeBeforeTaxRatio": 0.1812431843, "incomeTaxExpense": 3873000000, "netIncome": 8380000000, "netIncomeRatio": 0.1218466012, "eps": 1.79, "epsdiluted": 1.6, "weightedAverageShsOut": 4672204936, "weightedAverageShsOutDil": 5240000000, "link": "https://www.sec.gov/Archives/edgar/data/1166691/000119312515068526/0001193125-15-068526-index.htm", "finalLink": "https://www.sec.gov/Archives/edgar/data/902739/000119312515068526/d817352d10k.htm", "calculatedOtherExpenses": 27881000000, "calculatedOperatingExpenses": 32959000000, "calculatedNetInterest": -2617000000, "calculatedOtherIncome": 178000000, "calculatedIncomeNonControlling": 212000000, "calculatedEbitda": 22923000000}, {"date": "2013-12-31", "symbol": "CCZ", "reportedCurrency": "USD", "cik": "0001166691", "fillingDate": "2014-02-12", "acceptedDate": "2014-02-12 12:49:52", "calendarYear": "2013", "period": "FY", "revenue": 64657000000, "costOfRevenue": 19670000000, "grossProfit": 44987000000, "grossProfitRatio": 0.695779266, "researchAndDevelopmentExpenses": 0, "generalAndAdministrativeExpenses": 18584000000, "sellingAndMarketingExpenses": 4969000000, "sellingGeneralAndAdministrativeExpenses": 4969000000, "otherExpenses": -364000000, "operatingExpenses": 31424000000, "costAndExpenses": 51094000000, "interestIncome": 0, "interestExpense": 2574000000, "depreciationAndAmortization": 16120000000, "ebitda": 29233000000, "ebitdaratio": 0.4521242866, "operatingIncome": 13563000000, "operatingIncomeRatio": 0.2097684705, "totalOtherIncomeExpensesNet": 126000000, "incomeBeforeTax": 11115000000, "incomeBeforeTaxRatio": 0.1719071408, "incomeTaxExpense": 3980000000, "netIncome": 6816000000, "netIncomeRatio": 0.1054178202, "eps": 1.44, "epsdiluted": 1.28, "weightedAverageShsOut": 4744624821, "weightedAverageShsOutDil": 5330000000, "link": "https://www.sec.gov/Archives/edgar/data/1166691/000119312514047522/0001193125-14-047522-index.htm", "finalLink": "https://www.sec.gov/Archives/edgar/data/902739/000119312514047522/d666576d10k.htm", "calculatedOtherExpenses": 26455000000, "calculatedOperatingExpenses": 31424000000, "calculatedNetInterest": -2574000000, "calculatedOtherIncome": 126000000, "calculatedIncomeNonControlling": 319000000, "calculatedEbitda": 29683000000}, {"date": "2012-12-31", "symbol": "CCZ", "reportedCurrency": "USD", "cik": "0001166691", "fillingDate": "2013-02-21", "acceptedDate": "2013-02-20 18:48:53", "calendarYear": "2012", "period": "FY", "revenue": 62570000000, "costOfRevenue": 19929000000, "grossProfit": 42641000000, "grossProfitRatio": 0.6814927281, "researchAndDevelopmentExpenses": 0, "generalAndAdministrativeExpenses": 17857000000, "sellingAndMarketingExpenses": 4807000000, "sellingGeneralAndAdministrativeExpenses": 4807000000, "otherExpenses": 773000000, "operatingExpenses": 30462000000, "costAndExpenses": 50391000000, "interestIncome": 0, "interestExpense": 2521000000, "depreciationAndAmortization": 17252000000, "ebitda": 31163000000, "ebitdaratio": 0.4980501838, "operatingIncome": 12179000000, "operatingIncomeRatio": 0.1946459965, "totalOtherIncomeExpensesNet": 1951000000, "incomeBeforeTax": 11609000000, "incomeBeforeTaxRatio": 0.1855361995, "incomeTaxExpense": 3744000000, "netIncome": 6203000000, "netIncomeRatio": 0.0991369666, "eps": 1.3, "epsdiluted": 1.14, "weightedAverageShsOut": 4761771108, "weightedAverageShsOutDil": 5434000000, "link": "https://www.sec.gov/Archives/edgar/data/1166691/000119312513067658/0001193125-13-067658-index.htm", "finalLink": "https://www.sec.gov/Archives/edgar/data/1166691/000119312513067658/d458593d10k.htm", "calculatedOtherExpenses": 25655000000, "calculatedOperatingExpenses": 30462000000, "calculatedNetInterest": -2521000000, "calculatedOtherIncome": 1951000000, "calculatedIncomeNonControlling": 1662000000, "calculatedEbitda": 29431000000}, {"date": "2011-12-31", "symbol": "CCZ", "reportedCurrency": "USD", "cik": "0001166691", "fillingDate": "2012-02-23", "acceptedDate": "2012-02-23 07:06:40", "calendarYear": "2011", "period": "FY", "revenue": 55842000000, "costOfRevenue": 37485000000, "grossProfit": 18357000000, "grossProfitRatio": 0.3287310626, "researchAndDevelopmentExpenses": 0, "generalAndAdministrativeExpenses": 12487000000, "sellingAndMarketingExpenses": 4240000000, "sellingGeneralAndAdministrativeExpenses": 16727000000, "otherExpenses": 7636000000, "operatingExpenses": 7636000000, "costAndExpenses": 45121000000, "interestIncome": 0, "interestExpense": 2505000000, "depreciationAndAmortization": 7636000000, "ebitda": 18322000000, "ebitdaratio": 0.3281042943, "operatingIncome": 10721000000, "operatingIncomeRatio": 0.1919881093, "totalOtherIncomeExpensesNet": -9000000, "incomeBeforeTax": 8207000000, "incomeBeforeTaxRatio": 0.1469682318, "incomeTaxExpense": 3050000000, "netIncome": 4160000000, "netIncomeRatio": 0.0744958991, "eps": 0.87, "epsdiluted": 0.75, "weightedAverageShsOut": 4801410194, "weightedAverageShsOutDil": 5556000000, "link": "https://www.sec.gov/Archives/edgar/data/1166691/000119312512073905/0001193125-12-073905-index.htm", "finalLink": "https://www.sec.gov/Archives/edgar/data/1166691/000119312512073905/d262998d10k.htm", "calculatedOtherExpenses": -9091000000, "calculatedOperatingExpenses": 7636000000, "calculatedNetInterest": -2505000000, "calculatedOtherIncome": -9000000, "calculatedIncomeNonControlling": 997000000, "calculatedEbitda": 18357000000}, {"date": "2010-12-31", "symbol": "CCZ", "reportedCurrency": "USD", "cik": "0001166691", "fillingDate": "2011-02-25", "acceptedDate": "2011-02-25 15:02:27", "calendarYear": "2010", "period": "FY", "revenue": 37937000000, "costOfRevenue": 15250000000, "grossProfit": 22687000000, "grossProfitRatio": 0.5980177663, "researchAndDevelopmentExpenses": 0, "generalAndAdministrativeExpenses": 0, "sellingAndMarketingExpenses": 0, "sellingGeneralAndAdministrativeExpenses": 8091000000, "otherExpenses": 6616000000, "operatingExpenses": 14707000000, "costAndExpenses": 29957000000, "interestIncome": 0, "interestExpense": 2156000000, "depreciationAndAmortization": 6616000000, "ebitda": 14455000000, "ebitdaratio": 0.3810264386, "operatingIncome": 7980000000, "operatingIncomeRatio": 0.2103487361, "totalOtherIncomeExpensesNet": 280000000, "incomeBeforeTax": 6104000000, "incomeBeforeTaxRatio": 0.1608983314, "incomeTaxExpense": 2436000000, "netIncome": 3635000000, "netIncomeRatio": 0.0958167488, "eps": 0.75, "epsdiluted": 0.65, "weightedAverageShsOut": 4848320071, "weightedAverageShsOutDil": 5640000000, "link": "https://www.sec.gov/Archives/edgar/data/1166691/000119312511047243/0001193125-11-047243-index.htm", "finalLink": "https://www.sec.gov/Archives/edgar/data/1166691/000119312511047243/d10k.htm", "calculatedOtherExpenses": 6616000000, "calculatedOperatingExpenses": 14707000000, "calculatedNetInterest": -2156000000, "calculatedOtherIncome": 280000000, "calculatedIncomeNonControlling": 33000000, "calculatedEbitda": 14596000000}, {"date": "2009-12-31", "symbol": "CCZ", "reportedCurrency": "USD", "cik": "0001166691", "fillingDate": "2010-02-23", "acceptedDate": "2010-02-23 15:47:53", "calendarYear": "2009", "period": "FY", "revenue": 35756000000, "costOfRevenue": 22042000000, "grossProfit": 13714000000, "grossProfitRatio": 0.3835440206, "researchAndDevelopmentExpenses": 0, "generalAndAdministrativeExpenses": 0, "sellingAndMarketingExpenses": 0, "sellingGeneralAndAdministrativeExpenses": 7646000000, "otherExpenses": 6500000000, "operatingExpenses": 6500000000, "costAndExpenses": 28542000000, "interestIncome": 0, "interestExpense": 2348000000, "depreciationAndAmortization": 6500000000, "ebitda": 13650000000, "ebitdaratio": 0.3817541112, "operatingIncome": 7214000000, "operatingIncomeRatio": 0.2017563486, "totalOtherIncomeExpensesNet": 240000000, "incomeBeforeTax": 5106000000, "incomeBeforeTaxRatio": 0.1428012082, "incomeTaxExpense": 1478000000, "netIncome": 3638000000, "netIncomeRatio": 0.1017451617, "eps": 0.74, "epsdiluted": 0.63, "weightedAverageShsOut": 5764000000, "weightedAverageShsOutDil": 5770000000, "link": "https://www.sec.gov/Archives/edgar/data/1166691/000119312510037551/0001193125-10-037551-index.htm", "finalLink": "https://www.sec.gov/Archives/edgar/data/1166691/000119312510037551/d10k.htm", "calculatedOtherExpenses": -1146000000, "calculatedOperatingExpenses": 6500000000, "calculatedNetInterest": -2348000000, "calculatedOtherIncome": 240000000, "calculatedIncomeNonControlling": -10000000, "calculatedEbitda": 13714000000}, {"date": "2008-12-31", "symbol": "CCZ", "reportedCurrency": "USD", "cik": "0001166691", "fillingDate": "2009-02-20", "acceptedDate": "2009-02-20 13:52:07", "calendarYear": "2008", "period": "FY", "revenue": 34256000000, "costOfRevenue": 13472000000, "grossProfit": 20784000000, "grossProfitRatio": 0.6067258291, "researchAndDevelopmentExpenses": 0, "generalAndAdministrativeExpenses": 0, "sellingAndMarketingExpenses": 0, "sellingGeneralAndAdministrativeExpenses": 7652000000, "otherExpenses": 6400000000, "operatingExpenses": 27524000000, "costAndExpenses": 27524000000, "interestIncome": 0, "interestExpense": 2439000000, "depreciationAndAmortization": 6400000000, "ebitda": 13132000000, "ebitdaratio": 0.3833489024, "operatingIncome": 6732000000, "operatingIncomeRatio": 0.1965203176, "totalOtherIncomeExpensesNet": -235000000, "incomeBeforeTax": 4058000000, "incomeBeforeTaxRatio": 0.1184609995, "incomeTaxExpense": 1533000000, "netIncome": 2547000000, "netIncomeRatio": 0.0743519383, "eps": 0.44, "epsdiluted": 0.43, "weightedAverageShsOut": 5916000000, "weightedAverageShsOutDil": 5916000000, "link": "https://www.sec.gov/Archives/edgar/data/1166691/000119312509033975/0001193125-09-033975-index.htm", "finalLink": "https://www.sec.gov/Archives/edgar/data/1166691/000119312509033975/d10k.htm", "calculatedOtherExpenses": 6400000000, "calculatedOperatingExpenses": 14052000000, "calculatedNetInterest": -2439000000, "calculatedOtherIncome": -235000000, "calculatedIncomeNonControlling": -22000000, "calculatedEbitda": 13132000000}, {"date": "2007-12-31", "symbol": "CCZ", "reportedCurrency": "USD", "cik": "0001166691", "fillingDate": "2008-02-20", "acceptedDate": "2008-02-20 11:54:03", "calendarYear": "2007", "period": "FY", "revenue": 30895000000, "costOfRevenue": 11175000000, "grossProfit": 19720000000, "grossProfitRatio": 0.6382909856, "researchAndDevelopmentExpenses": 0, "generalAndAdministrativeExpenses": 0, "sellingAndMarketingExpenses": 0, "sellingGeneralAndAdministrativeExpenses": 7934000000, "otherExpenses": 6208000000, "operatingExpenses": 14142000000, "costAndExpenses": 25317000000, "interestIncome": 0, "interestExpense": 0, "depreciationAndAmortization": 6208000000, "ebitda": 10830000000, "ebitdaratio": 0.3505421589, "operatingIncome": 5578000000, "operatingIncomeRatio": 0.1805470141, "totalOtherIncomeExpensesNet": 893000000, "incomeBeforeTax": 4349000000, "incomeBeforeTaxRatio": 0.1407671144, "incomeTaxExpense": 1800000000, "netIncome": 2587000000, "netIncomeRatio": 0.0837352322, "eps": 0.42, "epsdiluted": 0.42, "weightedAverageShsOut": 6196000000, "weightedAverageShsOutDil": 6384000000, "link": "https://www.sec.gov/Archives/edgar/data/1166691/000119312508034239/0001193125-08-034239-index.htm", "finalLink": "https://www.sec.gov/Archives/edgar/data/1166691/000119312508034239/d10k.htm", "calculatedOtherExpenses": 6208000000, "calculatedOperatingExpenses": 14142000000, "calculatedNetInterest": 0, "calculatedOtherIncome": -1229000000, "calculatedIncomeNonControlling": -38000000, "calculatedEbitda": 11786000000}, {"date": "2006-12-31", "symbol": "CCZ", "reportedCurrency": "USD", "cik": "0001166691", "fillingDate": "2007-02-26", "acceptedDate": "2007-02-26 12:08:01", "calendarYear": "2006", "period": "FY", "revenue": 24966000000, "costOfRevenue": 9010000000, "grossProfit": 15956000000, "grossProfitRatio": 0.6391091885, "researchAndDevelopmentExpenses": 0, "generalAndAdministrativeExpenses": 0, "sellingAndMarketingExpenses": 0, "sellingGeneralAndAdministrativeExpenses": 6514000000, "otherExpenses": 4823000000, "operatingExpenses": 11337000000, "costAndExpenses": 20347000000, "interestIncome": 0, "interestExpense": 0, "depreciationAndAmortization": 4962000000, "ebitda": 8418000000, "ebitdaratio": 0.3371785628, "operatingIncome": 4619000000, "operatingIncomeRatio": 0.1850116158, "totalOtherIncomeExpensesNet": 1039000000, "incomeBeforeTax": 3594000000, "incomeBeforeTaxRatio": 0.1439557799, "incomeTaxExpense": 1347000000, "netIncome": 2533000000, "netIncomeRatio": 0.1014579829, "eps": 0.4, "epsdiluted": 0.4, "weightedAverageShsOut": 6320000000, "weightedAverageShsOutDil": 6360000000, "link": "https://www.sec.gov/Archives/edgar/data/1166691/000119312507039301/0001193125-07-039301-index.htm", "finalLink": "https://www.sec.gov/Archives/edgar/data/1166691/000119312507039301/d10k.htm", "calculatedOtherExpenses": 4823000000, "calculatedOperatingExpenses": 11337000000, "calculatedNetInterest": 0, "calculatedOtherIncome": -1025000000, "calculatedIncomeNonControlling": -286000000, "calculatedEbitda": 9581000000}, {"date": "2005-12-31", "symbol": "CCZ", "reportedCurrency": "USD", "cik": "0001166691", "fillingDate": "2006-02-22", "acceptedDate": "2006-02-22 16:05:46", "calendarYear": "2005", "period": "FY", "revenue": 22255000000, "costOfRevenue": 7969000000, "grossProfit": 14286000000, "grossProfitRatio": 0.6419231633, "researchAndDevelopmentExpenses": 0, "generalAndAdministrativeExpenses": 0, "sellingAndMarketingExpenses": 0, "sellingGeneralAndAdministrativeExpenses": 5793000000, "otherExpenses": 4803000000, "operatingExpenses": 10596000000, "costAndExpenses": 18565000000, "interestIncome": 0, "interestExpense": 0, "depreciationAndAmortization": 4803000000, "ebitda": 8572000000, "ebitdaratio": 0.3851718715, "operatingIncome": 3690000000, "operatingIncomeRatio": 0.165805437, "totalOtherIncomeExpensesNet": -126000000, "incomeBeforeTax": 1880000000, "incomeBeforeTaxRatio": 0.0844753988, "incomeTaxExpense": 933000000, "netIncome": 928000000, "netIncomeRatio": 0.0416984947, "eps": 0.0933, "epsdiluted": 0.0933, "weightedAverageShsOut": 9885000000, "weightedAverageShsOutDil": 9936000000, "link": "https://www.sec.gov/Archives/edgar/data/1166691/000119312506036698/0001193125-06-036698-index.htm", "finalLink": "https://www.sec.gov/Archives/edgar/data/1166691/000119312506036698/d10k.htm", "calculatedOtherExpenses": 4803000000, "calculatedOperatingExpenses": 10596000000, "calculatedNetInterest": 0, "calculatedOtherIncome": -1810000000, "calculatedIncomeNonControlling": 19000000, "calculatedEbitda": 8493000000}, {"date": "2004-12-31", "symbol": "CCZ", "reportedCurrency": "USD", "cik": "0001166691", "fillingDate": "2005-02-23", "acceptedDate": "2005-02-23 09:28:10", "calendarYear": "2004", "period": "FY", "revenue": 20307000000, "costOfRevenue": 7462000000, "grossProfit": 12845000000, "grossProfitRatio": 0.6325405033, "researchAndDevelopmentExpenses": 0, "generalAndAdministrativeExpenses": 0, "sellingAndMarketingExpenses": 0, "sellingGeneralAndAdministrativeExpenses": 5314000000, "otherExpenses": 4623000000, "operatingExpenses": 9937000000, "costAndExpenses": 17399000000, "interestIncome": 0, "interestExpense": 0, "depreciationAndAmortization": 4623000000, "ebitda": 6665000000, "ebitdaratio": 0.3282119466, "operatingIncome": 2908000000, "operatingIncomeRatio": 0.1432018516, "totalOtherIncomeExpensesNet": 778000000, "incomeBeforeTax": 1810000000, "incomeBeforeTaxRatio": 0.0891318265, "incomeTaxExpense": 826000000, "netIncome": 970000000, "netIncomeRatio": 0.0477667799, "eps": 0.14, "epsdiluted": 0.14, "weightedAverageShsOut": 6720000000, "weightedAverageShsOutDil": 6750000000, "link": "https://www.sec.gov/Archives/edgar/data/1166691/000104746905004437/0001047469-05-004437-index.htm", "finalLink": "https://www.sec.gov/Archives/edgar/data/1166691/000104746905004437/a2141960z10-k.htm", "calculatedOtherExpenses": 4623000000, "calculatedOperatingExpenses": 9937000000, "calculatedNetInterest": 0, "calculatedOtherIncome": -1098000000, "calculatedIncomeNonControlling": 14000000, "calculatedEbitda": 7531000000}, {"date": "2003-12-31", "symbol": "CCZ", "reportedCurrency": "USD", "cik": "0001166691", "fillingDate": "2004-03-12", "acceptedDate": "2004-03-12 17:06:15", "calendarYear": "2003", "period": "FY", "revenue": 18348000000, "costOfRevenue": 7041000000, "grossProfit": 11307000000, "grossProfitRatio": 0.6162524526, "researchAndDevelopmentExpenses": 0, "generalAndAdministrativeExpenses": 0, "sellingAndMarketingExpenses": 0, "sellingGeneralAndAdministrativeExpenses": 4915000000, "otherExpenses": 4438000000, "operatingExpenses": 9353000000, "costAndExpenses": 16394000000, "interestIncome": 0, "interestExpense": -2018000000, "depreciationAndAmortization": 4438000000, "ebitda": 6405000000, "ebitdaratio": 0.3490843689, "operatingIncome": 1954000000, "operatingIncomeRatio": 0.1064966209, "totalOtherIncomeExpensesNet": -73000000, "incomeBeforeTax": -137000000, "incomeBeforeTaxRatio": -0.0074667539, "incomeTaxExpense": -16000000, "netIncome": 3240000000, "netIncomeRatio": 0.1765860039, "eps": 0.48, "epsdiluted": 0.48, "weightedAverageShsOut": 6764617692, "weightedAverageShsOutDil": 6764617692, "link": "https://www.sec.gov/Archives/edgar/data/1166691/000095015904000281/0000950159-04-000281-index.htm", "finalLink": "https://www.sec.gov/Archives/edgar/data/1166691/000095015904000281/comcast10k2003.htm", "calculatedOtherExpenses": 4438000000, "calculatedOperatingExpenses": 9353000000, "calculatedNetInterest": 2018000000, "calculatedOtherIncome": -4109000000, "calculatedIncomeNonControlling": -3361000000, "calculatedEbitda": 6392000000}, {"date": "2002-12-31", "symbol": "CCZ", "reportedCurrency": "USD", "cik": "0001166691", "fillingDate": "2003-03-20", "acceptedDate": "2003-03-20 17:24:06", "calendarYear": "2002", "period": "FY", "revenue": 12460000000, "costOfRevenue": 6304000000, "grossProfit": 6156000000, "grossProfitRatio": 0.4940609952, "researchAndDevelopmentExpenses": 0, "generalAndAdministrativeExpenses": 0, "sellingAndMarketingExpenses": 0, "sellingGeneralAndAdministrativeExpenses": 2465000000, "otherExpenses": 2032000000, "operatingExpenses": 4497000000, "costAndExpenses": 10801000000, "interestIncome": 0, "interestExpense": 0, "depreciationAndAmortization": 2032000000, "ebitda": 4293000000, "ebitdaratio": 0.3445425361, "operatingIncome": 1659000000, "operatingIncomeRatio": 0.1331460674, "totalOtherIncomeExpensesNet": -705000000, "incomeBeforeTax": 70000000, "incomeBeforeTaxRatio": 0.0056179775, "incomeTaxExpense": 134000000, "netIncome": -274000000, "netIncomeRatio": -0.0219903692, "eps": -0.0549, "epsdiluted": -0.0549, "weightedAverageShsOut": 4992503748, "weightedAverageShsOutDil": 4992503748, "link": "https://www.sec.gov/Archives/edgar/data/1166691/000095015903000238/0000950159-03-000238-index.htm", "finalLink": "https://www.sec.gov/Archives/edgar/data/1166691/000095015903000238/comcast200210k.txt", "calculatedOtherExpenses": 2032000000, "calculatedOperatingExpenses": 4497000000, "calculatedNetInterest": 0, "calculatedOtherIncome": -1589000000, "calculatedIncomeNonControlling": 210000000, "calculatedEbitda": 3691000000}, {"date": "2001-12-31", "symbol": "CCZ", "reportedCurrency": "USD", "cik": "0001166691", "fillingDate": "2001-12-31", "acceptedDate": "2001-12-30 19:00:00", "calendarYear": "2001", "period": "FY", "revenue": 9674200000, "costOfRevenue": 5419800000, "grossProfit": 4254400000, "grossProfitRatio": 0.4397676294, "researchAndDevelopmentExpenses": 0, "generalAndAdministrativeExpenses": 0, "sellingAndMarketingExpenses": 0, "sellingGeneralAndAdministrativeExpenses": 1552600000, "otherExpenses": 3448000000, "operatingExpenses": 5000600000, "costAndExpenses": 10420400000, "interestIncome": 0, "interestExpense": 0, "depreciationAndAmortization": 3448000000, "ebitda": 1429300000, "ebitdaratio": 0.1477434827, "operatingIncome": -746200000, "operatingIncomeRatio": -0.0771329929, "totalOtherIncomeExpensesNet": 1272500000, "incomeBeforeTax": 695800000, "incomeBeforeTaxRatio": 0.0719232598, "incomeTaxExpense": 470200000, "netIncome": 608600000, "netIncomeRatio": 0.0629095946, "eps": 0.21, "epsdiluted": 0.21, "weightedAverageShsOut": 4271514243, "weightedAverageShsOutDil": 4338080961, "link": "", "finalLink": "", "calculatedOtherExpenses": 3448000000, "calculatedOperatingExpenses": 5000600000, "calculatedNetInterest": 0, "calculatedOtherIncome": 1442000000, "calculatedIncomeNonControlling": -383000000, "calculatedEbitda": 2701800000}, {"date": "2000-12-31", "symbol": "CCZ", "reportedCurrency": "USD", "cik": "0001166691", "fillingDate": "2000-12-31", "acceptedDate": "2000-12-30 19:00:00", "calendarYear": "2000", "period": "FY", "revenue": 8218600000, "costOfRevenue": 4497400000, "grossProfit": 3721200000, "grossProfitRatio": 0.4527778454, "researchAndDevelopmentExpenses": 0, "generalAndAdministrativeExpenses": 0, "sellingAndMarketingExpenses": 0, "sellingGeneralAndAdministrativeExpenses": 1250900000, "otherExpenses": 2631300000, "operatingExpenses": 3882200000, "costAndExpenses": 8379600000, "interestIncome": 0, "interestExpense": 0, "depreciationAndAmortization": 2631300000, "ebitda": -1983800000, "ebitdaratio": -0.2413793103, "operatingIncome": -161000000, "operatingIncomeRatio": -0.0195897111, "totalOtherIncomeExpensesNet": 4454100000, "incomeBeforeTax": 3486400000, "incomeBeforeTaxRatio": 0.4242085027, "incomeTaxExpense": 1441300000, "netIncome": 2021500000, "netIncomeRatio": 0.2459664663, "eps": 0.75, "epsdiluted": 0.71, "weightedAverageShsOut": 4267016493, "weightedAverageShsOutDil": 4267016493, "link": "", "finalLink": "", "calculatedOtherExpenses": 2631300000, "calculatedOperatingExpenses": 3882200000, "calculatedNetInterest": 0, "calculatedOtherIncome": 3647400000, "calculatedIncomeNonControlling": 23600000, "calculatedEbitda": 2470300000}, {"date": "1999-12-31", "symbol": "CCZ", "reportedCurrency": "USD", "cik": "0001166691", "fillingDate": "1999-12-31", "acceptedDate": "1999-12-30 19:00:00", "calendarYear": "1999", "period": "FY", "revenue": 6209200000, "costOfRevenue": 3403200000, "grossProfit": 2806000000, "grossProfitRatio": 0.4519100689, "researchAndDevelopmentExpenses": 0, "generalAndAdministrativeExpenses": 0, "sellingAndMarketingExpenses": 0, "sellingGeneralAndAdministrativeExpenses": 926000000, "otherExpenses": 1216000000, "operatingExpenses": 2142000000, "costAndExpenses": 5545200000, "interestIncome": 0, "interestExpense": 0, "depreciationAndAmortization": 1216000000, "ebitda": 505700000, "ebitdaratio": 0.0814436642, "operatingIncome": 664000000, "operatingIncomeRatio": 0.1069380919, "totalOtherIncomeExpensesNet": 1374300000, "incomeBeforeTax": 1504600000, "incomeBeforeTaxRatio": 0.2423178509, "incomeTaxExpense": 723700000, "netIncome": 1065700000, "netIncomeRatio": 0.1716324164, "eps": 0.46, "epsdiluted": 0.44, "weightedAverageShsOut": 2251048389, "weightedAverageShsOutDil": 2353368770, "link": "", "finalLink": "", "calculatedOtherExpenses": 1216000000, "calculatedOperatingExpenses": 2142000000, "calculatedNetInterest": 0, "calculatedOtherIncome": 840600000, "calculatedIncomeNonControlling": -284800000, "calculatedEbitda": 1880000000}, {"date": "1998-12-31", "symbol": "CCZ", "reportedCurrency": "USD", "cik": "0001166691", "fillingDate": "1998-12-31", "acceptedDate": "1998-12-30 19:00:00", "calendarYear": "1998", "period": "FY", "revenue": 5145300000, "costOfRevenue": 0, "grossProfit": 5145300000, "grossProfitRatio": 1, "researchAndDevelopmentExpenses": 0, "generalAndAdministrativeExpenses": 0, "sellingAndMarketingExpenses": 0, "sellingGeneralAndAdministrativeExpenses": 0, "otherExpenses": 0, "operatingExpenses": 0, "costAndExpenses": 0, "interestIncome": 0, "interestExpense": 0, "depreciationAndAmortization": 939600000, "ebitda": 6084900000, "ebitdaratio": 1.1826132587, "operatingIncome": 5145300000, "operatingIncomeRatio": 1, "totalOtherIncomeExpensesNet": 0, "incomeBeforeTax": 0, "incomeBeforeTaxRatio": 0, "incomeTaxExpense": 4173200000, "netIncome": 972100000, "netIncomeRatio": 0.1889297028, "eps": 0.43, "epsdiluted": 0.4, "weightedAverageShsOut": 2209051724, "weightedAverageShsOutDil": 2356321839, "link": "", "finalLink": "", "calculatedOtherExpenses": 0, "calculatedOperatingExpenses": 0, "calculatedNetInterest": 0, "calculatedOtherIncome": -5145300000, "calculatedIncomeNonControlling": -5145300000, "calculatedEbitda": 6084900000}, {"date": "1997-12-31", "symbol": "CCZ", "reportedCurrency": "USD", "cik": "0001166691", "fillingDate": "1997-12-31", "acceptedDate": "1997-12-30 19:00:00", "calendarYear": "1997", "period": "FY", "revenue": 4912600000, "costOfRevenue": 0, "grossProfit": 4912600000, "grossProfitRatio": 1, "researchAndDevelopmentExpenses": 0, "generalAndAdministrativeExpenses": 0, "sellingAndMarketingExpenses": 0, "sellingGeneralAndAdministrativeExpenses": 0, "otherExpenses": 0, "operatingExpenses": 0, "costAndExpenses": 0, "interestIncome": 0, "interestExpense": 0, "depreciationAndAmortization": 936400000, "ebitda": 5849000000, "ebitdaratio": 1.1906118959, "operatingIncome": 4912600000, "operatingIncomeRatio": 1, "totalOtherIncomeExpensesNet": 0, "incomeBeforeTax": 0, "incomeBeforeTaxRatio": 0, "incomeTaxExpense": 5151300000, "netIncome": -238700000, "netIncomeRatio": -0.0485893417, "eps": -0.12, "epsdiluted": -0.12, "weightedAverageShsOut": 2000315632, "weightedAverageShsOutDil": 2000315632, "link": "", "finalLink": "", "calculatedOtherExpenses": 0, "calculatedOperatingExpenses": 0, "calculatedNetInterest": 0, "calculatedOtherIncome": -4912600000, "calculatedIncomeNonControlling": -4912600000, "calculatedEbitda": 5849000000}, {"date": "1996-12-31", "symbol": "CCZ", "reportedCurrency": "USD", "cik": "0001166691", "fillingDate": "1996-12-31", "acceptedDate": "1996-12-30 19:00:00", "calendarYear": "1996", "period": "FY", "revenue": 4038400000, "costOfRevenue": 2059600000, "grossProfit": 1978800000, "grossProfitRatio": 0.489996038, "researchAndDevelopmentExpenses": 0, "generalAndAdministrativeExpenses": 0, "sellingAndMarketingExpenses": 0, "sellingGeneralAndAdministrativeExpenses": 771600000, "otherExpenses": 698300000, "operatingExpenses": 1469900000, "costAndExpenses": 3529500000, "interestIncome": 0, "interestExpense": 0, "depreciationAndAmortization": 698300000, "ebitda": 1191400000, "ebitdaratio": 0.2950178288, "operatingIncome": 508900000, "operatingIncomeRatio": 0.1260152536, "totalOtherIncomeExpensesNet": 15800000, "incomeBeforeTax": 31900000, "incomeBeforeTaxRatio": 0.007899168, "incomeTaxExpense": 84400000, "netIncome": -53500000, "netIncomeRatio": -0.0132478209, "eps": -0.0362, "epsdiluted": -0.0362, "weightedAverageShsOut": 1477443097, "weightedAverageShsOutDil": 1477443097, "link": "", "finalLink": "", "calculatedOtherExpenses": 698300000, "calculatedOperatingExpenses": 1469900000, "calculatedNetInterest": 0, "calculatedOtherIncome": -477000000, "calculatedIncomeNonControlling": 1000000, "calculatedEbitda": 1207200000}, {"date": "1995-12-31", "symbol": "CCZ", "reportedCurrency": "USD", "cik": "0001166691", "fillingDate": "1995-12-31", "acceptedDate": "1995-12-30 19:00:00", "calendarYear": "1995", "period": "FY", "revenue": 3362900000, "costOfRevenue": 0, "grossProfit": 3362900000, "grossProfitRatio": 1, "researchAndDevelopmentExpenses": 0, "generalAndAdministrativeExpenses": 0, "sellingAndMarketingExpenses": 0, "sellingGeneralAndAdministrativeExpenses": 0, "otherExpenses": 0, "operatingExpenses": 0, "costAndExpenses": 0, "interestIncome": 0, "interestExpense": 0, "depreciationAndAmortization": 689100000, "ebitda": 4052000000, "ebitdaratio": 1.2049124268, "operatingIncome": 3362900000, "operatingIncomeRatio": 1, "totalOtherIncomeExpensesNet": 0, "incomeBeforeTax": 0, "incomeBeforeTaxRatio": 0, "incomeTaxExpense": 3406800000, "netIncome": -43900000, "netIncomeRatio": -0.0130542092, "eps": -0.03, "epsdiluted": -0.03, "weightedAverageShsOut": 1462602032, "weightedAverageShsOutDil": 1462602032, "link": "", "finalLink": "", "calculatedOtherExpenses": 0, "calculatedOperatingExpenses": 0, "calculatedNetInterest": 0, "calculatedOtherIncome": -3362900000, "calculatedIncomeNonControlling": -3362900000, "calculatedEbitda": 4052000000}, {"date": "1994-12-31", "symbol": "CCZ", "reportedCurrency": "USD", "cik": "0001166691", "fillingDate": "1994-12-31", "acceptedDate": "1994-12-30 19:00:00", "calendarYear": "1994", "period": "FY", "revenue": 1375300000, "costOfRevenue": 0, "grossProfit": 1375300000, "grossProfitRatio": 1, "researchAndDevelopmentExpenses": 0, "generalAndAdministrativeExpenses": 0, "sellingAndMarketingExpenses": 0, "sellingGeneralAndAdministrativeExpenses": 0, "otherExpenses": 0, "operatingExpenses": 0, "costAndExpenses": 0, "interestIncome": 0, "interestExpense": 0, "depreciationAndAmortization": 336500000, "ebitda": 1711800000, "ebitdaratio": 1.2446738893, "operatingIncome": 1375300000, "operatingIncomeRatio": 1, "totalOtherIncomeExpensesNet": 0, "incomeBeforeTax": 0, "incomeBeforeTaxRatio": 0, "incomeTaxExpense": 1462300000, "netIncome": -87000000, "netIncomeRatio": -0.0632589253, "eps": -0.0634, "epsdiluted": -0.0634, "weightedAverageShsOut": 1372997712, "weightedAverageShsOutDil": 1372997712, "link": "", "finalLink": "", "calculatedOtherExpenses": 0, "calculatedOperatingExpenses": 0, "calculatedNetInterest": 0, "calculatedOtherIncome": -1375300000, "calculatedIncomeNonControlling": -1375300000, "calculatedEbitda": 1711800000}, {"date": "1993-12-31", "symbol": "CCZ", "reportedCurrency": "USD", "cik": "0001166691", "fillingDate": "1993-12-31", "acceptedDate": "1993-12-30 19:00:00", "calendarYear": "1993", "period": "FY", "revenue": 1375300000, "costOfRevenue": 0, "grossProfit": 1375300000, "grossProfitRatio": 1, "researchAndDevelopmentExpenses": 0, "generalAndAdministrativeExpenses": 0, "sellingAndMarketingExpenses": 0, "sellingGeneralAndAdministrativeExpenses": 0, "otherExpenses": 0, "operatingExpenses": 0, "costAndExpenses": 0, "interestIncome": 0, "interestExpense": 0, "depreciationAndAmortization": 341500000, "ebitda": 1716800000, "ebitdaratio": 1.2483094598, "operatingIncome": 1375300000, "operatingIncomeRatio": 1, "totalOtherIncomeExpensesNet": 0, "incomeBeforeTax": 0, "incomeBeforeTaxRatio": 0, "incomeTaxExpense": 1462300000, "netIncome": -87000000, "netIncomeRatio": -0.0632589253, "eps": -0.65, "epsdiluted": -0.65, "weightedAverageShsOut": 134816313, "weightedAverageShsOutDil": 134816313, "link": "", "finalLink": "", "calculatedOtherExpenses": 0, "calculatedOperatingExpenses": 0, "calculatedNetInterest": 0, "calculatedOtherIncome": -1375300000, "calculatedIncomeNonControlling": -1375300000, "calculatedEbitda": 1716800000}, {"date": "1992-12-31", "symbol": "CCZ", "reportedCurrency": "USD", "cik": "0001166691", "fillingDate": "1992-12-31", "acceptedDate": "1992-12-30 19:00:00", "calendarYear": "1992", "period": "FY", "revenue": 900300000, "costOfRevenue": 275500000, "grossProfit": 624800000, "grossProfitRatio": 0.6939908919, "researchAndDevelopmentExpenses": 0, "generalAndAdministrativeExpenses": 0, "sellingAndMarketingExpenses": 0, "sellingGeneralAndAdministrativeExpenses": 227700000, "otherExpenses": 232000000, "operatingExpenses": 459700000, "costAndExpenses": 735200000, "interestIncome": 0, "interestExpense": 0, "depreciationAndAmortization": 232000000, "ebitda": 452100000, "ebitdaratio": 0.5021659447, "operatingIncome": 165100000, "operatingIncomeRatio": 0.1833833167, "totalOtherIncomeExpensesNet": -55000000, "incomeBeforeTax": -203900000, "incomeBeforeTaxRatio": -0.2264800622, "incomeTaxExpense": 14000000, "netIncome": -270200000, "netIncomeRatio": -0.3001221815, "eps": -0.22, "epsdiluted": -0.22, "weightedAverageShsOut": 1209246123, "weightedAverageShsOutDil": 1209246123, "link": "", "finalLink": "", "calculatedOtherExpenses": 232000000, "calculatedOperatingExpenses": 459700000, "calculatedNetInterest": 0, "calculatedOtherIncome": -369000000, "calculatedIncomeNonControlling": 52300000, "calculatedEbitda": 397100000}, {"date": "1991-12-31", "symbol": "CCZ", "reportedCurrency": "USD", "cik": "0001166691", "fillingDate": "1991-12-31", "acceptedDate": "1991-12-30 19:00:00", "calendarYear": "1991", "period": "FY", "revenue": 721000000, "costOfRevenue": 252100000, "grossProfit": 468900000, "grossProfitRatio": 0.6503467406, "researchAndDevelopmentExpenses": 0, "generalAndAdministrativeExpenses": 0, "sellingAndMarketingExpenses": 0, "sellingGeneralAndAdministrativeExpenses": 159600000, "otherExpenses": 164300000, "operatingExpenses": 323900000, "costAndExpenses": 576000000, "interestIncome": 0, "interestExpense": 0, "depreciationAndAmortization": 164300000, "ebitda": 347300000, "ebitdaratio": 0.4816920943, "operatingIncome": 145000000, "operatingIncomeRatio": 0.20110957, "totalOtherIncomeExpensesNet": -38000000, "incomeBeforeTax": -142800000, "incomeBeforeTaxRatio": -0.1980582524, "incomeTaxExpense": 12800000, "netIncome": -155600000, "netIncomeRatio": -0.2158113731, "eps": -0.15, "epsdiluted": -0.15, "weightedAverageShsOut": 1060378901, "weightedAverageShsOutDil": 1060378901, "link": "", "finalLink": "", "calculatedOtherExpenses": 164300000, "calculatedOperatingExpenses": 323900000, "calculatedNetInterest": 0, "calculatedOtherIncome": -287800000, "calculatedIncomeNonControlling": 0, "calculatedEbitda": 309300000}, {"date": "1990-12-31", "symbol": "CCZ", "reportedCurrency": "USD", "cik": "0001166691", "fillingDate": "1990-12-31", "acceptedDate": "1990-12-30 19:00:00", "calendarYear": "1990", "period": "FY", "revenue": 657000000, "costOfRevenue": 243900000, "grossProfit": 413100000, "grossProfitRatio": 0.6287671233, "researchAndDevelopmentExpenses": 0, "generalAndAdministrativeExpenses": 0, "sellingAndMarketingExpenses": 0, "sellingGeneralAndAdministrativeExpenses": 141900000, "otherExpenses": 161200000, "operatingExpenses": 303100000, "costAndExpenses": 547000000, "interestIncome": 0, "interestExpense": 0, "depreciationAndAmortization": 161200000, "ebitda": 323700000, "ebitdaratio": 0.4926940639, "operatingIncome": 110000000, "operatingIncomeRatio": 0.1674277017, "totalOtherIncomeExpensesNet": -52500000, "incomeBeforeTax": -183100000, "incomeBeforeTaxRatio": -0.2786910198, "incomeTaxExpense": -4700000, "netIncome": -178400000, "netIncomeRatio": -0.2715372907, "eps": -0.17, "epsdiluted": -0.17, "weightedAverageShsOut": 1067013663, "weightedAverageShsOutDil": 1067013663, "link": "", "finalLink": "", "calculatedOtherExpenses": 161200000, "calculatedOperatingExpenses": 303100000, "calculatedNetInterest": 0, "calculatedOtherIncome": -293100000, "calculatedIncomeNonControlling": 0, "calculatedEbitda": 271200000}, {"date": "1989-12-31", "symbol": "CCZ", "reportedCurrency": "USD", "cik": "0001166691", "fillingDate": "1989-12-31", "acceptedDate": "1989-12-30 19:00:00", "calendarYear": "1989", "period": "FY", "revenue": 562300000, "costOfRevenue": 208000000, "grossProfit": 354300000, "grossProfitRatio": 0.6300906989, "researchAndDevelopmentExpenses": 0, "generalAndAdministrativeExpenses": 0, "sellingAndMarketingExpenses": 0, "sellingGeneralAndAdministrativeExpenses": 130500000, "otherExpenses": 133900000, "operatingExpenses": 264400000, "costAndExpenses": 472400000, "interestIncome": 0, "interestExpense": 0, "depreciationAndAmortization": 133900000, "ebitda": 309200000, "ebitdaratio": 0.5498844033, "operatingIncome": 89900000, "operatingIncomeRatio": 0.1598790681, "totalOtherIncomeExpensesNet": -85400000, "incomeBeforeTax": -146900000, "incomeBeforeTaxRatio": -0.2612484439, "incomeTaxExpense": 1900000, "netIncome": -148800000, "netIncomeRatio": -0.2646274231, "eps": -0.15, "epsdiluted": -0.15, "weightedAverageShsOut": 1001626846, "weightedAverageShsOutDil": 1001626846, "link": "", "finalLink": "", "calculatedOtherExpenses": 133900000, "calculatedOperatingExpenses": 264400000, "calculatedNetInterest": 0, "calculatedOtherIncome": -236800000, "calculatedIncomeNonControlling": 0, "calculatedEbitda": 223800000}, {"date": "1988-12-31", "symbol": "CCZ", "reportedCurrency": "USD", "cik": "0001166691", "fillingDate": "1988-12-31", "acceptedDate": "1988-12-30 19:00:00", "calendarYear": "1988", "period": "FY", "revenue": 449900000, "costOfRevenue": 171400000, "grossProfit": 278500000, "grossProfitRatio": 0.6190264503, "researchAndDevelopmentExpenses": 0, "generalAndAdministrativeExpenses": 0, "sellingAndMarketingExpenses": 0, "sellingGeneralAndAdministrativeExpenses": 101600000, "otherExpenses": 111500000, "operatingExpenses": 213100000, "costAndExpenses": 384500000, "interestIncome": 0, "interestExpense": 0, "depreciationAndAmortization": 111500000, "ebitda": 166100000, "ebitdaratio": 0.369193154, "operatingIncome": 65400000, "operatingIncomeRatio": 0.1453656368, "totalOtherIncomeExpensesNet": 10800000, "incomeBeforeTax": -44400000, "incomeBeforeTaxRatio": -0.0986885975, "incomeTaxExpense": 3200000, "netIncome": -47600000, "netIncomeRatio": -0.1058012892, "eps": -0.08, "epsdiluted": -0.08, "weightedAverageShsOut": 594702649, "weightedAverageShsOutDil": 594702649, "link": "", "finalLink": "", "calculatedOtherExpenses": 111500000, "calculatedOperatingExpenses": 213100000, "calculatedNetInterest": 0, "calculatedOtherIncome": -109800000, "calculatedIncomeNonControlling": 0, "calculatedEbitda": 176900000}, {"date": "1987-12-31", "symbol": "CCZ", "reportedCurrency": "USD", "cik": "0001166691", "fillingDate": "1987-12-31", "acceptedDate": "1987-12-30 19:00:00", "calendarYear": "1987", "period": "FY", "revenue": 309300000, "costOfRevenue": 118100000, "grossProfit": 191200000, "grossProfitRatio": 0.6181700614, "researchAndDevelopmentExpenses": 0, "generalAndAdministrativeExpenses": 0, "sellingAndMarketingExpenses": 0, "sellingGeneralAndAdministrativeExpenses": 78900000, "otherExpenses": 66100000, "operatingExpenses": 145000000, "costAndExpenses": 263100000, "interestIncome": 0, "interestExpense": 0, "depreciationAndAmortization": 66100000, "ebitda": 90600000, "ebitdaratio": 0.2929194956, "operatingIncome": 46200000, "operatingIncomeRatio": 0.1493695441, "totalOtherIncomeExpensesNet": 21700000, "incomeBeforeTax": 3700000, "incomeBeforeTaxRatio": 0.011962496, "incomeTaxExpense": 13100000, "netIncome": -9400000, "netIncomeRatio": -0.0303912059, "eps": -0.0167, "epsdiluted": -0.0167, "weightedAverageShsOut": 563718141, "weightedAverageShsOutDil": 563718141, "link": "", "finalLink": "", "calculatedOtherExpenses": 66100000, "calculatedOperatingExpenses": 145000000, "calculatedNetInterest": 0, "calculatedOtherIncome": -42500000, "calculatedIncomeNonControlling": 0, "calculatedEbitda": 112300000}, {"date": "1986-12-31", "symbol": "CCZ", "reportedCurrency": "USD", "cik": "0001166691", "fillingDate": "1986-12-31", "acceptedDate": "1986-12-30 19:00:00", "calendarYear": "1986", "period": "FY", "revenue": 130900000, "costOfRevenue": 50100000, "grossProfit": 80800000, "grossProfitRatio": 0.6172650879, "researchAndDevelopmentExpenses": 0, "generalAndAdministrativeExpenses": 0, "sellingAndMarketingExpenses": 0, "sellingGeneralAndAdministrativeExpenses": 34200000, "otherExpenses": 17800000, "operatingExpenses": 52000000, "costAndExpenses": 102100000, "interestIncome": 0, "interestExpense": 0, "depreciationAndAmortization": 17800000, "ebitda": 37000000, "ebitdaratio": 0.282658518, "operatingIncome": 28800000, "operatingIncomeRatio": 0.2200152788, "totalOtherIncomeExpensesNet": 9600000, "incomeBeforeTax": 13400000, "incomeBeforeTaxRatio": 0.10236822, "incomeTaxExpense": 12400000, "netIncome": 1000000, "netIncomeRatio": 0.0076394194, "eps": 0.0033, "epsdiluted": 0.0033, "weightedAverageShsOut": 299850075, "weightedAverageShsOutDil": 299850075, "link": "", "finalLink": "", "calculatedOtherExpenses": 17800000, "calculatedOperatingExpenses": 52000000, "calculatedNetInterest": 0, "calculatedOtherIncome": -15400000, "calculatedIncomeNonControlling": 0, "calculatedEbitda": 46600000}, {"date": "1985-12-31", "symbol": "CCZ", "reportedCurrency": "USD", "cik": "0001166691", "fillingDate": "1985-12-31", "acceptedDate": "1985-12-30 19:00:00", "calendarYear": "1985", "period": "FY", "revenue": 117300000, "costOfRevenue": 47700000, "grossProfit": 69600000, "grossProfitRatio": 0.5933503836, "researchAndDevelopmentExpenses": 0, "generalAndAdministrativeExpenses": 0, "sellingAndMarketingExpenses": 0, "sellingGeneralAndAdministrativeExpenses": 32200000, "otherExpenses": 15600000, "operatingExpenses": 47800000, "costAndExpenses": 95500000, "interestIncome": 0, "interestExpense": 0, "depreciationAndAmortization": 15600000, "ebitda": 19300000, "ebitdaratio": 0.1645353794, "operatingIncome": 21800000, "operatingIncomeRatio": 0.1858482523, "totalOtherIncomeExpensesNet": 18100000, "incomeBeforeTax": 23300000, "incomeBeforeTaxRatio": 0.1986359761, "incomeTaxExpense": 8700000, "netIncome": 14600000, "netIncomeRatio": 0.1244671782, "eps": 0.0367, "epsdiluted": 0.0367, "weightedAverageShsOut": 397982827, "weightedAverageShsOutDil": 397982827, "link": "", "finalLink": "", "calculatedOtherExpenses": 15600000, "calculatedOperatingExpenses": 47800000, "calculatedNetInterest": 0, "calculatedOtherIncome": 1500000, "calculatedIncomeNonControlling": 0, "calculatedEbitda": 37400000}]}