{"originalCurrency": "USD", "convertedCurrency": "USD", "report": [{"date": "2023-12-31", "symbol": "CDE", "reportedCurrency": "USD", "cik": "0000215466", "fillingDate": "2024-02-21", "acceptedDate": "2024-02-21 16:35:12", "calendarYear": "2023", "period": "FY", "revenue": 821206000, "costOfRevenue": 732718000, "grossProfit": 88488000, "grossProfitRatio": 0.1077537183, "researchAndDevelopmentExpenses": 54636000, "generalAndAdministrativeExpenses": 41605000, "sellingAndMarketingExpenses": 0, "sellingGeneralAndAdministrativeExpenses": 41605000, "otherExpenses": 5314000, "operatingExpenses": 127203000, "costAndExpenses": 859921000, "interestIncome": 3798000, "interestExpense": 26390000, "depreciationAndAmortization": 99822000, "ebitda": 63712000, "ebitdaratio": 0.0775834565, "operatingIncome": -36110000, "operatingIncomeRatio": -0.0439719145, "totalOtherIncomeExpensesNet": -642000, "incomeBeforeTax": -68456000, "incomeBeforeTaxRatio": -0.0833603262, "incomeTaxExpense": 35156000, "netIncome": -103612000, "netIncomeRatio": -0.1261705346, "eps": -0.3, "epsdiluted": -0.3, "weightedAverageShsOut": 343059000, "weightedAverageShsOutDil": 343059000, "link": "https://www.sec.gov/Archives/edgar/data/215466/000021546624000008/0000215466-24-000008-index.htm", "finalLink": "https://www.sec.gov/Archives/edgar/data/215466/000021546624000008/cde-20231231.htm", "calculatedOtherExpenses": 28357000, "calculatedOperatingExpenses": 124598000, "calculatedNetInterest": -22592000, "calculatedOtherIncome": -9754000, "calculatedIncomeNonControlling": 0, "calculatedEbitda": 63712000}, {"date": "2022-12-31", "symbol": "CDE", "reportedCurrency": "USD", "cik": "0000215466", "fillingDate": "2023-02-22", "acceptedDate": "2023-02-22 16:57:23", "calendarYear": "2022", "period": "FY", "revenue": 785636000, "costOfRevenue": 718156000, "grossProfit": 67480000, "grossProfitRatio": 0.0858921943, "researchAndDevelopmentExpenses": 41287000, "generalAndAdministrativeExpenses": 39460000, "sellingAndMarketingExpenses": 0, "sellingGeneralAndAdministrativeExpenses": 39460000, "otherExpenses": 67911000, "operatingExpenses": 107371000, "costAndExpenses": 825527000, "interestIncome": 23861000, "interestExpense": 23861000, "depreciationAndAmortization": 111626000, "ebitda": 138706000, "ebitdaratio": 0.1765525001, "operatingIncome": 27080000, "operatingIncomeRatio": 0.0344688889, "totalOtherIncomeExpensesNet": -90529000, "incomeBeforeTax": -63449000, "incomeBeforeTaxRatio": -0.0807613195, "incomeTaxExpense": 14658000, "netIncome": -78107000, "netIncomeRatio": -0.0994188148, "eps": -0.28, "epsdiluted": -0.28, "weightedAverageShsOut": 275178000, "weightedAverageShsOutDil": 275178000, "link": "https://www.sec.gov/Archives/edgar/data/215466/000021546623000027/0000215466-23-000027-index.htm", "finalLink": "https://www.sec.gov/Archives/edgar/data/215466/000021546623000027/cde-20221231.htm", "calculatedOtherExpenses": -40347000, "calculatedOperatingExpenses": 40400000, "calculatedNetInterest": 0, "calculatedOtherIncome": -90529000, "calculatedIncomeNonControlling": 0, "calculatedEbitda": 138706000}, {"date": "2021-12-31", "symbol": "CDE", "reportedCurrency": "USD", "cik": "0000215466", "fillingDate": "2022-02-16", "acceptedDate": "2022-02-16 16:41:48", "calendarYear": "2021", "period": "FY", "revenue": 832828000, "costOfRevenue": 639854000, "grossProfit": 192974000, "grossProfitRatio": 0.2317093085, "researchAndDevelopmentExpenses": 48678000, "generalAndAdministrativeExpenses": 40399000, "sellingAndMarketingExpenses": 0, "sellingGeneralAndAdministrativeExpenses": 40399000, "otherExpenses": 99847000, "operatingExpenses": 140246000, "costAndExpenses": 780100000, "interestIncome": 16451000, "interestExpense": 16451000, "depreciationAndAmortization": 128315000, "ebitda": 158118000, "ebitdaratio": 0.1898567291, "operatingIncome": 29803000, "operatingIncomeRatio": 0.0357853002, "totalOtherIncomeExpensesNet": -26167000, "incomeBeforeTax": 3636000, "incomeBeforeTaxRatio": 0.0043658474, "incomeTaxExpense": 34958000, "netIncome": -31322000, "netIncomeRatio": -0.0376092062, "eps": -0.13, "epsdiluted": -0.13, "weightedAverageShsOut": 250044000, "weightedAverageShsOutDil": 250044000, "link": "https://www.sec.gov/Archives/edgar/data/215466/000021546622000019/0000215466-22-000019-index.htm", "finalLink": "https://www.sec.gov/Archives/edgar/data/215466/000021546622000019/cde-20211231.htm", "calculatedOtherExpenses": 74094000, "calculatedOperatingExpenses": 163171000, "calculatedNetInterest": 0, "calculatedOtherIncome": -26167000, "calculatedIncomeNonControlling": 0, "calculatedEbitda": 158118000}, {"date": "2020-12-31", "symbol": "CDE", "reportedCurrency": "USD", "cik": "0000215466", "fillingDate": "2021-02-17", "acceptedDate": "2021-02-17 16:43:14", "calendarYear": "2020", "period": "FY", "revenue": 785461000, "costOfRevenue": 571722000, "grossProfit": 213739000, "grossProfitRatio": 0.2721191759, "researchAndDevelopmentExpenses": 55654000, "generalAndAdministrativeExpenses": 33722000, "sellingAndMarketingExpenses": 0, "sellingGeneralAndAdministrativeExpenses": 33722000, "otherExpenses": 98297000, "operatingExpenses": 132019000, "costAndExpenses": 703741000, "interestIncome": 20708000, "interestExpense": 20708000, "depreciationAndAmortization": 131387000, "ebitda": 207166000, "ebitdaratio": 0.2637508419, "operatingIncome": 75779000, "operatingIncomeRatio": 0.0964771007, "totalOtherIncomeExpensesNet": -13107000, "incomeBeforeTax": 62672000, "incomeBeforeTaxRatio": 0.0797900851, "incomeTaxExpense": 37045000, "netIncome": 25627000, "netIncomeRatio": 0.0326266995, "eps": 0.11, "epsdiluted": 0.11, "weightedAverageShsOut": 240803000, "weightedAverageShsOutDil": 242549000, "link": "https://www.sec.gov/Archives/edgar/data/215466/000021546621000025/0000215466-21-000025-index.htm", "finalLink": "https://www.sec.gov/Archives/edgar/data/215466/000021546621000025/cde-20201231.htm", "calculatedOtherExpenses": 48584000, "calculatedOperatingExpenses": 137960000, "calculatedNetInterest": 0, "calculatedOtherIncome": -13107000, "calculatedIncomeNonControlling": 0, "calculatedEbitda": 207166000}, {"date": "2019-12-31", "symbol": "CDE", "reportedCurrency": "USD", "cik": "0000215466", "fillingDate": "2020-02-19", "acceptedDate": "2020-02-19 16:50:58", "calendarYear": "2019", "period": "FY", "revenue": 711502000, "costOfRevenue": 730057000, "grossProfit": -18555000, "grossProfitRatio": -0.0260786337, "researchAndDevelopmentExpenses": 18421000, "generalAndAdministrativeExpenses": 34493000, "sellingAndMarketingExpenses": 0, "sellingGeneralAndAdministrativeExpenses": 34493000, "otherExpenses": 40948000, "operatingExpenses": 75441000, "costAndExpenses": 805498000, "interestIncome": 199000, "interestExpense": 24771000, "depreciationAndAmortization": 178876000, "ebitda": 81687000, "ebitdaratio": 0.1148092345, "operatingIncome": -97189000, "operatingIncomeRatio": -0.1365969456, "totalOtherIncomeExpensesNet": -260836000, "incomeBeforeTax": -358025000, "incomeBeforeTaxRatio": -0.5031960557, "incomeTaxExpense": -11129000, "netIncome": -346896000, "netIncomeRatio": -0.4875544974, "eps": -1.59, "epsdiluted": -1.59, "weightedAverageShsOut": 218812000, "weightedAverageShsOutDil": 218812000, "link": "https://www.sec.gov/Archives/edgar/data/215466/000021546620000032/0000215466-20-000032-index.htm", "finalLink": "https://www.sec.gov/Archives/edgar/data/215466/000021546620000032/cde-12311910k.htm", "calculatedOtherExpenses": 25720000, "calculatedOperatingExpenses": 78634000, "calculatedNetInterest": -24572000, "calculatedOtherIncome": -236264000, "calculatedIncomeNonControlling": 0, "calculatedEbitda": 81687000}, {"date": "2018-12-31", "symbol": "CDE", "reportedCurrency": "USD", "cik": "0000215466", "fillingDate": "2019-02-20", "acceptedDate": "2019-02-20 17:11:14", "calendarYear": "2018", "period": "FY", "revenue": 625904000, "costOfRevenue": 569423000, "grossProfit": 56481000, "grossProfitRatio": 0.0902390782, "researchAndDevelopmentExpenses": 0, "generalAndAdministrativeExpenses": 31345000, "sellingAndMarketingExpenses": 0, "sellingGeneralAndAdministrativeExpenses": 31345000, "otherExpenses": 7704000, "operatingExpenses": 76785000, "costAndExpenses": 646208000, "interestIncome": 1776000, "interestExpense": 21751000, "depreciationAndAmortization": 128473000, "ebitda": 115036000, "ebitdaratio": 0.1837917636, "operatingIncome": -20304000, "operatingIncomeRatio": -0.0324394795, "totalOtherIncomeExpensesNet": -22843000, "incomeBeforeTax": -65735000, "incomeBeforeTaxRatio": -0.1050240932, "incomeTaxExpense": -16780000, "netIncome": -48405000, "netIncomeRatio": -0.077336141, "eps": -0.26, "epsdiluted": -0.26, "weightedAverageShsOut": 188288461, "weightedAverageShsOutDil": 188606000, "link": "https://www.sec.gov/Archives/edgar/data/215466/000021546619000057/0000215466-19-000057-index.htm", "finalLink": "https://www.sec.gov/Archives/edgar/data/215466/000021546619000057/cde-12311810k.htm", "calculatedOtherExpenses": 45440000, "calculatedOperatingExpenses": 76785000, "calculatedNetInterest": -19975000, "calculatedOtherIncome": -25456000, "calculatedIncomeNonControlling": -550000, "calculatedEbitda": 108169000}, {"date": "2017-12-31", "symbol": "CDE", "reportedCurrency": "USD", "cik": "0000215466", "fillingDate": "2018-02-07", "acceptedDate": "2018-02-07 17:21:09", "calendarYear": "2017", "period": "FY", "revenue": 709598000, "costOfRevenue": 586809000, "grossProfit": 122789000, "grossProfitRatio": 0.1730402284, "researchAndDevelopmentExpenses": 0, "generalAndAdministrativeExpenses": 33616000, "sellingAndMarketingExpenses": 0, "sellingGeneralAndAdministrativeExpenses": 33616000, "otherExpenses": 4651000, "operatingExpenses": 82863000, "costAndExpenses": 669672000, "interestIncome": 0, "interestExpense": 15371000, "depreciationAndAmortization": 146549000, "ebitda": 190057000, "ebitdaratio": 0.2678375644, "operatingIncome": 39926000, "operatingIncomeRatio": 0.0562656603, "totalOtherIncomeExpensesNet": 16437000, "incomeBeforeTax": 39923000, "incomeBeforeTaxRatio": 0.0562614325, "incomeTaxExpense": 28998000, "netIncome": -1319000, "netIncomeRatio": -0.0018587989, "eps": -0.0073, "epsdiluted": -0.0072, "weightedAverageShsOut": 180096000, "weightedAverageShsOutDil": 184144000, "link": "https://www.sec.gov/Archives/edgar/data/215466/000021546618000038/0000215466-18-000038-index.htm", "finalLink": "https://www.sec.gov/Archives/edgar/data/215466/000021546618000038/cde-12311710k.htm", "calculatedOtherExpenses": 49247000, "calculatedOperatingExpenses": 82863000, "calculatedNetInterest": -15371000, "calculatedOtherIncome": 15368000, "calculatedIncomeNonControlling": 12244000, "calculatedEbitda": 186475000}, {"date": "2016-12-31", "symbol": "CDE", "reportedCurrency": "USD", "cik": "0000215466", "fillingDate": "2017-02-09", "acceptedDate": "2017-02-08 18:48:48", "calendarYear": "2016", "period": "FY", "revenue": 665777000, "costOfRevenue": 532702000, "grossProfit": 133075000, "grossProfitRatio": 0.1998792388, "researchAndDevelopmentExpenses": 0, "generalAndAdministrativeExpenses": 29376000, "sellingAndMarketingExpenses": 0, "sellingGeneralAndAdministrativeExpenses": 29376000, "otherExpenses": 1964000, "operatingExpenses": 59525000, "costAndExpenses": 592227000, "interestIncome": 0, "interestExpense": 33776000, "depreciationAndAmortization": 123161000, "ebitda": 195531000, "ebitdaratio": 0.2936884272, "operatingIncome": 73550000, "operatingIncomeRatio": 0.1104724255, "totalOtherIncomeExpensesNet": -35517000, "incomeBeforeTax": 1113000, "incomeBeforeTaxRatio": 0.0016717309, "incomeTaxExpense": -54239000, "netIncome": 55352000, "netIncomeRatio": 0.0831389489, "eps": 0.35, "epsdiluted": 0.34, "weightedAverageShsOut": 159853000, "weightedAverageShsOutDil": 163459000, "link": "https://www.sec.gov/Archives/edgar/data/215466/000021546617000056/0000215466-17-000056-index.htm", "finalLink": "https://www.sec.gov/Archives/edgar/data/215466/000021546617000056/cde-12311610k.htm", "calculatedOtherExpenses": 30149000, "calculatedOperatingExpenses": 59525000, "calculatedNetInterest": -33776000, "calculatedOtherIncome": -38661000, "calculatedIncomeNonControlling": 0, "calculatedEbitda": 196711000}, {"date": "2015-12-31", "symbol": "CDE", "reportedCurrency": "USD", "cik": "0000215466", "fillingDate": "2016-02-10", "acceptedDate": "2016-02-10 17:20:28", "calendarYear": "2015", "period": "FY", "revenue": 646086000, "costOfRevenue": 623405000, "grossProfit": 22681000, "grossProfitRatio": 0.0351052337, "researchAndDevelopmentExpenses": 0, "generalAndAdministrativeExpenses": 32834000, "sellingAndMarketingExpenses": 0, "sellingGeneralAndAdministrativeExpenses": 32834000, "otherExpenses": 1913000, "operatingExpenses": 62274000, "costAndExpenses": 685679000, "interestIncome": 0, "interestExpense": 36879000, "depreciationAndAmortization": 143751000, "ebitda": 97247000, "ebitdaratio": 0.1505171138, "operatingIncome": -39593000, "operatingIncomeRatio": -0.0612813155, "totalOtherIncomeExpensesNet": -308150000, "incomeBeforeTax": -393446000, "incomeBeforeTaxRatio": -0.6089684655, "incomeTaxExpense": -26263000, "netIncome": -367183000, "netIncomeRatio": -0.5683190783, "eps": -2.83, "epsdiluted": -2.83, "weightedAverageShsOut": 129639000, "weightedAverageShsOutDil": 129639000, "link": "https://www.sec.gov/Archives/edgar/data/215466/000021546616000166/0000215466-16-000166-index.htm", "finalLink": "https://www.sec.gov/Archives/edgar/data/215466/000021546616000166/cde-12311510k.htm", "calculatedOtherExpenses": 29440000, "calculatedOperatingExpenses": 62274000, "calculatedNetInterest": -36879000, "calculatedOtherIncome": -316974000, "calculatedIncomeNonControlling": 0, "calculatedEbitda": 104158000}, {"date": "2014-12-31", "symbol": "CDE", "reportedCurrency": "USD", "cik": "0000215466", "fillingDate": "2015-02-20", "acceptedDate": "2015-02-20 16:00:38", "calendarYear": "2014", "period": "FY", "revenue": 635742000, "costOfRevenue": 640381000, "grossProfit": -4639000, "grossProfitRatio": -0.0072969853, "researchAndDevelopmentExpenses": 0, "generalAndAdministrativeExpenses": 40845000, "sellingAndMarketingExpenses": 0, "sellingGeneralAndAdministrativeExpenses": 40845000, "otherExpenses": 3618000, "operatingExpenses": 88622000, "costAndExpenses": 729003000, "interestIncome": 1375000, "interestExpense": 47546000, "depreciationAndAmortization": 162436000, "ebitda": 70550000, "ebitdaratio": 0.1109726902, "operatingIncome": -93261000, "operatingIncomeRatio": -0.1466963013, "totalOtherIncomeExpensesNet": -1475696000, "incomeBeforeTax": -1615128000, "incomeBeforeTaxRatio": -2.5405400304, "incomeTaxExpense": -459244000, "netIncome": -1155884000, "netIncomeRatio": -1.8181652305, "eps": -11.29, "epsdiluted": -11.28, "weightedAverageShsOut": 102405004, "weightedAverageShsOutDil": 102441000, "link": "https://www.sec.gov/Archives/edgar/data/215466/000021546615000031/0000215466-15-000031-index.htm", "finalLink": "https://www.sec.gov/Archives/edgar/data/215466/000021546615000031/cde-12311410k.htm", "calculatedOtherExpenses": 47777000, "calculatedOperatingExpenses": 88622000, "calculatedNetInterest": -46171000, "calculatedOtherIncome": -1475696000, "calculatedIncomeNonControlling": 0, "calculatedEbitda": 69175000}, {"date": "2013-12-31", "symbol": "CDE", "reportedCurrency": "USD", "cik": "0000215466", "fillingDate": "2014-02-26", "acceptedDate": "2014-02-26 16:47:21", "calendarYear": "2013", "period": "FY", "revenue": 745994000, "costOfRevenue": 696542000, "grossProfit": 49452000, "grossProfitRatio": 0.0662900774, "researchAndDevelopmentExpenses": 0, "generalAndAdministrativeExpenses": 55343000, "sellingAndMarketingExpenses": 0, "sellingGeneralAndAdministrativeExpenses": 55343000, "otherExpenses": 82768000, "operatingExpenses": 89572000, "costAndExpenses": 786114000, "interestIncome": 13323000, "interestExpense": 41303000, "depreciationAndAmortization": 232879000, "ebitda": 206082000, "ebitdaratio": 0.2762515516, "operatingIncome": -845159000, "operatingIncomeRatio": -1.1329300236, "totalOtherIncomeExpensesNet": -740579000, "incomeBeforeTax": -808679000, "incomeBeforeTaxRatio": -1.084028826, "incomeTaxExpense": -158116000, "netIncome": -650563000, "netIncomeRatio": -0.8720753786, "eps": -6.65, "epsdiluted": -6.65, "weightedAverageShsOut": 97829022, "weightedAverageShsOutDil": 97900000, "link": "https://www.sec.gov/Archives/edgar/data/215466/000021546614000042/0000215466-14-000042-index.htm", "finalLink": "https://www.sec.gov/Archives/edgar/data/215466/000021546614000042/cde-1231201310k.htm", "calculatedOtherExpenses": 839268000, "calculatedOperatingExpenses": 894611000, "calculatedNetInterest": -27980000, "calculatedOtherIncome": 64460000, "calculatedIncomeNonControlling": 0, "calculatedEbitda": -612280000}, {"date": "2012-12-31", "symbol": "CDE", "reportedCurrency": "USD", "cik": "0000215466", "fillingDate": "2013-02-21", "acceptedDate": "2013-02-21 17:20:54", "calendarYear": "2012", "period": "FY", "revenue": 895492000, "costOfRevenue": 675614000, "grossProfit": 219878000, "grossProfitRatio": 0.2455387653, "researchAndDevelopmentExpenses": 0, "generalAndAdministrativeExpenses": 32977000, "sellingAndMarketingExpenses": 0, "sellingGeneralAndAdministrativeExpenses": 32977000, "otherExpenses": -23487000, "operatingExpenses": 60508000, "costAndExpenses": 736122000, "interestIncome": 14436000, "interestExpense": 5884000, "depreciationAndAmortization": 218857000, "ebitda": 372378000, "ebitdaratio": 0.4158362107, "operatingIncome": 153545000, "operatingIncomeRatio": 0.1714644017, "totalOtherIncomeExpensesNet": -30348000, "incomeBeforeTax": 117289000, "incomeBeforeTaxRatio": 0.1309771612, "incomeTaxExpense": 68612000, "netIncome": 48677000, "netIncomeRatio": 0.0543578279, "eps": 0.54, "epsdiluted": 0.54, "weightedAverageShsOut": 89437000, "weightedAverageShsOutDil": 89603000, "link": "https://www.sec.gov/Archives/edgar/data/215466/000021546613000048/0000215466-13-000048-index.htm", "finalLink": "https://www.sec.gov/Archives/edgar/data/215466/000021546613000048/cde-1231201210kq4.htm", "calculatedOtherExpenses": 33356000, "calculatedOperatingExpenses": 66333000, "calculatedNetInterest": 8552000, "calculatedOtherIncome": -44808000, "calculatedIncomeNonControlling": 0, "calculatedEbitda": 372402000}, {"date": "2011-12-31", "symbol": "CDE", "reportedCurrency": "USD", "cik": "0000215466", "fillingDate": "2012-02-23", "acceptedDate": "2012-02-23 17:25:30", "calendarYear": "2011", "period": "FY", "revenue": 1021200000, "costOfRevenue": 644456000, "grossProfit": 376744000, "grossProfitRatio": 0.3689228359, "researchAndDevelopmentExpenses": 0, "generalAndAdministrativeExpenses": 24176000, "sellingAndMarketingExpenses": 26644000, "sellingGeneralAndAdministrativeExpenses": 50820000, "otherExpenses": 19128000, "operatingExpenses": 69948000, "costAndExpenses": 714404000, "interestIncome": 0, "interestExpense": 41384000, "depreciationAndAmortization": 224500000, "ebitda": 531296000, "ebitdaratio": 0.5202663533, "operatingIncome": 306796000, "operatingIncomeRatio": 0.3004269487, "totalOtherIncomeExpensesNet": -57576000, "incomeBeforeTax": 207836000, "incomeBeforeTaxRatio": 0.2035213474, "incomeTaxExpense": 114337000, "netIncome": 93499000, "netIncomeRatio": 0.091557971, "eps": 1.05, "epsdiluted": 1.04, "weightedAverageShsOut": 89383000, "weightedAverageShsOutDil": 89725000, "link": "https://www.sec.gov/Archives/edgar/data/215466/000119312512075636/0001193125-12-075636-index.htm", "finalLink": "https://www.sec.gov/Archives/edgar/data/215466/000119312512075636/d241365d10k.htm", "calculatedOtherExpenses": 19128000, "calculatedOperatingExpenses": 69948000, "calculatedNetInterest": -41384000, "calculatedOtherIncome": -57576000, "calculatedIncomeNonControlling": 0, "calculatedEbitda": 531296000}, {"date": "2010-12-31", "symbol": "CDE", "reportedCurrency": "USD", "cik": "0000215466", "fillingDate": "2011-03-01", "acceptedDate": "2011-03-01 17:18:57", "calendarYear": "2010", "period": "FY", "revenue": 515457000, "costOfRevenue": 401242000, "grossProfit": 114215000, "grossProfitRatio": 0.2215800736, "researchAndDevelopmentExpenses": 890000, "generalAndAdministrativeExpenses": 0, "sellingAndMarketingExpenses": 0, "sellingGeneralAndAdministrativeExpenses": 24176000, "otherExpenses": 15346000, "operatingExpenses": 39315000, "costAndExpenses": 440557000, "interestIncome": 771000, "interestExpense": 30942000, "depreciationAndAmortization": 143813000, "ebitda": 219484000, "ebitdaratio": 0.4258046743, "operatingIncome": 74900000, "operatingIncomeRatio": 0.14530795, "totalOtherIncomeExpensesNet": -137394000, "incomeBeforeTax": -92665000, "incomeBeforeTaxRatio": -0.1797725125, "incomeTaxExpense": -9481000, "netIncome": -91308000, "netIncomeRatio": -0.1771398972, "eps": -1.05, "epsdiluted": -1.05, "weightedAverageShsOut": 87185000, "weightedAverageShsOutDil": 87185000, "link": "https://www.sec.gov/Archives/edgar/data/215466/000095012311020796/0000950123-11-020796-index.htm", "finalLink": "https://www.sec.gov/Archives/edgar/data/215466/000095012311020796/v58041e10vk.htm", "calculatedOtherExpenses": 14249000, "calculatedOperatingExpenses": 39315000, "calculatedNetInterest": -30171000, "calculatedOtherIncome": -137394000, "calculatedIncomeNonControlling": 8124000, "calculatedEbitda": 218713000}, {"date": "2009-12-31", "symbol": "CDE", "reportedCurrency": "USD", "cik": "0000215466", "fillingDate": "2010-02-26", "acceptedDate": "2010-02-26 11:09:07", "calendarYear": "2009", "period": "FY", "revenue": 300618000, "costOfRevenue": 202906000, "grossProfit": 97712000, "grossProfitRatio": 0.3250370903, "researchAndDevelopmentExpenses": 97000, "generalAndAdministrativeExpenses": 0, "sellingAndMarketingExpenses": 0, "sellingGeneralAndAdministrativeExpenses": 22097000, "otherExpenses": 15209000, "operatingExpenses": -48167000, "costAndExpenses": 154739000, "interestIncome": 3248000, "interestExpense": 18102000, "depreciationAndAmortization": 102713000, "ebitda": 80700000, "ebitdaratio": 0.2684469992, "operatingIncome": -25261000, "operatingIncomeRatio": -0.0840302311, "totalOtherIncomeExpensesNet": -50699000, "incomeBeforeTax": -90814000, "incomeBeforeTaxRatio": -0.3020910258, "incomeTaxExpense": -25921000, "netIncome": -31907000, "netIncomeRatio": -0.1061380223, "eps": -0.45, "epsdiluted": -0.45, "weightedAverageShsOut": 71565000, "weightedAverageShsOutDil": 71565000, "link": "https://www.sec.gov/Archives/edgar/data/215466/000095012310017695/0000950123-10-017695-index.htm", "finalLink": "https://www.sec.gov/Archives/edgar/data/215466/000095012310017695/v55047e10vk.htm", "calculatedOtherExpenses": 100779000, "calculatedOperatingExpenses": 122973000, "calculatedNetInterest": -14854000, "calculatedOtherIncome": -50699000, "calculatedIncomeNonControlling": -32986000, "calculatedEbitda": 77452000}, {"date": "2008-12-31", "symbol": "CDE", "reportedCurrency": "USD", "cik": "0000215466", "fillingDate": "2009-03-02", "acceptedDate": "2009-03-02 17:23:51", "calendarYear": "2008", "period": "FY", "revenue": 189465000, "costOfRevenue": 139821000, "grossProfit": 49644000, "grossProfitRatio": 0.2620220093, "researchAndDevelopmentExpenses": 16950000, "generalAndAdministrativeExpenses": 0, "sellingAndMarketingExpenses": 0, "sellingGeneralAndAdministrativeExpenses": 25846000, "otherExpenses": 20531000, "operatingExpenses": 63327000, "costAndExpenses": 203148000, "interestIncome": 2557000, "interestExpense": 4139000, "depreciationAndAmortization": 27330000, "ebitda": 16204000, "ebitdaratio": 0.085525031, "operatingIncome": -13683000, "operatingIncomeRatio": -0.0722191434, "totalOtherIncomeExpensesNet": 1756000, "incomeBeforeTax": -13509000, "incomeBeforeTaxRatio": -0.071300768, "incomeTaxExpense": -13501000, "netIncome": -8000, "netIncomeRatio": -4.22242e-05, "eps": -0.0001, "epsdiluted": -0.0001, "weightedAverageShsOut": 55073300, "weightedAverageShsOutDil": 55073300, "link": "https://www.sec.gov/Archives/edgar/data/215466/000095014809000027/0000950148-09-000027-index.htm", "finalLink": "https://www.sec.gov/Archives/edgar/data/215466/000095014809000027/v51311e10vk.htm", "calculatedOtherExpenses": 20531000, "calculatedOperatingExpenses": 63327000, "calculatedNetInterest": -1582000, "calculatedOtherIncome": 1756000, "calculatedIncomeNonControlling": 0, "calculatedEbitda": 13647000}, {"date": "2007-12-31", "symbol": "CDE", "reportedCurrency": "USD", "cik": "0000215466", "fillingDate": "2008-02-29", "acceptedDate": "2008-02-29 17:17:28", "calendarYear": "2007", "period": "FY", "revenue": 215319000, "costOfRevenue": 128966000, "grossProfit": 86353000, "grossProfitRatio": 0.4010468189, "researchAndDevelopmentExpenses": 0, "generalAndAdministrativeExpenses": 0, "sellingAndMarketingExpenses": 0, "sellingGeneralAndAdministrativeExpenses": 23875000, "otherExpenses": 20984000, "operatingExpenses": 44859000, "costAndExpenses": 173825000, "interestIncome": 0, "interestExpense": 0, "depreciationAndAmortization": 21281000, "ebitda": 63789000, "ebitdaratio": 0.2962534658, "operatingIncome": 40987000, "operatingIncomeRatio": 0.1903547759, "totalOtherIncomeExpensesNet": -1014000, "incomeBeforeTax": 58817000, "incomeBeforeTaxRatio": 0.2731621455, "incomeTaxExpense": 14927000, "netIncome": 43890000, "netIncomeRatio": 0.2038370975, "eps": 1.5, "epsdiluted": 1.4, "weightedAverageShsOut": 28597200, "weightedAverageShsOutDil": 31052400, "link": "https://www.sec.gov/Archives/edgar/data/215466/000095013308000901/0000950133-08-000901-index.htm", "finalLink": "https://www.sec.gov/Archives/edgar/data/215466/000095013308000901/w50513e10vk.htm", "calculatedOtherExpenses": 21491000, "calculatedOperatingExpenses": 45366000, "calculatedNetInterest": 0, "calculatedOtherIncome": 17830000, "calculatedIncomeNonControlling": 0, "calculatedEbitda": 62268000}, {"date": "2006-12-31", "symbol": "CDE", "reportedCurrency": "USD", "cik": "0000215466", "fillingDate": "2007-02-22", "acceptedDate": "2007-02-22 16:21:10", "calendarYear": "2006", "period": "FY", "revenue": 216573000, "costOfRevenue": 101852000, "grossProfit": 114721000, "grossProfitRatio": 0.5297105364, "researchAndDevelopmentExpenses": 0, "generalAndAdministrativeExpenses": 0, "sellingAndMarketingExpenses": 0, "sellingGeneralAndAdministrativeExpenses": 19369000, "otherExpenses": 26772000, "operatingExpenses": 46141000, "costAndExpenses": 147993000, "interestIncome": 0, "interestExpense": 0, "depreciationAndAmortization": 27099000, "ebitda": 100409000, "ebitdaratio": 0.4636265832, "operatingIncome": 66215000, "operatingIncomeRatio": 0.305739866, "totalOtherIncomeExpensesNet": -4730000, "incomeBeforeTax": 83645000, "incomeBeforeTaxRatio": 0.3862208124, "incomeTaxExpense": 8226000, "netIncome": 88486000, "netIncomeRatio": 0.4085735526, "eps": 3.3, "epsdiluted": 3, "weightedAverageShsOut": 27135700, "weightedAverageShsOutDil": 29608200, "link": "https://www.sec.gov/Archives/edgar/data/215466/000089706907000602/0000897069-07-000602-index.htm", "finalLink": "https://www.sec.gov/Archives/edgar/data/215466/000089706907000602/cmw2657.htm", "calculatedOtherExpenses": 29137000, "calculatedOperatingExpenses": 48506000, "calculatedNetInterest": 0, "calculatedOtherIncome": 17430000, "calculatedIncomeNonControlling": -13067000, "calculatedEbitda": 93314000}, {"date": "2005-12-31", "symbol": "CDE", "reportedCurrency": "USD", "cik": "0000215466", "fillingDate": "2006-03-14", "acceptedDate": "2006-03-13 21:48:39", "calendarYear": "2005", "period": "FY", "revenue": 172336000, "costOfRevenue": 104930000, "grossProfit": 67406000, "grossProfitRatio": 0.3911312784, "researchAndDevelopmentExpenses": 0, "generalAndAdministrativeExpenses": 0, "sellingAndMarketingExpenses": 0, "sellingGeneralAndAdministrativeExpenses": 37388000, "otherExpenses": 20885000, "operatingExpenses": 58273000, "costAndExpenses": 163203000, "interestIncome": 0, "interestExpense": 0, "depreciationAndAmortization": 23215000, "ebitda": 38306000, "ebitdaratio": 0.2222750905, "operatingIncome": 6154000, "operatingIncomeRatio": 0.035709312, "totalOtherIncomeExpensesNet": -5958000, "incomeBeforeTax": 12034000, "incomeBeforeTaxRatio": 0.0698287067, "incomeTaxExpense": 1483000, "netIncome": 10998000, "netIncomeRatio": 0.0638171943, "eps": 0.4, "epsdiluted": 0.4, "weightedAverageShsOut": 24291500, "weightedAverageShsOutDil": 24368300, "link": "https://www.sec.gov/Archives/edgar/data/215466/000089706906000799/0000897069-06-000799-index.htm", "finalLink": "https://www.sec.gov/Archives/edgar/data/215466/000089706906000799/cmw2099.htm", "calculatedOtherExpenses": 23864000, "calculatedOperatingExpenses": 61252000, "calculatedNetInterest": 0, "calculatedOtherIncome": 5880000, "calculatedIncomeNonControlling": -447000, "calculatedEbitda": 29369000}, {"date": "2004-12-31", "symbol": "CDE", "reportedCurrency": "USD", "cik": "0000215466", "fillingDate": "2005-03-30", "acceptedDate": "2005-03-30 14:38:36", "calendarYear": "2004", "period": "FY", "revenue": 133450000, "costOfRevenue": 79790000, "grossProfit": 53660000, "grossProfitRatio": 0.4020981641, "researchAndDevelopmentExpenses": 0, "generalAndAdministrativeExpenses": 0, "sellingAndMarketingExpenses": 0, "sellingGeneralAndAdministrativeExpenses": 37014000, "otherExpenses": 18800000, "operatingExpenses": 55814000, "costAndExpenses": 135604000, "interestIncome": 0, "interestExpense": 0, "depreciationAndAmortization": 21872000, "ebitda": 37376000, "ebitdaratio": 0.2800749344, "operatingIncome": -17829000, "operatingIncomeRatio": -0.1336005995, "totalOtherIncomeExpensesNet": -17658000, "incomeBeforeTax": -22643000, "incomeBeforeTaxRatio": -0.1696740352, "incomeTaxExpense": -5785000, "netIncome": -17766000, "netIncomeRatio": -0.1331285126, "eps": -0.82, "epsdiluted": -0.82, "weightedAverageShsOut": 21596900, "weightedAverageShsOutDil": 21596900, "link": "https://www.sec.gov/Archives/edgar/data/215466/000089706905000811/0000897069-05-000811-index.htm", "finalLink": "https://www.sec.gov/Archives/edgar/data/215466/000089706905000811/cmw1328.htm", "calculatedOtherExpenses": 34475000, "calculatedOperatingExpenses": 71489000, "calculatedNetInterest": 0, "calculatedOtherIncome": -4814000, "calculatedIncomeNonControlling": 908000, "calculatedEbitda": 4043000}, {"date": "2003-12-31", "symbol": "CDE", "reportedCurrency": "USD", "cik": "0000215466", "fillingDate": "2004-03-09", "acceptedDate": "2004-03-09 17:12:55", "calendarYear": "2003", "period": "FY", "revenue": 107720000, "costOfRevenue": 84775000, "grossProfit": 22945000, "grossProfitRatio": 0.2130059413, "researchAndDevelopmentExpenses": 0, "generalAndAdministrativeExpenses": 12264000, "sellingAndMarketingExpenses": 0, "sellingGeneralAndAdministrativeExpenses": 12264000, "otherExpenses": 75416000, "operatingExpenses": 87680000, "costAndExpenses": 172455000, "interestIncome": 0, "interestExpense": 0, "depreciationAndAmortization": 16627000, "ebitda": -151000, "ebitdaratio": -0.0014017824, "operatingIncome": -64735000, "operatingIncomeRatio": -0.6009561827, "totalOtherIncomeExpensesNet": -47957000, "incomeBeforeTax": -64735000, "incomeBeforeTaxRatio": -0.6009561827, "incomeTaxExpense": -7000, "netIncome": -67590000, "netIncomeRatio": -0.6274600817, "eps": -4.02, "epsdiluted": -4.02, "weightedAverageShsOut": 16818600, "weightedAverageShsOutDil": 16818600, "link": "https://www.sec.gov/Archives/edgar/data/215466/000089706904000562/0000897069-04-000562-index.htm", "finalLink": "https://www.sec.gov/Archives/edgar/data/215466/000089706904000562/cmw537.htm", "calculatedOtherExpenses": 75416000, "calculatedOperatingExpenses": 87680000, "calculatedNetInterest": 0, "calculatedOtherIncome": 0, "calculatedIncomeNonControlling": 2862000, "calculatedEbitda": -48108000}, {"date": "2002-12-31", "symbol": "CDE", "reportedCurrency": "USD", "cik": "0000215466", "fillingDate": "2003-03-21", "acceptedDate": "2003-03-21 11:05:13", "calendarYear": "2002", "period": "FY", "revenue": 94488000, "costOfRevenue": 89310000, "grossProfit": 5178000, "grossProfitRatio": 0.0548006096, "researchAndDevelopmentExpenses": 0, "generalAndAdministrativeExpenses": 0, "sellingAndMarketingExpenses": 0, "sellingGeneralAndAdministrativeExpenses": 8806000, "otherExpenses": 35459000, "operatingExpenses": 44265000, "costAndExpenses": 133575000, "interestIncome": 0, "interestExpense": 0, "depreciationAndAmortization": 13511000, "ebitda": 60136000, "ebitdaratio": 0.6364406062, "operatingIncome": -81208000, "operatingIncomeRatio": -0.8594530522, "totalOtherIncomeExpensesNet": -85712000, "incomeBeforeTax": -81208000, "incomeBeforeTaxRatio": -0.8594530522, "incomeTaxExpense": 43591000, "netIncome": -82678000, "netIncomeRatio": -0.8750105834, "eps": -10.57, "epsdiluted": -10.57, "weightedAverageShsOut": 7819300, "weightedAverageShsOutDil": 7819300, "link": "https://www.sec.gov/Archives/edgar/data/215466/000089706903000351/0000897069-03-000351-index.htm", "finalLink": "https://www.sec.gov/Archives/edgar/data/215466/000089706903000351/irm220.txt", "calculatedOtherExpenses": 77580000, "calculatedOperatingExpenses": 86386000, "calculatedNetInterest": 0, "calculatedOtherIncome": 0, "calculatedIncomeNonControlling": -42121000, "calculatedEbitda": -67697000}, {"date": "2001-12-31", "symbol": "CDE", "reportedCurrency": "USD", "cik": "0000215466", "fillingDate": "2002-03-29", "acceptedDate": "2002-03-29 00:00:00", "calendarYear": "2001", "period": "FY", "revenue": 71912000, "costOfRevenue": 79195000, "grossProfit": -7283000, "grossProfitRatio": -0.1012765602, "researchAndDevelopmentExpenses": 0, "generalAndAdministrativeExpenses": 0, "sellingAndMarketingExpenses": 0, "sellingGeneralAndAdministrativeExpenses": 8714000, "otherExpenses": 11347000, "operatingExpenses": 20061000, "costAndExpenses": 99256000, "interestIncome": 0, "interestExpense": 0, "depreciationAndAmortization": 11347000, "ebitda": 2711000, "ebitdaratio": 0.0376988542, "operatingIncome": -36698000, "operatingIncomeRatio": -0.5103181666, "totalOtherIncomeExpensesNet": -18708000, "incomeBeforeTax": -51290000, "incomeBeforeTaxRatio": -0.7132328401, "incomeTaxExpense": -6000, "netIncome": -3067000, "netIncomeRatio": -0.0426493492, "eps": -0.75, "epsdiluted": -0.75, "weightedAverageShsOut": 4104700, "weightedAverageShsOutDil": 4104700, "link": "https://www.sec.gov/Archives/edgar/data/215466/000089706902000251/0000897069-02-000251-index.htm", "finalLink": "https://www.sec.gov/Archives/edgar/data/215466/000089706902000251/pdm286a.txt", "calculatedOtherExpenses": 20701000, "calculatedOperatingExpenses": 29415000, "calculatedNetInterest": 0, "calculatedOtherIncome": -14592000, "calculatedIncomeNonControlling": -48217000, "calculatedEbitda": -25351000}, {"date": "2000-12-31", "symbol": "CDE", "reportedCurrency": "USD", "cik": "0000215466", "fillingDate": "2001-04-02", "acceptedDate": "2001-04-02 00:00:00", "calendarYear": "2000", "period": "FY", "revenue": 101200000, "costOfRevenue": 86700000, "grossProfit": 14500000, "grossProfitRatio": 0.1432806324, "researchAndDevelopmentExpenses": 6700000, "generalAndAdministrativeExpenses": 9700000, "sellingAndMarketingExpenses": 0, "sellingGeneralAndAdministrativeExpenses": 9700000, "otherExpenses": 61700000, "operatingExpenses": 78100000, "costAndExpenses": 164800000, "interestIncome": 0, "interestExpense": 0, "depreciationAndAmortization": 26700000, "ebitda": -20799999.999999996, "ebitdaratio": -0.2055335968, "operatingIncome": -63600000, "operatingIncomeRatio": -0.628458498, "totalOtherIncomeExpensesNet": 0, "incomeBeforeTax": -63600000, "incomeBeforeTaxRatio": -0.628458498, "incomeTaxExpense": 300000, "netIncome": -47800000, "netIncomeRatio": -0.4723320158, "eps": -13.66, "epsdiluted": -13.66, "weightedAverageShsOut": 3500000, "weightedAverageShsOutDil": 3500000, "link": "https://www.sec.gov/Archives/edgar/data/215466/000089706901500046/0000897069-01-500046-index.htm", "finalLink": "https://www.sec.gov/Archives/edgar/data/215466/000089706901500046/exh21.txt", "calculatedOtherExpenses": 61700000, "calculatedOperatingExpenses": 78100000, "calculatedNetInterest": 0, "calculatedOtherIncome": 0, "calculatedIncomeNonControlling": -16100000, "calculatedEbitda": -36900000}, {"date": "1999-12-31", "symbol": "CDE", "reportedCurrency": "USD", "cik": "0000215466", "fillingDate": "2000-03-28", "acceptedDate": "2000-03-28 00:00:00", "calendarYear": "1999", "period": "FY", "revenue": 108900000, "costOfRevenue": 66900000, "grossProfit": 42000000, "grossProfitRatio": 0.3856749311, "researchAndDevelopmentExpenses": 8500000, "generalAndAdministrativeExpenses": 9300000, "sellingAndMarketingExpenses": 0, "sellingGeneralAndAdministrativeExpenses": 9300000, "otherExpenses": 56200000, "operatingExpenses": 74000000, "costAndExpenses": 140900000, "interestIncome": 0, "interestExpense": 0, "depreciationAndAmortization": 22000000, "ebitda": -6000000, "ebitdaratio": -0.0550964187, "operatingIncome": -32000000, "operatingIncomeRatio": -0.2938475666, "totalOtherIncomeExpensesNet": 0, "incomeBeforeTax": -32000000, "incomeBeforeTaxRatio": -0.2938475666, "incomeTaxExpense": 300000, "netIncome": -28300000, "netIncomeRatio": -0.2598714417, "eps": -11.79, "epsdiluted": -11.79, "weightedAverageShsOut": 2400000, "weightedAverageShsOutDil": 2400000, "link": "https://www.sec.gov/Archives/edgar/data/215466/000095013300001146/0000950133-00-001146-index.html", "finalLink": "https://www.sec.gov/Archives/edgar/data/215466/000095013300001146/", "calculatedOtherExpenses": 56200000, "calculatedOperatingExpenses": 74000000, "calculatedNetInterest": 0, "calculatedOtherIncome": 0, "calculatedIncomeNonControlling": -4000000, "calculatedEbitda": -10000000}, {"date": "1998-12-31", "symbol": "CDE", "reportedCurrency": "USD", "cik": "0000215466", "fillingDate": "1999-03-31", "acceptedDate": "1999-03-31 00:00:00", "calendarYear": "1998", "period": "FY", "revenue": 111700000, "costOfRevenue": 97900000, "grossProfit": 13800000, "grossProfitRatio": 0.1235452104, "researchAndDevelopmentExpenses": 9400000, "generalAndAdministrativeExpenses": 13100000, "sellingAndMarketingExpenses": 0, "sellingGeneralAndAdministrativeExpenses": 13100000, "otherExpenses": 236799999, "operatingExpenses": 259299999, "costAndExpenses": 357199999, "interestIncome": 0, "interestExpense": 0, "depreciationAndAmortization": 31000000, "ebitda": -202400000, "ebitdaratio": -1.811996419, "operatingIncome": -245500000, "operatingIncomeRatio": -2.1978513876, "totalOtherIncomeExpensesNet": 0, "incomeBeforeTax": -245500000, "incomeBeforeTaxRatio": -2.1978513876, "incomeTaxExpense": 900000, "netIncome": -234300000, "netIncomeRatio": -2.0975828111, "eps": -106.5, "epsdiluted": -106.5, "weightedAverageShsOut": 2200000, "weightedAverageShsOutDil": 2200000, "link": "https://www.sec.gov/Archives/edgar/data/215466/000090445699000034/0000904456-99-000034-index.html", "finalLink": "https://www.sec.gov/Archives/edgar/data/215466/", "calculatedOtherExpenses": 236800000, "calculatedOperatingExpenses": 259300000, "calculatedNetInterest": 0, "calculatedOtherIncome": 0, "calculatedIncomeNonControlling": -12100000, "calculatedEbitda": -214500000}, {"date": "1997-12-31", "symbol": "CDE", "reportedCurrency": "USD", "cik": "0000215466", "fillingDate": "1998-03-20", "acceptedDate": "1998-03-20 00:00:00", "calendarYear": "1997", "period": "FY", "revenue": 139037000, "costOfRevenue": 150595000, "grossProfit": -11558000, "grossProfitRatio": -0.0831289513, "researchAndDevelopmentExpenses": 0, "generalAndAdministrativeExpenses": 0, "sellingAndMarketingExpenses": 0, "sellingGeneralAndAdministrativeExpenses": 13392000, "otherExpenses": 0, "operatingExpenses": 13392000, "costAndExpenses": 163987000, "interestIncome": 0, "interestExpense": 0, "depreciationAndAmortization": 35631000, "ebitda": 10681000, "ebitdaratio": 0.0768212778, "operatingIncome": -16228000, "operatingIncomeRatio": -0.1167171328, "totalOtherIncomeExpensesNet": 1903000, "incomeBeforeTax": -14325000, "incomeBeforeTaxRatio": -0.1030301287, "incomeTaxExpense": -242000, "netIncome": -14083000, "netIncomeRatio": -0.1012895848, "eps": -6.43, "epsdiluted": -6.43, "weightedAverageShsOut": 2189000, "weightedAverageShsOutDil": 2189000, "link": "https://www.sec.gov/Archives/edgar/data/215466/000090445698000079/0000904456-98-000079-index.html", "finalLink": "https://www.sec.gov/Archives/edgar/data/215466/", "calculatedOtherExpenses": -8722000, "calculatedOperatingExpenses": 4670000, "calculatedNetInterest": 0, "calculatedOtherIncome": 1903000, "calculatedIncomeNonControlling": 0, "calculatedEbitda": 19403000}, {"date": "1996-12-31", "symbol": "CDE", "reportedCurrency": "USD", "cik": "0000215466", "fillingDate": "1997-03-31", "acceptedDate": "1997-03-31 00:00:00", "calendarYear": "1996", "period": "FY", "revenue": 92700000, "costOfRevenue": 77600000, "grossProfit": 15100000, "grossProfitRatio": 0.1628910464, "researchAndDevelopmentExpenses": 0, "generalAndAdministrativeExpenses": 0, "sellingAndMarketingExpenses": 0, "sellingGeneralAndAdministrativeExpenses": 12600000, "otherExpenses": 13400000, "operatingExpenses": 26000000, "costAndExpenses": 103600000, "interestIncome": 0, "interestExpense": 0, "depreciationAndAmortization": 13400000, "ebitda": 98100000, "ebitdaratio": 1.0582524272, "operatingIncome": -65300000, "operatingIncomeRatio": -0.7044228695, "totalOtherIncomeExpensesNet": -95600000, "incomeBeforeTax": -55800000, "incomeBeforeTaxRatio": -0.6019417476, "incomeTaxExpense": -1200000, "netIncome": -54600000, "netIncomeRatio": -0.5889967638, "eps": -25.4, "epsdiluted": -25.4, "weightedAverageShsOut": 2149606, "weightedAverageShsOutDil": 2149606, "link": "https://www.sec.gov/Archives/edgar/data/215466/000095013397001123/0000950133-97-001123-index.html", "finalLink": "https://www.sec.gov/Archives/edgar/data/215466/", "calculatedOtherExpenses": 67800000, "calculatedOperatingExpenses": 80400000, "calculatedNetInterest": 0, "calculatedOtherIncome": 9500000, "calculatedIncomeNonControlling": 0, "calculatedEbitda": -51900000}, {"date": "1995-12-31", "symbol": "CDE", "reportedCurrency": "USD", "cik": "0000215466", "fillingDate": "1996-02-29", "acceptedDate": "1996-02-29 00:00:00", "calendarYear": "1995", "period": "FY", "revenue": 89200000, "costOfRevenue": 61600000, "grossProfit": 27600000, "grossProfitRatio": 0.3094170404, "researchAndDevelopmentExpenses": 0, "generalAndAdministrativeExpenses": 0, "sellingAndMarketingExpenses": 0, "sellingGeneralAndAdministrativeExpenses": 11500000, "otherExpenses": 16900000, "operatingExpenses": 28400000, "costAndExpenses": 90000000, "interestIncome": 0, "interestExpense": 0, "depreciationAndAmortization": 16900000, "ebitda": 6600000, "ebitdaratio": 0.0739910314, "operatingIncome": -800000, "operatingIncomeRatio": -0.0089686099, "totalOtherIncomeExpensesNet": 9500000, "incomeBeforeTax": -1100000, "incomeBeforeTaxRatio": -0.0123318386, "incomeTaxExpense": 200000, "netIncome": 1100000, "netIncomeRatio": 0.0123318386, "eps": 0.7, "epsdiluted": 0.7, "weightedAverageShsOut": 1588835, "weightedAverageShsOutDil": 1588835, "link": "https://www.sec.gov/Archives/edgar/data/215466/000095013396000164/0000950133-96-000164-index.html", "finalLink": "https://www.sec.gov/Archives/edgar/data/215466/", "calculatedOtherExpenses": 16900000, "calculatedOperatingExpenses": 28400000, "calculatedNetInterest": 0, "calculatedOtherIncome": -300000, "calculatedIncomeNonControlling": -2400000, "calculatedEbitda": 16100000}, {"date": "1994-12-31", "symbol": "CDE", "reportedCurrency": "USD", "cik": "0000215466", "fillingDate": "1995-03-29", "acceptedDate": "1995-03-29 00:00:00", "calendarYear": "1994", "period": "FY", "revenue": 103900000, "costOfRevenue": 66500000, "grossProfit": 37400000, "grossProfitRatio": 0.3599615014, "researchAndDevelopmentExpenses": 0, "generalAndAdministrativeExpenses": 0, "sellingAndMarketingExpenses": 0, "sellingGeneralAndAdministrativeExpenses": 11900000, "otherExpenses": 17800000, "operatingExpenses": 29700000, "costAndExpenses": 96200000, "interestIncome": 0, "interestExpense": 0, "depreciationAndAmortization": 17800000, "ebitda": 25500000, "ebitdaratio": 0.2454282964, "operatingIncome": 7700000, "operatingIncomeRatio": 0.0741097209, "totalOtherIncomeExpensesNet": -11300000, "incomeBeforeTax": -3600000, "incomeBeforeTaxRatio": -0.0346487007, "incomeTaxExpense": 300000, "netIncome": -3900000, "netIncomeRatio": -0.0375360924, "eps": -2.53, "epsdiluted": -2.53, "weightedAverageShsOut": 1538788, "weightedAverageShsOutDil": 1538788, "link": "https://www.sec.gov/Archives/edgar/data/215466/000095013395000152/0000950133-95-000152-index.html", "finalLink": "https://www.sec.gov/Archives/edgar/data/215466/", "calculatedOtherExpenses": 17800000, "calculatedOperatingExpenses": 29700000, "calculatedNetInterest": 0, "calculatedOtherIncome": -11300000, "calculatedIncomeNonControlling": 0, "calculatedEbitda": 25500000}, {"date": "1993-12-31", "symbol": "CDE", "reportedCurrency": "USD", "cik": "0000215466", "fillingDate": "1994-09-07", "acceptedDate": "1994-09-07 00:00:00", "calendarYear": "1993", "period": "FY", "revenue": 83700000, "costOfRevenue": 57500000, "grossProfit": 26200000, "grossProfitRatio": 0.3130227001, "researchAndDevelopmentExpenses": 0, "generalAndAdministrativeExpenses": 0, "sellingAndMarketingExpenses": 0, "sellingGeneralAndAdministrativeExpenses": 14300000, "otherExpenses": 13900000, "operatingExpenses": 28200000, "costAndExpenses": 85700000, "interestIncome": 0, "interestExpense": 0, "depreciationAndAmortization": 13900000, "ebitda": 21300000, "ebitdaratio": 0.2544802867, "operatingIncome": -2000000, "operatingIncomeRatio": -0.0238948626, "totalOtherIncomeExpensesNet": -9400000, "incomeBeforeTax": -16700000, "incomeBeforeTaxRatio": -0.1995221027, "incomeTaxExpense": -3400000, "netIncome": -8100000, "netIncomeRatio": -0.0967741935, "eps": -5.3, "epsdiluted": -5.3, "weightedAverageShsOut": 1528302, "weightedAverageShsOutDil": 1528302, "link": "https://www.sec.gov/Archives/edgar/data/215466/000090863494000014/0000908634-94-000014-index.html", "finalLink": "https://www.sec.gov/Archives/edgar/data/215466/", "calculatedOtherExpenses": 13900000, "calculatedOperatingExpenses": 28200000, "calculatedNetInterest": 0, "calculatedOtherIncome": -14700000, "calculatedIncomeNonControlling": -5200000, "calculatedEbitda": 11900000}, {"date": "1992-12-31", "symbol": "CDE", "reportedCurrency": "USD", "cik": "0000215466", "fillingDate": "1992-12-31", "acceptedDate": "1992-12-30 19:00:00", "calendarYear": "1992", "period": "FY", "revenue": 51500000, "costOfRevenue": 41000000, "grossProfit": 10500000, "grossProfitRatio": 0.2038834951, "researchAndDevelopmentExpenses": 0, "generalAndAdministrativeExpenses": 0, "sellingAndMarketingExpenses": 0, "sellingGeneralAndAdministrativeExpenses": 13000000, "otherExpenses": 5800000, "operatingExpenses": 18800000, "costAndExpenses": 59800000, "interestIncome": 0, "interestExpense": 0, "depreciationAndAmortization": 5800000, "ebitda": -7400000, "ebitdaratio": -0.1436893204, "operatingIncome": -8300000, "operatingIncomeRatio": -0.1611650485, "totalOtherIncomeExpensesNet": 4900000, "incomeBeforeTax": -4500000, "incomeBeforeTaxRatio": -0.0873786408, "incomeTaxExpense": -3700000, "netIncome": -800000, "netIncomeRatio": -0.0155339806, "eps": -0.5, "epsdiluted": -0.5, "weightedAverageShsOut": 1600000, "weightedAverageShsOutDil": 1600000, "link": "", "finalLink": "", "calculatedOtherExpenses": 5800000, "calculatedOperatingExpenses": 18800000, "calculatedNetInterest": 0, "calculatedOtherIncome": 3800000, "calculatedIncomeNonControlling": 0, "calculatedEbitda": -2500000}, {"date": "1991-12-31", "symbol": "CDE", "reportedCurrency": "USD", "cik": "0000215466", "fillingDate": "1991-12-31", "acceptedDate": "1991-12-30 19:00:00", "calendarYear": "1991", "period": "FY", "revenue": 59200000, "costOfRevenue": 45500000, "grossProfit": 13700000, "grossProfitRatio": 0.2314189189, "researchAndDevelopmentExpenses": 0, "generalAndAdministrativeExpenses": 0, "sellingAndMarketingExpenses": 0, "sellingGeneralAndAdministrativeExpenses": 28600000, "otherExpenses": 6200000, "operatingExpenses": 34800000, "costAndExpenses": 80300000, "interestIncome": 0, "interestExpense": 0, "depreciationAndAmortization": 6200000, "ebitda": -22700000, "ebitdaratio": -0.3834459459, "operatingIncome": -21100000, "operatingIncomeRatio": -0.3564189189, "totalOtherIncomeExpensesNet": 7800000, "incomeBeforeTax": -15000000, "incomeBeforeTaxRatio": -0.2533783784, "incomeTaxExpense": -600000, "netIncome": -14400000, "netIncomeRatio": -0.2432432432, "eps": -9.4, "epsdiluted": -9.4, "weightedAverageShsOut": 1531915, "weightedAverageShsOutDil": 1531915, "link": "", "finalLink": "", "calculatedOtherExpenses": 6200000, "calculatedOperatingExpenses": 34800000, "calculatedNetInterest": 0, "calculatedOtherIncome": 6100000, "calculatedIncomeNonControlling": 0, "calculatedEbitda": -14900000}, {"date": "1990-12-31", "symbol": "CDE", "reportedCurrency": "USD", "cik": "0000215466", "fillingDate": "1990-12-31", "acceptedDate": "1990-12-30 19:00:00", "calendarYear": "1990", "period": "FY", "revenue": 52100000, "costOfRevenue": 35900000, "grossProfit": 16200000, "grossProfitRatio": 0.310940499, "researchAndDevelopmentExpenses": 0, "generalAndAdministrativeExpenses": 0, "sellingAndMarketingExpenses": 0, "sellingGeneralAndAdministrativeExpenses": 16000000, "otherExpenses": 7000000, "operatingExpenses": 23000000, "costAndExpenses": 58900000, "interestIncome": 0, "interestExpense": 0, "depreciationAndAmortization": 7000000, "ebitda": -6700000, "ebitdaratio": -0.1285988484, "operatingIncome": -6800000, "operatingIncomeRatio": -0.1305182342, "totalOtherIncomeExpensesNet": 6900000, "incomeBeforeTax": -2700000, "incomeBeforeTaxRatio": -0.0518234165, "incomeTaxExpense": -1000000, "netIncome": -1700000, "netIncomeRatio": -0.0326295585, "eps": -1.7, "epsdiluted": -1.7, "weightedAverageShsOut": 1000000, "weightedAverageShsOutDil": 1000000, "link": "", "finalLink": "", "calculatedOtherExpenses": 7000000, "calculatedOperatingExpenses": 23000000, "calculatedNetInterest": 0, "calculatedOtherIncome": 4100000, "calculatedIncomeNonControlling": 0, "calculatedEbitda": 200000}, {"date": "1989-12-31", "symbol": "CDE", "reportedCurrency": "USD", "cik": "0000215466", "fillingDate": "1989-12-31", "acceptedDate": "1989-12-30 19:00:00", "calendarYear": "1989", "period": "FY", "revenue": 69300000, "costOfRevenue": 41900000, "grossProfit": 27400000, "grossProfitRatio": 0.3953823954, "researchAndDevelopmentExpenses": 0, "generalAndAdministrativeExpenses": 0, "sellingAndMarketingExpenses": 0, "sellingGeneralAndAdministrativeExpenses": 9900000, "otherExpenses": 11700000, "operatingExpenses": 21600000, "costAndExpenses": 63500000, "interestIncome": 0, "interestExpense": 0, "depreciationAndAmortization": 11700000, "ebitda": 9400000, "ebitdaratio": 0.1356421356, "operatingIncome": 5800000, "operatingIncomeRatio": 0.0836940837, "totalOtherIncomeExpensesNet": 8100000, "incomeBeforeTax": 10700000, "incomeBeforeTaxRatio": 0.1544011544, "incomeTaxExpense": 1300000, "netIncome": 9400000, "netIncomeRatio": 0.1356421356, "eps": 9.4, "epsdiluted": 9.4, "weightedAverageShsOut": 1000000, "weightedAverageShsOutDil": 1000000, "link": "", "finalLink": "", "calculatedOtherExpenses": 11700000, "calculatedOperatingExpenses": 21600000, "calculatedNetInterest": 0, "calculatedOtherIncome": 4900000, "calculatedIncomeNonControlling": 0, "calculatedEbitda": 17500000}, {"date": "1988-12-31", "symbol": "CDE", "reportedCurrency": "USD", "cik": "0000215466", "fillingDate": "1988-12-31", "acceptedDate": "1988-12-30 19:00:00", "calendarYear": "1988", "period": "FY", "revenue": 78200000, "costOfRevenue": 41900000, "grossProfit": 36300000, "grossProfitRatio": 0.4641943734, "researchAndDevelopmentExpenses": 0, "generalAndAdministrativeExpenses": 0, "sellingAndMarketingExpenses": 0, "sellingGeneralAndAdministrativeExpenses": 9700000, "otherExpenses": 9500000, "operatingExpenses": 19200000, "costAndExpenses": 61100000, "interestIncome": 0, "interestExpense": 0, "depreciationAndAmortization": 9500000, "ebitda": 19600000, "ebitdaratio": 0.2506393862, "operatingIncome": 17100000, "operatingIncomeRatio": 0.2186700767, "totalOtherIncomeExpensesNet": 7000000, "incomeBeforeTax": 20200000, "incomeBeforeTaxRatio": 0.2583120205, "incomeTaxExpense": 4800000, "netIncome": 15400000, "netIncomeRatio": 0.1969309463, "eps": 14.5, "epsdiluted": 14.5, "weightedAverageShsOut": 1062069, "weightedAverageShsOutDil": 1062069, "link": "", "finalLink": "", "calculatedOtherExpenses": 9500000, "calculatedOperatingExpenses": 19200000, "calculatedNetInterest": 0, "calculatedOtherIncome": 3100000, "calculatedIncomeNonControlling": 0, "calculatedEbitda": 26600000}, {"date": "1987-12-31", "symbol": "CDE", "reportedCurrency": "USD", "cik": "0000215466", "fillingDate": "1987-12-31", "acceptedDate": "1987-12-30 19:00:00", "calendarYear": "1987", "period": "FY", "revenue": 56400000, "costOfRevenue": 30800000, "grossProfit": 25600000, "grossProfitRatio": 0.4539007092, "researchAndDevelopmentExpenses": 0, "generalAndAdministrativeExpenses": 0, "sellingAndMarketingExpenses": 0, "sellingGeneralAndAdministrativeExpenses": 5400000, "otherExpenses": 6400000, "operatingExpenses": 11800000, "costAndExpenses": 42600000, "interestIncome": 0, "interestExpense": 0, "depreciationAndAmortization": 6200000, "ebitda": 16200000, "ebitdaratio": 0.2872340426, "operatingIncome": 13800000, "operatingIncomeRatio": 0.2446808511, "totalOtherIncomeExpensesNet": 3800000, "incomeBeforeTax": 13700000, "incomeBeforeTaxRatio": 0.2429078014, "incomeTaxExpense": 4300000, "netIncome": 9400000, "netIncomeRatio": 0.1666666667, "eps": 10.8, "epsdiluted": 10.8, "weightedAverageShsOut": 870370, "weightedAverageShsOutDil": 870370, "link": "", "finalLink": "", "calculatedOtherExpenses": 6400000, "calculatedOperatingExpenses": 11800000, "calculatedNetInterest": 0, "calculatedOtherIncome": -100000, "calculatedIncomeNonControlling": 0, "calculatedEbitda": 20000000}, {"date": "1986-12-31", "symbol": "CDE", "reportedCurrency": "USD", "cik": "0000215466", "fillingDate": "1986-12-31", "acceptedDate": "1986-12-30 19:00:00", "calendarYear": "1986", "period": "FY", "revenue": 12900000, "costOfRevenue": 12100000, "grossProfit": 800000, "grossProfitRatio": 0.0620155039, "researchAndDevelopmentExpenses": 0, "generalAndAdministrativeExpenses": 0, "sellingAndMarketingExpenses": 0, "sellingGeneralAndAdministrativeExpenses": 5600000, "otherExpenses": 1900000, "operatingExpenses": 7500000, "costAndExpenses": 19600000, "interestIncome": 0, "interestExpense": 0, "depreciationAndAmortization": 1500000, "ebitda": -6000000, "ebitdaratio": -0.4651162791, "operatingIncome": -6700000, "operatingIncomeRatio": -0.519379845, "totalOtherIncomeExpensesNet": 800000, "incomeBeforeTax": -7900000, "incomeBeforeTaxRatio": -0.6124031008, "incomeTaxExpense": -3200000, "netIncome": -4700000, "netIncomeRatio": -0.3643410853, "eps": -6.7, "epsdiluted": -6.7, "weightedAverageShsOut": 701493, "weightedAverageShsOutDil": 701493, "link": "", "finalLink": "", "calculatedOtherExpenses": 1900000, "calculatedOperatingExpenses": 7500000, "calculatedNetInterest": 0, "calculatedOtherIncome": -1200000, "calculatedIncomeNonControlling": 0, "calculatedEbitda": -5200000}, {"date": "1985-12-31", "symbol": "CDE", "reportedCurrency": "USD", "cik": "0000215466", "fillingDate": "1985-12-31", "acceptedDate": "1985-12-30 19:00:00", "calendarYear": "1985", "period": "FY", "revenue": 5600000, "costOfRevenue": 4800000, "grossProfit": 800000, "grossProfitRatio": 0.1428571429, "researchAndDevelopmentExpenses": 0, "generalAndAdministrativeExpenses": 0, "sellingAndMarketingExpenses": 0, "sellingGeneralAndAdministrativeExpenses": 2500000, "otherExpenses": 500000, "operatingExpenses": 3000000, "costAndExpenses": 7800000, "interestIncome": 0, "interestExpense": 0, "depreciationAndAmortization": 400000, "ebitda": -3200000, "ebitdaratio": -0.5714285714, "operatingIncome": -2200000, "operatingIncomeRatio": -0.3928571429, "totalOtherIncomeExpensesNet": 1400000, "incomeBeforeTax": -1900000, "incomeBeforeTaxRatio": -0.3392857143, "incomeTaxExpense": -1200000, "netIncome": -700000, "netIncomeRatio": -0.125, "eps": -1, "epsdiluted": -1, "weightedAverageShsOut": 700000, "weightedAverageShsOutDil": 700000, "link": "", "finalLink": "", "calculatedOtherExpenses": 500000, "calculatedOperatingExpenses": 3000000, "calculatedNetInterest": 0, "calculatedOtherIncome": 300000, "calculatedIncomeNonControlling": 0, "calculatedEbitda": -1800000}]}