{"originalCurrency": "USD", "convertedCurrency": "USD", "report": [{"date": "2023-12-31", "symbol": "CDW", "reportedCurrency": "USD", "cik": "0001402057", "fillingDate": "2024-02-26", "acceptedDate": "2024-02-26 16:05:30", "calendarYear": "2023", "period": "FY", "revenue": 21376000000, "costOfRevenue": 16569200000, "grossProfit": 4806800000, "grossProfitRatio": 0.224869012, "researchAndDevelopmentExpenses": 0, "generalAndAdministrativeExpenses": 2756500000, "sellingAndMarketingExpenses": 215000000, "sellingGeneralAndAdministrativeExpenses": 2971500000, "otherExpenses": -154400000, "operatingExpenses": 3125900000, "costAndExpenses": 19695100000, "interestIncome": 0, "interestExpense": 226600000, "depreciationAndAmortization": 270700000, "ebitda": 1947500000, "ebitdaratio": 0.0911068488, "operatingIncome": 1680900000, "operatingIncomeRatio": 0.0786349177, "totalOtherIncomeExpensesNet": -230700000, "incomeBeforeTax": 1450200000, "incomeBeforeTaxRatio": 0.0678424401, "incomeTaxExpense": 345900000, "netIncome": 1104300000, "netIncomeRatio": 0.051660741, "eps": 8.2, "epsdiluted": 8.1, "weightedAverageShsOut": 134600000, "weightedAverageShsOutDil": 136300000, "link": "https://www.sec.gov/Archives/edgar/data/1402057/000140205724000015/0001402057-24-000015-index.htm", "finalLink": "https://www.sec.gov/Archives/edgar/data/1402057/000140205724000015/cdw-20231231.htm", "calculatedOtherExpenses": 154400000, "calculatedOperatingExpenses": 3125900000, "calculatedNetInterest": -226600000, "calculatedOtherIncome": -4100000, "calculatedIncomeNonControlling": 0, "calculatedEbitda": 1951600000}, {"date": "2022-12-31", "symbol": "CDW", "reportedCurrency": "USD", "cik": "0001402057", "fillingDate": "2023-02-24", "acceptedDate": "2023-02-24 16:30:45", "calendarYear": "2022", "period": "FY", "revenue": 23748700000, "costOfRevenue": 19062100000, "grossProfit": 4686600000, "grossProfitRatio": 0.1973413282, "researchAndDevelopmentExpenses": 0, "generalAndAdministrativeExpenses": 2951400000, "sellingAndMarketingExpenses": 211000000, "sellingGeneralAndAdministrativeExpenses": 2951400000, "otherExpenses": -11700000, "operatingExpenses": 2951400000, "costAndExpenses": 22013500000, "interestIncome": 235700000, "interestExpense": 235700000, "depreciationAndAmortization": -11700000, "ebitda": 1723500000, "ebitdaratio": 0.0725723934, "operatingIncome": 1735200000, "operatingIncomeRatio": 0.073065052, "totalOtherIncomeExpensesNet": -247400000, "incomeBeforeTax": 1487800000, "incomeBeforeTaxRatio": 0.0626476397, "incomeTaxExpense": 373300000, "netIncome": 1114500000, "netIncomeRatio": 0.0469288845, "eps": 8.24, "epsdiluted": 8.14, "weightedAverageShsOut": 135200000, "weightedAverageShsOutDil": 137000000, "link": "https://www.sec.gov/Archives/edgar/data/1402057/000140205723000052/0001402057-23-000052-index.htm", "finalLink": "https://www.sec.gov/Archives/edgar/data/1402057/000140205723000052/cdw-20221231.htm", "calculatedOtherExpenses": 0, "calculatedOperatingExpenses": 2951400000, "calculatedNetInterest": 0, "calculatedOtherIncome": -247400000, "calculatedIncomeNonControlling": 0, "calculatedEbitda": 1723500000}, {"date": "2021-12-31", "symbol": "CDW", "reportedCurrency": "USD", "cik": "0001402057", "fillingDate": "2022-02-28", "acceptedDate": "2022-02-28 16:19:18", "calendarYear": "2021", "period": "FY", "revenue": 20820800000, "costOfRevenue": 17252300000, "grossProfit": 3568500000, "grossProfitRatio": 0.1713911089, "researchAndDevelopmentExpenses": 0, "generalAndAdministrativeExpenses": 2149500000, "sellingAndMarketingExpenses": 199000000, "sellingGeneralAndAdministrativeExpenses": 2149500000, "otherExpenses": 29700000, "operatingExpenses": 2149500000, "costAndExpenses": 19401800000, "interestIncome": 150900000, "interestExpense": 150900000, "depreciationAndAmortization": 29700000, "ebitda": 1448700000, "ebitdaratio": 0.069579459, "operatingIncome": 1419000000, "operatingIncomeRatio": 0.0681530008, "totalOtherIncomeExpensesNet": -121200000, "incomeBeforeTax": 1297800000, "incomeBeforeTaxRatio": 0.0623318989, "incomeTaxExpense": 309200000, "netIncome": 988600000, "netIncomeRatio": 0.0474813648, "eps": 7.14, "epsdiluted": 7.04, "weightedAverageShsOut": 138500000, "weightedAverageShsOutDil": 140500000, "link": "https://www.sec.gov/Archives/edgar/data/1402057/000140205722000020/0001402057-22-000020-index.htm", "finalLink": "https://www.sec.gov/Archives/edgar/data/1402057/000140205722000020/cdw-20211231.htm", "calculatedOtherExpenses": 0, "calculatedOperatingExpenses": 2149500000, "calculatedNetInterest": 0, "calculatedOtherIncome": -121200000, "calculatedIncomeNonControlling": 0, "calculatedEbitda": 1448700000}, {"date": "2020-12-31", "symbol": "CDW", "reportedCurrency": "USD", "cik": "0001402057", "fillingDate": "2021-02-26", "acceptedDate": "2021-02-26 16:02:24", "calendarYear": "2020", "period": "FY", "revenue": 18467500000, "costOfRevenue": 15257400000, "grossProfit": 3210100000, "grossProfitRatio": 0.1738242859, "researchAndDevelopmentExpenses": 0, "generalAndAdministrativeExpenses": 2030900000, "sellingAndMarketingExpenses": 191000000, "sellingGeneralAndAdministrativeExpenses": 2030900000, "otherExpenses": -22000000, "operatingExpenses": 2030900000, "costAndExpenses": 17288300000, "interestIncome": 154900000, "interestExpense": 154900000, "depreciationAndAmortization": 425600000, "ebitda": 1157200000, "ebitdaratio": 0.0626614322, "operatingIncome": 731600000, "operatingIncomeRatio": 0.0396155408, "totalOtherIncomeExpensesNet": 270700000, "incomeBeforeTax": 1002300000, "incomeBeforeTaxRatio": 0.0542737241, "incomeTaxExpense": 213800000, "netIncome": 788500000, "netIncomeRatio": 0.0426966292, "eps": 5.53, "epsdiluted": 5.45, "weightedAverageShsOut": 142600000, "weightedAverageShsOutDil": 144800000, "link": "https://www.sec.gov/Archives/edgar/data/1402057/000140205721000022/0001402057-21-000022-index.htm", "finalLink": "https://www.sec.gov/Archives/edgar/data/1402057/000140205721000022/cdw-20201231.htm", "calculatedOtherExpenses": 447600000, "calculatedOperatingExpenses": 2478500000, "calculatedNetInterest": 0, "calculatedOtherIncome": 270700000, "calculatedIncomeNonControlling": 0, "calculatedEbitda": 1157200000}, {"date": "2019-12-31", "symbol": "CDW", "reportedCurrency": "USD", "cik": "0001402057", "fillingDate": "2020-02-28", "acceptedDate": "2020-02-28 16:33:20", "calendarYear": "2019", "period": "FY", "revenue": 18032400000, "costOfRevenue": 14992500000, "grossProfit": 3039900000, "grossProfitRatio": 0.1685798895, "researchAndDevelopmentExpenses": 0, "generalAndAdministrativeExpenses": 1713100000, "sellingAndMarketingExpenses": 193200000, "sellingGeneralAndAdministrativeExpenses": 1906300000, "otherExpenses": -24500000, "operatingExpenses": 1906300000, "costAndExpenses": 16898800000, "interestIncome": 159400000, "interestExpense": 159400000, "depreciationAndAmortization": 267100000, "ebitda": 1109100000, "ebitdaratio": 0.0615059559, "operatingIncome": 842000000, "operatingIncomeRatio": 0.0466937291, "totalOtherIncomeExpensesNet": 107700000, "incomeBeforeTax": 949700000, "incomeBeforeTaxRatio": 0.0526663117, "incomeTaxExpense": 212900000, "netIncome": 736800000, "netIncomeRatio": 0.0408597857, "eps": 5.08, "epsdiluted": 4.99, "weightedAverageShsOut": 145100000, "weightedAverageShsOutDil": 147800000, "link": "https://www.sec.gov/Archives/edgar/data/1402057/000140205720000042/0001402057-20-000042-index.htm", "finalLink": "https://www.sec.gov/Archives/edgar/data/1402057/000140205720000042/cdw-20191231x10k.htm", "calculatedOtherExpenses": 291600000, "calculatedOperatingExpenses": 2197900000, "calculatedNetInterest": 0, "calculatedOtherIncome": 107700000, "calculatedIncomeNonControlling": 0, "calculatedEbitda": 1109100000}, {"date": "2018-12-31", "symbol": "CDW", "reportedCurrency": "USD", "cik": "0001402057", "fillingDate": "2019-02-27", "acceptedDate": "2019-02-27 16:44:54", "calendarYear": "2018", "period": "FY", "revenue": 16240500000, "costOfRevenue": 13533600000, "grossProfit": 2706900000, "grossProfitRatio": 0.1666759028, "researchAndDevelopmentExpenses": 0, "generalAndAdministrativeExpenses": 1537100000, "sellingAndMarketingExpenses": 182500000, "sellingGeneralAndAdministrativeExpenses": 1719600000, "otherExpenses": 1800000, "operatingExpenses": 1719600000, "costAndExpenses": 15253200000, "interestIncome": 0, "interestExpense": 148600000, "depreciationAndAmortization": 265600000, "ebitda": 989100000, "ebitdaratio": 0.0609032973, "operatingIncome": 987300000, "operatingIncomeRatio": 0.0607924633, "totalOtherIncomeExpensesNet": 1800000, "incomeBeforeTax": 840500000, "incomeBeforeTaxRatio": 0.0517533327, "incomeTaxExpense": 197500000, "netIncome": 643000000, "netIncomeRatio": 0.0395923771, "eps": 4.26, "epsdiluted": 4.19, "weightedAverageShsOut": 150900000, "weightedAverageShsOutDil": 153600000, "link": "https://www.sec.gov/Archives/edgar/data/1402057/000140205719000046/0001402057-19-000046-index.htm", "finalLink": "https://www.sec.gov/Archives/edgar/data/1402057/000140205719000046/cdw-20181231x10k.htm", "calculatedOtherExpenses": 0, "calculatedOperatingExpenses": 1719600000, "calculatedNetInterest": -148600000, "calculatedOtherIncome": 1800000, "calculatedIncomeNonControlling": 0, "calculatedEbitda": 1252900000}, {"date": "2017-12-31", "symbol": "CDW", "reportedCurrency": "USD", "cik": "0001402057", "fillingDate": "2018-03-01", "acceptedDate": "2018-02-28 17:42:02", "calendarYear": "2017", "period": "FY", "revenue": 15191500000, "costOfRevenue": 12741600000, "grossProfit": 2449900000, "grossProfitRatio": 0.1612678142, "researchAndDevelopmentExpenses": 0, "generalAndAdministrativeExpenses": 1410100000, "sellingAndMarketingExpenses": 173700000, "sellingGeneralAndAdministrativeExpenses": 1583800000, "otherExpenses": 2100000, "operatingExpenses": 1583800000, "costAndExpenses": 14325400000, "interestIncome": 0, "interestExpense": 150500000, "depreciationAndAmortization": 260900000, "ebitda": 868200000, "ebitdaratio": 0.0571503801, "operatingIncome": 866100000, "operatingIncomeRatio": 0.0570121449, "totalOtherIncomeExpensesNet": -55300000, "incomeBeforeTax": 660300000, "incomeBeforeTaxRatio": 0.0434650956, "incomeTaxExpense": 137300000, "netIncome": 523000000, "netIncomeRatio": 0.0344271468, "eps": 3.37, "epsdiluted": 3.31, "weightedAverageShsOut": 155400000, "weightedAverageShsOutDil": 158200000, "link": "https://www.sec.gov/Archives/edgar/data/1402057/000140205718000038/0001402057-18-000038-index.htm", "finalLink": "https://www.sec.gov/Archives/edgar/data/1402057/000140205718000038/cdw-20171231x10k.htm", "calculatedOtherExpenses": 0, "calculatedOperatingExpenses": 1583800000, "calculatedNetInterest": -150500000, "calculatedOtherIncome": -55300000, "calculatedIncomeNonControlling": 0, "calculatedEbitda": 1127000000}, {"date": "2016-12-31", "symbol": "CDW", "reportedCurrency": "USD", "cik": "0001402057", "fillingDate": "2017-03-01", "acceptedDate": "2017-02-28 17:54:47", "calendarYear": "2016", "period": "FY", "revenue": 13981900000, "costOfRevenue": 11654700000, "grossProfit": 2327200000, "grossProfitRatio": 0.1664437594, "researchAndDevelopmentExpenses": 0, "generalAndAdministrativeExpenses": 1345100000, "sellingAndMarketingExpenses": 162900000, "sellingGeneralAndAdministrativeExpenses": 1508000000, "otherExpenses": 1800000, "operatingExpenses": 1508000000, "costAndExpenses": 13162700000, "interestIncome": 0, "interestExpense": 146500000, "depreciationAndAmortization": 254500000, "ebitda": 821000000, "ebitdaratio": 0.0587187721, "operatingIncome": 819200000, "operatingIncomeRatio": 0.0585900343, "totalOtherIncomeExpensesNet": -300000, "incomeBeforeTax": 672400000, "incomeBeforeTaxRatio": 0.0480907459, "incomeTaxExpense": 248000000, "netIncome": 424400000, "netIncomeRatio": 0.0303535285, "eps": 2.59, "epsdiluted": 2.56, "weightedAverageShsOut": 163600000, "weightedAverageShsOutDil": 166000000, "link": "https://www.sec.gov/Archives/edgar/data/1402057/000140205717000007/0001402057-17-000007-index.htm", "finalLink": "https://www.sec.gov/Archives/edgar/data/1402057/000140205717000007/cdw-20161231x10k.htm", "calculatedOtherExpenses": 0, "calculatedOperatingExpenses": 1508000000, "calculatedNetInterest": -146500000, "calculatedOtherIncome": -300000, "calculatedIncomeNonControlling": 0, "calculatedEbitda": 1073700000}, {"date": "2015-12-31", "symbol": "CDW", "reportedCurrency": "USD", "cik": "0001402057", "fillingDate": "2016-02-25", "acceptedDate": "2016-02-24 17:48:36", "calendarYear": "2015", "period": "FY", "revenue": 12988700000, "costOfRevenue": 10872900000, "grossProfit": 2115800000, "grossProfitRatio": 0.1628954399, "researchAndDevelopmentExpenses": 0, "generalAndAdministrativeExpenses": 1226000000, "sellingAndMarketingExpenses": 147800000, "sellingGeneralAndAdministrativeExpenses": 1373800000, "otherExpenses": -9300000, "operatingExpenses": 1373800000, "costAndExpenses": 12246700000, "interestIncome": 0, "interestExpense": 159500000, "depreciationAndAmortization": 227400000, "ebitda": 830800000, "ebitdaratio": 0.0639632912, "operatingIncome": 742000000, "operatingIncomeRatio": 0.0571265793, "totalOtherIncomeExpensesNet": 64500000, "incomeBeforeTax": 647000000, "incomeBeforeTaxRatio": 0.0498125294, "incomeTaxExpense": 243900000, "netIncome": 403100000, "netIncomeRatio": 0.0310346686, "eps": 2.37, "epsdiluted": 2.35, "weightedAverageShsOut": 170300000, "weightedAverageShsOutDil": 171800000, "link": "https://www.sec.gov/Archives/edgar/data/1402057/000140205716000057/0001402057-16-000057-index.htm", "finalLink": "https://www.sec.gov/Archives/edgar/data/1402057/000140205716000057/cdw-20151231x10k.htm", "calculatedOtherExpenses": 0, "calculatedOperatingExpenses": 1373800000, "calculatedNetInterest": -159500000, "calculatedOtherIncome": 64500000, "calculatedIncomeNonControlling": 0, "calculatedEbitda": 969400000}, {"date": "2014-12-31", "symbol": "CDW", "reportedCurrency": "USD", "cik": "0001402057", "fillingDate": "2015-02-26", "acceptedDate": "2015-02-26 07:01:35", "calendarYear": "2014", "period": "FY", "revenue": 12074500000, "costOfRevenue": 10153200000, "grossProfit": 1921300000, "grossProfitRatio": 0.1591204605, "researchAndDevelopmentExpenses": 0, "generalAndAdministrativeExpenses": 1110300000, "sellingAndMarketingExpenses": 138000000, "sellingGeneralAndAdministrativeExpenses": 1248300000, "otherExpenses": 2700000, "operatingExpenses": 1248300000, "costAndExpenses": 11401500000, "interestIncome": 0, "interestExpense": 197300000, "depreciationAndAmortization": 207900000, "ebitda": 675700000, "ebitdaratio": 0.0559609094, "operatingIncome": 673000000, "operatingIncomeRatio": 0.0557372976, "totalOtherIncomeExpensesNet": -88000000, "incomeBeforeTax": 387700000, "incomeBeforeTaxRatio": 0.03210899, "incomeTaxExpense": 142800000, "netIncome": 244900000, "netIncomeRatio": 0.0202824134, "eps": 1.44, "epsdiluted": 1.42, "weightedAverageShsOut": 170600000, "weightedAverageShsOutDil": 172800000, "link": "https://www.sec.gov/Archives/edgar/data/1402057/000140205715000003/0001402057-15-000003-index.htm", "finalLink": "https://www.sec.gov/Archives/edgar/data/1402057/000140205715000003/cdw-20141231x10k.htm", "calculatedOtherExpenses": 0, "calculatedOperatingExpenses": 1248300000, "calculatedNetInterest": -197300000, "calculatedOtherIncome": -88000000, "calculatedIncomeNonControlling": 0, "calculatedEbitda": 880900000}, {"date": "2013-12-31", "symbol": "CDW", "reportedCurrency": "USD", "cik": "0001402057", "fillingDate": "2014-03-05", "acceptedDate": "2014-03-05 08:33:33", "calendarYear": "2013", "period": "FY", "revenue": 10768600000, "costOfRevenue": 9008300000, "grossProfit": 1760300000, "grossProfitRatio": 0.163466003, "researchAndDevelopmentExpenses": 0, "generalAndAdministrativeExpenses": 1120900000, "sellingAndMarketingExpenses": 130800000, "sellingGeneralAndAdministrativeExpenses": 1251700000, "otherExpenses": 1000000, "operatingExpenses": 1251700000, "costAndExpenses": 10260000000, "interestIncome": 0, "interestExpense": 250100000, "depreciationAndAmortization": 208200000, "ebitda": 509600000, "ebitdaratio": 0.0473227718, "operatingIncome": 508600000, "operatingIncomeRatio": 0.0472299092, "totalOtherIncomeExpensesNet": -63000000, "incomeBeforeTax": 195500000, "incomeBeforeTaxRatio": 0.0181546348, "incomeTaxExpense": 62700000, "netIncome": 132800000, "netIncomeRatio": 0.0123321509, "eps": 0.85, "epsdiluted": 0.84, "weightedAverageShsOut": 156600000, "weightedAverageShsOutDil": 158700000, "link": "https://www.sec.gov/Archives/edgar/data/1402057/000140205714000002/0001402057-14-000002-index.htm", "finalLink": "https://www.sec.gov/Archives/edgar/data/1402057/000140205714000002/cdw-20131231x10k.htm", "calculatedOtherExpenses": 0, "calculatedOperatingExpenses": 1251700000, "calculatedNetInterest": -250100000, "calculatedOtherIncome": -63000000, "calculatedIncomeNonControlling": 0, "calculatedEbitda": 716800000}, {"date": "2012-12-31", "symbol": "CDW", "reportedCurrency": "USD", "cik": "0001402057", "fillingDate": "2013-03-08", "acceptedDate": "2013-03-08 14:26:31", "calendarYear": "2012", "period": "FY", "revenue": 10128200000, "costOfRevenue": 8458600000, "grossProfit": 1669600000, "grossProfitRatio": 0.1648466657, "researchAndDevelopmentExpenses": 0, "generalAndAdministrativeExpenses": 1029500000, "sellingAndMarketingExpenses": 129500000, "sellingGeneralAndAdministrativeExpenses": 1159000000, "otherExpenses": 100000, "operatingExpenses": 1159000000, "costAndExpenses": 9617600000, "interestIncome": 0, "interestExpense": 307400000, "depreciationAndAmortization": 210200000, "ebitda": 720900000, "ebitdaratio": 0.0711775044, "operatingIncome": 510600000, "operatingIncomeRatio": 0.0504136964, "totalOtherIncomeExpensesNet": -17100000, "incomeBeforeTax": 186100000, "incomeBeforeTaxRatio": 0.0183744397, "incomeTaxExpense": 67100000, "netIncome": 119000000, "netIncomeRatio": 0.011749373, "eps": 0.82, "epsdiluted": 0.82, "weightedAverageShsOut": 145100000, "weightedAverageShsOutDil": 145800000, "link": "https://www.sec.gov/Archives/edgar/data/1402057/000140205713000003/0001402057-13-000003-index.htm", "finalLink": "https://www.sec.gov/Archives/edgar/data/1402057/000140205713000003/cdw-20121231x10k1.htm", "calculatedOtherExpenses": 0, "calculatedOperatingExpenses": 1159000000, "calculatedNetInterest": -307400000, "calculatedOtherIncome": -17100000, "calculatedIncomeNonControlling": 0, "calculatedEbitda": 720800000}, {"date": "2011-12-31", "symbol": "CDW", "reportedCurrency": "USD", "cik": "0001402057", "fillingDate": "2012-03-09", "acceptedDate": "2012-03-09 14:23:58", "calendarYear": "2011", "period": "FY", "revenue": 9602400000, "costOfRevenue": 8015000000, "grossProfit": 1587400000, "grossProfitRatio": 0.1653128385, "researchAndDevelopmentExpenses": 0, "generalAndAdministrativeExpenses": 994000000, "sellingAndMarketingExpenses": 122700000, "sellingGeneralAndAdministrativeExpenses": 1116700000, "otherExpenses": 0, "operatingExpenses": 1116700000, "costAndExpenses": 9131700000, "interestIncome": 0, "interestExpense": -324200000, "depreciationAndAmortization": 204900000, "ebitda": 793800000, "ebitdaratio": 0.0826668333, "operatingIncome": 470700000, "operatingIncomeRatio": 0.0490189953, "totalOtherIncomeExpensesNet": -118200000, "incomeBeforeTax": 28300000, "incomeBeforeTaxRatio": 0.0029471799, "incomeTaxExpense": 11200000, "netIncome": 17100000, "netIncomeRatio": 0.0017808048, "eps": 0.12, "epsdiluted": 0.12, "weightedAverageShsOut": 144800000, "weightedAverageShsOutDil": 144900000, "link": "https://www.sec.gov/Archives/edgar/data/1402057/000140205712000006/0001402057-12-000006-index.htm", "finalLink": "https://www.sec.gov/Archives/edgar/data/1402057/000140205712000006/cdw-20111231x10k.htm", "calculatedOtherExpenses": 0, "calculatedOperatingExpenses": 1116700000, "calculatedNetInterest": 324200000, "calculatedOtherIncome": -766600000, "calculatedIncomeNonControlling": 0, "calculatedEbitda": 675600000}, {"date": "2010-12-31", "symbol": "CDW", "reportedCurrency": "USD", "cik": "0001402057", "fillingDate": "2011-03-04", "acceptedDate": "2011-03-04 15:43:42", "calendarYear": "2010", "period": "FY", "revenue": 8801200000, "costOfRevenue": 7410400000, "grossProfit": 1390800000, "grossProfitRatio": 0.1580239058, "researchAndDevelopmentExpenses": 0, "generalAndAdministrativeExpenses": 932100000, "sellingAndMarketingExpenses": 106000000, "sellingGeneralAndAdministrativeExpenses": 1038100000, "otherExpenses": 0, "operatingExpenses": 1038100000, "costAndExpenses": 8448500000, "interestIncome": 0, "interestExpense": -391900000, "depreciationAndAmortization": 209400000, "ebitda": 559900000, "ebitdaratio": 0.063616325, "operatingIncome": 352700000, "operatingIncomeRatio": 0.0400740808, "totalOtherIncomeExpensesNet": 2200000, "incomeBeforeTax": -37000000, "incomeBeforeTaxRatio": -0.0042039722, "incomeTaxExpense": -7800000, "netIncome": -29200000, "netIncomeRatio": -0.0033177294, "eps": -0.2, "epsdiluted": -0.2, "weightedAverageShsOut": 144400000, "weightedAverageShsOutDil": 144400000, "link": "https://www.sec.gov/Archives/edgar/data/1402057/000119312511056194/0001193125-11-056194-index.htm", "finalLink": "https://www.sec.gov/Archives/edgar/data/1402057/000119312511056194/d10k.htm", "calculatedOtherExpenses": 0, "calculatedOperatingExpenses": 1038100000, "calculatedNetInterest": 391900000, "calculatedOtherIncome": -781600000, "calculatedIncomeNonControlling": 0, "calculatedEbitda": 562100000}, {"date": "2009-12-31", "symbol": "CDW", "reportedCurrency": "USD", "cik": "0001402057", "fillingDate": "2009-12-31", "acceptedDate": "2009-12-30 19:00:00", "calendarYear": "2009", "period": "FY", "revenue": 7162600000, "costOfRevenue": 6029700000, "grossProfit": 1132900000, "grossProfitRatio": 0.1581688214, "researchAndDevelopmentExpenses": 0, "generalAndAdministrativeExpenses": 821100000, "sellingAndMarketingExpenses": 101900000, "sellingGeneralAndAdministrativeExpenses": 923000000, "otherExpenses": 0, "operatingExpenses": 923000000, "costAndExpenses": 6952700000, "interestIncome": 0, "interestExpense": 0, "depreciationAndAmortization": 218200000, "ebitda": 667500000, "ebitdaratio": 0.0931924162, "operatingIncome": -31900000, "operatingIncomeRatio": -0.00445369, "totalOtherIncomeExpensesNet": -239400000, "incomeBeforeTax": -461200000, "incomeBeforeTaxRatio": -0.064390026, "incomeTaxExpense": -87800000, "netIncome": -373400000, "netIncomeRatio": -0.0521319074, "eps": -2.57, "epsdiluted": -2.56, "weightedAverageShsOut": 145200000, "weightedAverageShsOutDil": 146100000, "link": "", "finalLink": "", "calculatedOtherExpenses": 241800000, "calculatedOperatingExpenses": 1164800000, "calculatedNetInterest": 0, "calculatedOtherIncome": -429300000, "calculatedIncomeNonControlling": 0, "calculatedEbitda": 186300000}, {"date": "2008-12-31", "symbol": "CDW", "reportedCurrency": "USD", "cik": "0001402057", "fillingDate": "2008-12-31", "acceptedDate": "2008-12-30 19:00:00", "calendarYear": "2008", "period": "FY", "revenue": 8071200000, "costOfRevenue": 6710200000, "grossProfit": 1361000000, "grossProfitRatio": 0.1686242442, "researchAndDevelopmentExpenses": 0, "generalAndAdministrativeExpenses": 894800000, "sellingAndMarketingExpenses": 141300000, "sellingGeneralAndAdministrativeExpenses": 1036100000, "otherExpenses": 0, "operatingExpenses": 1036100000, "costAndExpenses": 7746300000, "interestIncome": 0, "interestExpense": 0, "depreciationAndAmortization": 218400000, "ebitda": 2255100000, "ebitdaratio": 0.2794008326, "operatingIncome": -1387100000, "operatingIncomeRatio": -0.1718579641, "totalOtherIncomeExpensesNet": -1711800000, "incomeBeforeTax": -1777200000, "incomeBeforeTaxRatio": -0.2201903063, "incomeTaxExpense": -12100000, "netIncome": -1765100000, "netIncomeRatio": -0.2186911488, "eps": -12.16, "epsdiluted": -12.08, "weightedAverageShsOut": 145200000, "weightedAverageShsOutDil": 146100000, "link": "", "finalLink": "", "calculatedOtherExpenses": 1712000000, "calculatedOperatingExpenses": 2748100000, "calculatedNetInterest": 0, "calculatedOtherIncome": -390100000, "calculatedIncomeNonControlling": 0, "calculatedEbitda": -1168700000}, {"date": "2006-12-31", "symbol": "CDW", "reportedCurrency": "USD", "cik": "0001402057", "fillingDate": "2006-12-31", "acceptedDate": "2006-12-30 19:00:00", "calendarYear": "2006", "period": "FY", "revenue": 6785473000, "costOfRevenue": 5715630000, "grossProfit": 1069843000, "grossProfitRatio": 0.15766668, "researchAndDevelopmentExpenses": 0, "generalAndAdministrativeExpenses": 530120000, "sellingAndMarketingExpenses": 118324000, "sellingGeneralAndAdministrativeExpenses": 648444000, "otherExpenses": 25000000, "operatingExpenses": 673444000, "costAndExpenses": 6389074000, "interestIncome": 0, "interestExpense": 0, "depreciationAndAmortization": 28138000, "ebitda": 426381000, "ebitdaratio": 0.0628373291, "operatingIncome": 396399000, "operatingIncomeRatio": 0.058418772, "totalOtherIncomeExpensesNet": -1844000, "incomeBeforeTax": 414351000, "incomeBeforeTaxRatio": 0.061064424, "incomeTaxExpense": 148271000, "netIncome": 266080000, "netIncomeRatio": 0.0392131838, "eps": 3.37, "epsdiluted": 3.3, "weightedAverageShsOut": 78874000, "weightedAverageShsOutDil": 80651000, "link": "", "finalLink": "", "calculatedOtherExpenses": 25000000, "calculatedOperatingExpenses": 673444000, "calculatedNetInterest": 0, "calculatedOtherIncome": 17952000, "calculatedIncomeNonControlling": 0, "calculatedEbitda": 424537000}, {"date": "2005-12-31", "symbol": "CDW", "reportedCurrency": "USD", "cik": "0001402057", "fillingDate": "2005-12-31", "acceptedDate": "2005-12-30 19:00:00", "calendarYear": "2005", "period": "FY", "revenue": 6291845000, "costOfRevenue": 5324215000, "grossProfit": 967630000, "grossProfitRatio": 0.1537911376, "researchAndDevelopmentExpenses": 0, "generalAndAdministrativeExpenses": 433482000, "sellingAndMarketingExpenses": 0, "sellingGeneralAndAdministrativeExpenses": 433482000, "otherExpenses": 114514000, "operatingExpenses": 547996000, "costAndExpenses": 5872211000, "interestIncome": 0, "interestExpense": 0, "depreciationAndAmortization": 21493000, "ebitda": 442958000, "ebitdaratio": 0.070401925, "operatingIncome": 419634000, "operatingIncomeRatio": 0.0666949043, "totalOtherIncomeExpensesNet": -1831000, "incomeBeforeTax": 432958000, "incomeBeforeTaxRatio": 0.0688125661, "incomeTaxExpense": 160866000, "netIncome": 272092000, "netIncomeRatio": 0.0432451848, "eps": 3.35, "epsdiluted": 3.26, "weightedAverageShsOut": 81128000, "weightedAverageShsOutDil": 83566000, "link": "", "finalLink": "", "calculatedOtherExpenses": 114514000, "calculatedOperatingExpenses": 547996000, "calculatedNetInterest": 0, "calculatedOtherIncome": 13324000, "calculatedIncomeNonControlling": 0, "calculatedEbitda": 441127000}, {"date": "2004-12-31", "symbol": "CDW", "reportedCurrency": "USD", "cik": "0001402057", "fillingDate": "2004-12-31", "acceptedDate": "2004-12-30 19:00:00", "calendarYear": "2004", "period": "FY", "revenue": 5737774000, "costOfRevenue": 4867650000, "grossProfit": 870124000, "grossProfitRatio": 0.151648357, "researchAndDevelopmentExpenses": 0, "generalAndAdministrativeExpenses": 386563000, "sellingAndMarketingExpenses": 0, "sellingGeneralAndAdministrativeExpenses": 386563000, "otherExpenses": 90802000, "operatingExpenses": 477365000, "costAndExpenses": 5345015000, "interestIncome": 0, "interestExpense": 0, "depreciationAndAmortization": 16998000, "ebitda": 411624000, "ebitdaratio": 0.0717393191, "operatingIncome": 392759000, "operatingIncomeRatio": 0.0684514587, "totalOtherIncomeExpensesNet": -1867000, "incomeBeforeTax": 399860000, "incomeBeforeTaxRatio": 0.0696890467, "incomeTaxExpense": 158415000, "netIncome": 241445000, "netIncomeRatio": 0.0420799076, "eps": 2.9, "epsdiluted": 2.79, "weightedAverageShsOut": 83391000, "weightedAverageShsOutDil": 86552000, "link": "", "finalLink": "", "calculatedOtherExpenses": 90802000, "calculatedOperatingExpenses": 477365000, "calculatedNetInterest": 0, "calculatedOtherIncome": 7101000, "calculatedIncomeNonControlling": 0, "calculatedEbitda": 409757000}, {"date": "2003-12-31", "symbol": "CDW", "reportedCurrency": "USD", "cik": "0001402057", "fillingDate": "2003-12-31", "acceptedDate": "2003-12-30 19:00:00", "calendarYear": "2003", "period": "FY", "revenue": 4664616000, "costOfRevenue": 3990824000, "grossProfit": 673792000, "grossProfitRatio": 0.1444474743, "researchAndDevelopmentExpenses": 0, "generalAndAdministrativeExpenses": 325205000, "sellingAndMarketingExpenses": 0, "sellingGeneralAndAdministrativeExpenses": 325205000, "otherExpenses": 64129000, "operatingExpenses": 389334000, "costAndExpenses": 4380158000, "interestIncome": 0, "interestExpense": 0, "depreciationAndAmortization": 15135000, "ebitda": 301712000, "ebitdaratio": 0.0646809941, "operatingIncome": 284458000, "operatingIncomeRatio": 0.060982083, "totalOtherIncomeExpensesNet": -2119000, "incomeBeforeTax": 289564000, "incomeBeforeTaxRatio": 0.0620767069, "incomeTaxExpense": 114378000, "netIncome": 175186000, "netIncomeRatio": 0.0375563605, "eps": 2.1, "epsdiluted": 2.03, "weightedAverageShsOut": 83329000, "weightedAverageShsOutDil": 86175000, "link": "", "finalLink": "", "calculatedOtherExpenses": 64129000, "calculatedOperatingExpenses": 389334000, "calculatedNetInterest": 0, "calculatedOtherIncome": 5106000, "calculatedIncomeNonControlling": 0, "calculatedEbitda": 299593000}, {"date": "2002-12-31", "symbol": "CDW", "reportedCurrency": "USD", "cik": "0001402057", "fillingDate": "2002-12-31", "acceptedDate": "2002-12-30 19:00:00", "calendarYear": "2002", "period": "FY", "revenue": 4264579000, "costOfRevenue": 3700744000, "grossProfit": 563835000, "grossProfitRatio": 0.1322135198, "researchAndDevelopmentExpenses": 0, "generalAndAdministrativeExpenses": 261611000, "sellingAndMarketingExpenses": 0, "sellingGeneralAndAdministrativeExpenses": 261611000, "otherExpenses": 4046000, "operatingExpenses": 265657000, "costAndExpenses": 3966401000, "interestIncome": 0, "interestExpense": 0, "depreciationAndAmortization": 15564000, "ebitda": 315271000, "ebitdaratio": 0.0739278133, "operatingIncome": 298178000, "operatingIncomeRatio": 0.0699196802, "totalOtherIncomeExpensesNet": -1529000, "incomeBeforeTax": 306197000, "incomeBeforeTaxRatio": 0.0718000534, "incomeTaxExpense": 120948000, "netIncome": 185249000, "netIncomeRatio": 0.0434389889, "eps": 2.18, "epsdiluted": 2.1, "weightedAverageShsOut": 84862000, "weightedAverageShsOutDil": 88296000, "link": "", "finalLink": "", "calculatedOtherExpenses": 4046000, "calculatedOperatingExpenses": 265657000, "calculatedNetInterest": 0, "calculatedOtherIncome": 8019000, "calculatedIncomeNonControlling": 0, "calculatedEbitda": 313742000}, {"date": "2001-12-31", "symbol": "CDW", "reportedCurrency": "USD", "cik": "0001402057", "fillingDate": "2001-12-31", "acceptedDate": "2001-12-30 19:00:00", "calendarYear": "2001", "period": "FY", "revenue": 3961545000, "costOfRevenue": 3434510000, "grossProfit": 527035000, "grossProfitRatio": 0.1330377416, "researchAndDevelopmentExpenses": 0, "generalAndAdministrativeExpenses": 253328000, "sellingAndMarketingExpenses": 0, "sellingGeneralAndAdministrativeExpenses": 253328000, "otherExpenses": 5509000, "operatingExpenses": 258837000, "costAndExpenses": 3693347000, "interestIncome": 0, "interestExpense": 0, "depreciationAndAmortization": 15383000, "ebitda": 284440000, "ebitdaratio": 0.0718002698, "operatingIncome": 268198000, "operatingIncomeRatio": 0.0677003543, "totalOtherIncomeExpensesNet": -859000, "incomeBeforeTax": 279976000, "incomeBeforeTaxRatio": 0.0706734368, "incomeTaxExpense": 111290000, "netIncome": 168686000, "netIncomeRatio": 0.0425808618, "eps": 1.97, "epsdiluted": 1.89, "weightedAverageShsOut": 85803000, "weightedAverageShsOutDil": 89136000, "link": "", "finalLink": "", "calculatedOtherExpenses": 5509000, "calculatedOperatingExpenses": 258837000, "calculatedNetInterest": 0, "calculatedOtherIncome": 11778000, "calculatedIncomeNonControlling": 0, "calculatedEbitda": 283581000}, {"date": "2000-12-31", "symbol": "CDW", "reportedCurrency": "USD", "cik": "0001402057", "fillingDate": "2000-12-31", "acceptedDate": "2000-12-30 19:00:00", "calendarYear": "2000", "period": "FY", "revenue": 3842452000, "costOfRevenue": 3352609000, "grossProfit": 489843000, "grossProfitRatio": 0.1274818788, "researchAndDevelopmentExpenses": 0, "generalAndAdministrativeExpenses": 217756000, "sellingAndMarketingExpenses": 0, "sellingGeneralAndAdministrativeExpenses": 217756000, "otherExpenses": 12479000, "operatingExpenses": 230235000, "costAndExpenses": 3582844000, "interestIncome": 0, "interestExpense": 0, "depreciationAndAmortization": 10478000, "ebitda": 270776000, "ebitdaratio": 0.0704695856, "operatingIncome": 259608000, "operatingIncomeRatio": 0.0675631081, "totalOtherIncomeExpensesNet": -690000, "incomeBeforeTax": 268657000, "incomeBeforeTaxRatio": 0.0699181148, "incomeTaxExpense": 106388000, "netIncome": 162269000, "netIncomeRatio": 0.0422305861, "eps": 1.87, "epsdiluted": 1.79, "weightedAverageShsOut": 87003000, "weightedAverageShsOutDil": 90860000, "link": "", "finalLink": "", "calculatedOtherExpenses": 12479000, "calculatedOperatingExpenses": 230235000, "calculatedNetInterest": 0, "calculatedOtherIncome": 9049000, "calculatedIncomeNonControlling": 0, "calculatedEbitda": 270086000}, {"date": "1999-12-31", "symbol": "CDW", "reportedCurrency": "USD", "cik": "0001402057", "fillingDate": "1999-12-31", "acceptedDate": "1999-12-30 19:00:00", "calendarYear": "1999", "period": "FY", "revenue": 2561239000, "costOfRevenue": 2237700000, "grossProfit": 323539000, "grossProfitRatio": 0.1263212843, "researchAndDevelopmentExpenses": 0, "generalAndAdministrativeExpenses": 165627000, "sellingAndMarketingExpenses": 0, "sellingGeneralAndAdministrativeExpenses": 165627000, "otherExpenses": 0, "operatingExpenses": 165627000, "costAndExpenses": 2403327000, "interestIncome": 0, "interestExpense": 0, "depreciationAndAmortization": 6788000, "ebitda": 165150000, "ebitdaratio": 0.0644805112, "operatingIncome": 157912000, "operatingIncomeRatio": 0.0616545352, "totalOtherIncomeExpensesNet": -450000, "incomeBeforeTax": 162393000, "incomeBeforeTaxRatio": 0.063404079, "incomeTaxExpense": 64308000, "netIncome": 98085000, "netIncomeRatio": 0.0382959185, "eps": 1.14, "epsdiluted": 1.11, "weightedAverageShsOut": 86270000, "weightedAverageShsOutDil": 88304000, "link": "", "finalLink": "", "calculatedOtherExpenses": 0, "calculatedOperatingExpenses": 165627000, "calculatedNetInterest": 0, "calculatedOtherIncome": 4481000, "calculatedIncomeNonControlling": 0, "calculatedEbitda": 164700000}, {"date": "1998-12-31", "symbol": "CDW", "reportedCurrency": "USD", "cik": "0001402057", "fillingDate": "1998-12-31", "acceptedDate": "1998-12-30 19:00:00", "calendarYear": "1998", "period": "FY", "revenue": 1733489000, "costOfRevenue": 1513314000, "grossProfit": 220175000, "grossProfitRatio": 0.1270126318, "researchAndDevelopmentExpenses": 0, "generalAndAdministrativeExpenses": 115537000, "sellingAndMarketingExpenses": 0, "sellingGeneralAndAdministrativeExpenses": 115537000, "otherExpenses": 0, "operatingExpenses": 115537000, "costAndExpenses": 1628851000, "interestIncome": 0, "interestExpense": 0, "depreciationAndAmortization": 4758000, "ebitda": 109731000, "ebitdaratio": 0.0633006613, "operatingIncome": 104638000, "operatingIncomeRatio": 0.0603626559, "totalOtherIncomeExpensesNet": -335000, "incomeBeforeTax": 109011000, "incomeBeforeTaxRatio": 0.062885314, "incomeTaxExpense": 43170000, "netIncome": 65841000, "netIncomeRatio": 0.0379817813, "eps": 1.53, "epsdiluted": 1.51, "weightedAverageShsOut": 43062000, "weightedAverageShsOutDil": 43504000, "link": "", "finalLink": "", "calculatedOtherExpenses": 0, "calculatedOperatingExpenses": 115537000, "calculatedNetInterest": 0, "calculatedOtherIncome": 4373000, "calculatedIncomeNonControlling": 0, "calculatedEbitda": 109396000}, {"date": "1997-12-31", "symbol": "CDW", "reportedCurrency": "USD", "cik": "0001402057", "fillingDate": "1997-12-31", "acceptedDate": "1997-12-30 19:00:00", "calendarYear": "1997", "period": "FY", "revenue": 1276929000, "costOfRevenue": 1106124000, "grossProfit": 170805000, "grossProfitRatio": 0.1337623313, "researchAndDevelopmentExpenses": 0, "generalAndAdministrativeExpenses": 90315000, "sellingAndMarketingExpenses": 0, "sellingGeneralAndAdministrativeExpenses": 90315000, "otherExpenses": 0, "operatingExpenses": 90315000, "costAndExpenses": 1196439000, "interestIncome": 0, "interestExpense": 0, "depreciationAndAmortization": 2672000, "ebitda": 83403000, "ebitdaratio": 0.0653152994, "operatingIncome": 80490000, "operatingIncomeRatio": 0.063034045, "totalOtherIncomeExpensesNet": -241000, "incomeBeforeTax": 84508000, "incomeBeforeTaxRatio": 0.0661806569, "incomeTaxExpense": 33507000, "netIncome": 51001000, "netIncomeRatio": 0.0399403569, "eps": 0.6, "epsdiluted": 0.59, "weightedAverageShsOut": 85000000, "weightedAverageShsOutDil": 86440678, "link": "", "finalLink": "", "calculatedOtherExpenses": 0, "calculatedOperatingExpenses": 90315000, "calculatedNetInterest": 0, "calculatedOtherIncome": 4018000, "calculatedIncomeNonControlling": 0, "calculatedEbitda": 83162000}, {"date": "1996-12-31", "symbol": "CDW", "reportedCurrency": "USD", "cik": "0001402057", "fillingDate": "1996-12-31", "acceptedDate": "1996-12-30 19:00:00", "calendarYear": "1996", "period": "FY", "revenue": 927895000, "costOfRevenue": 805413000, "grossProfit": 122482000, "grossProfitRatio": 0.1319998491, "researchAndDevelopmentExpenses": 0, "generalAndAdministrativeExpenses": 64879000, "sellingAndMarketingExpenses": 0, "sellingGeneralAndAdministrativeExpenses": 64879000, "otherExpenses": 4000000, "operatingExpenses": 68879000, "costAndExpenses": 874292000, "interestIncome": 0, "interestExpense": 0, "depreciationAndAmortization": 1975000, "ebitda": 55766000, "ebitdaratio": 0.0600994725, "operatingIncome": 53603000, "operatingIncomeRatio": 0.0577683897, "totalOtherIncomeExpensesNet": -188000, "incomeBeforeTax": 56884000, "incomeBeforeTaxRatio": 0.0613043502, "incomeTaxExpense": 22484000, "netIncome": 34400000, "netIncomeRatio": 0.0370731602, "eps": 1.58, "epsdiluted": 1.58, "weightedAverageShsOut": 21785000, "weightedAverageShsOutDil": 84642857, "link": "", "finalLink": "", "calculatedOtherExpenses": 4000000, "calculatedOperatingExpenses": 68879000, "calculatedNetInterest": 0, "calculatedOtherIncome": 3281000, "calculatedIncomeNonControlling": 0, "calculatedEbitda": 55578000}, {"date": "1995-12-31", "symbol": "CDW", "reportedCurrency": "USD", "cik": "0001402057", "fillingDate": "1995-12-31", "acceptedDate": "1995-12-30 19:00:00", "calendarYear": "1995", "period": "FY", "revenue": 628700000, "costOfRevenue": 546400000, "grossProfit": 82300000, "grossProfitRatio": 0.1309050422, "researchAndDevelopmentExpenses": 0, "generalAndAdministrativeExpenses": 49200000, "sellingAndMarketingExpenses": 0, "sellingGeneralAndAdministrativeExpenses": 49200000, "otherExpenses": 2200000, "operatingExpenses": 51400000, "costAndExpenses": 597800000, "interestIncome": 0, "interestExpense": 0, "depreciationAndAmortization": -2200000, "ebitda": 31100000, "ebitdaratio": 0.0494671544, "operatingIncome": 30900000, "operatingIncomeRatio": 0.0491490377, "totalOtherIncomeExpensesNet": 2000000, "incomeBeforeTax": 33000000, "incomeBeforeTaxRatio": 0.0524892636, "incomeTaxExpense": 12900000, "netIncome": 20100000, "netIncomeRatio": 0.0319707333, "eps": 0.24, "epsdiluted": 0.24, "weightedAverageShsOut": 83750000, "weightedAverageShsOutDil": 83750000, "link": "", "finalLink": "", "calculatedOtherExpenses": 2200000, "calculatedOperatingExpenses": 51400000, "calculatedNetInterest": 0, "calculatedOtherIncome": 2100000, "calculatedIncomeNonControlling": 0, "calculatedEbitda": 28700000}, {"date": "1994-12-31", "symbol": "CDW", "reportedCurrency": "USD", "cik": "0001402057", "fillingDate": "1994-12-31", "acceptedDate": "1994-12-30 19:00:00", "calendarYear": "1994", "period": "FY", "revenue": 413300000, "costOfRevenue": 357600000, "grossProfit": 55700000, "grossProfitRatio": 0.134768933, "researchAndDevelopmentExpenses": 0, "generalAndAdministrativeExpenses": 34600000, "sellingAndMarketingExpenses": 0, "sellingGeneralAndAdministrativeExpenses": 34600000, "otherExpenses": 1700000, "operatingExpenses": 36300000, "costAndExpenses": 393900000, "interestIncome": 0, "interestExpense": 0, "depreciationAndAmortization": -1700000, "ebitda": 20600000, "ebitdaratio": 0.0498427293, "operatingIncome": 19400000, "operatingIncomeRatio": 0.0469392693, "totalOtherIncomeExpensesNet": 500000, "incomeBeforeTax": 19900000, "incomeBeforeTaxRatio": 0.0481490443, "incomeTaxExpense": 7800000, "netIncome": 12100000, "netIncomeRatio": 0.0292765546, "eps": 0.16, "epsdiluted": 0.16, "weightedAverageShsOut": 75625000, "weightedAverageShsOutDil": 75625000, "link": "", "finalLink": "", "calculatedOtherExpenses": 1700000, "calculatedOperatingExpenses": 36300000, "calculatedNetInterest": 0, "calculatedOtherIncome": 500000, "calculatedIncomeNonControlling": 0, "calculatedEbitda": 17700000}, {"date": "1993-12-31", "symbol": "CDW", "reportedCurrency": "USD", "cik": "0001402057", "fillingDate": "1993-12-31", "acceptedDate": "1993-12-30 19:00:00", "calendarYear": "1993", "period": "FY", "revenue": 270900000, "costOfRevenue": 235700000, "grossProfit": 35200000, "grossProfitRatio": 0.1299372462, "researchAndDevelopmentExpenses": 0, "generalAndAdministrativeExpenses": 21800000, "sellingAndMarketingExpenses": 0, "sellingGeneralAndAdministrativeExpenses": 21800000, "otherExpenses": 1000000, "operatingExpenses": 22800000, "costAndExpenses": 258500000, "interestIncome": 0, "interestExpense": 0, "depreciationAndAmortization": -1000000, "ebitda": 13300000, "ebitdaratio": 0.0490956072, "operatingIncome": 12400000, "operatingIncomeRatio": 0.0457733481, "totalOtherIncomeExpensesNet": 100000, "incomeBeforeTax": 12100000, "incomeBeforeTaxRatio": 0.0446659284, "incomeTaxExpense": -500000, "netIncome": 12600000, "netIncomeRatio": 0.0465116279, "eps": 0.15, "epsdiluted": 0.15, "weightedAverageShsOut": 84000000, "weightedAverageShsOutDil": 84000000, "link": "", "finalLink": "", "calculatedOtherExpenses": 1000000, "calculatedOperatingExpenses": 22800000, "calculatedNetInterest": 0, "calculatedOtherIncome": -300000, "calculatedIncomeNonControlling": 0, "calculatedEbitda": 11400000}]}