{"originalCurrency": "USD", "convertedCurrency": "USD", "report": [{"date": "2023-12-31", "symbol": "CE", "reportedCurrency": "USD", "cik": "0001306830", "fillingDate": "2024-02-20", "acceptedDate": "2024-02-20 16:20:09", "calendarYear": "2023", "period": "FY", "revenue": 10940000000, "costOfRevenue": 8508000000, "grossProfit": 2432000000, "grossProfitRatio": 0.2223034735, "researchAndDevelopmentExpenses": 146000000, "generalAndAdministrativeExpenses": 0, "sellingAndMarketingExpenses": 0, "sellingGeneralAndAdministrativeExpenses": 1075000000, "otherExpenses": -44000000, "operatingExpenses": 1221000000, "costAndExpenses": 9729000000, "interestIncome": 39000000, "interestExpense": 757000000, "depreciationAndAmortization": 704000000, "ebitda": 1915000000, "ebitdaratio": 0.1750457038, "operatingIncome": 1211000000, "operatingIncomeRatio": 0.1106946984, "totalOtherIncomeExpensesNet": -28000000, "incomeBeforeTax": 1183000000, "incomeBeforeTaxRatio": 0.1081352834, "incomeTaxExpense": -790000000, "netIncome": 1960000000, "netIncomeRatio": 0.1791590494, "eps": 18.01, "epsdiluted": 17.92, "weightedAverageShsOut": 108848962, "weightedAverageShsOutDil": 109379664, "link": "https://www.sec.gov/Archives/edgar/data/1306830/000130683024000016/0001306830-24-000016-index.htm", "finalLink": "https://www.sec.gov/Archives/edgar/data/1306830/000130683024000016/q420238-kex991.htm", "calculatedOtherExpenses": 0, "calculatedOperatingExpenses": 1221000000, "calculatedNetInterest": -718000000, "calculatedOtherIncome": 690000000, "calculatedIncomeNonControlling": 13000000, "calculatedEbitda": 1915000000}, {"date": "2022-12-31", "symbol": "CE", "reportedCurrency": "USD", "cik": "0001306830", "fillingDate": "2023-02-24", "acceptedDate": "2023-02-24 17:15:27", "calendarYear": "2022", "period": "FY", "revenue": 9673000000, "costOfRevenue": 7293000000, "grossProfit": 2380000000, "grossProfitRatio": 0.2460456942, "researchAndDevelopmentExpenses": 112000000, "generalAndAdministrativeExpenses": 0, "sellingAndMarketingExpenses": 0, "sellingGeneralAndAdministrativeExpenses": 824000000, "otherExpenses": 62000000, "operatingExpenses": 998000000, "costAndExpenses": 8291000000, "interestIncome": 69000000, "interestExpense": 405000000, "depreciationAndAmortization": 373000000, "ebitda": 1751000000, "ebitdaratio": 0.1810193322, "operatingIncome": 1378000000, "operatingIncomeRatio": 0.1424583893, "totalOtherIncomeExpensesNet": 43000000, "incomeBeforeTax": 1421000000, "incomeBeforeTaxRatio": 0.1469037527, "incomeTaxExpense": -489000000, "netIncome": 1894000000, "netIncomeRatio": 0.1958027499, "eps": 17.48, "epsdiluted": 17.34, "weightedAverageShsOut": 108380082, "weightedAverageShsOutDil": 109235376, "link": "https://www.sec.gov/Archives/edgar/data/1306830/000130683023000023/0001306830-23-000023-index.htm", "finalLink": "https://www.sec.gov/Archives/edgar/data/1306830/000130683023000023/ce-20221231.htm", "calculatedOtherExpenses": 66000000, "calculatedOperatingExpenses": 1002000000, "calculatedNetInterest": -336000000, "calculatedOtherIncome": 379000000, "calculatedIncomeNonControlling": 16000000, "calculatedEbitda": 1751000000}, {"date": "2021-12-31", "symbol": "CE", "reportedCurrency": "USD", "cik": "0001306830", "fillingDate": "2022-02-10", "acceptedDate": "2022-02-10 16:44:18", "calendarYear": "2021", "period": "FY", "revenue": 8537000000, "costOfRevenue": 5855000000, "grossProfit": 2682000000, "grossProfitRatio": 0.3141618836, "researchAndDevelopmentExpenses": 86000000, "generalAndAdministrativeExpenses": 0, "sellingAndMarketingExpenses": 0, "sellingGeneralAndAdministrativeExpenses": 633000000, "otherExpenses": 25000000, "operatingExpenses": 744000000, "costAndExpenses": 6599000000, "interestIncome": 8000000, "interestExpense": 91000000, "depreciationAndAmortization": 266000000, "ebitda": 2212000000, "ebitdaratio": 0.2591074148, "operatingIncome": 1946000000, "operatingIncomeRatio": 0.2279489282, "totalOtherIncomeExpensesNet": 302000000, "incomeBeforeTax": 2248000000, "incomeBeforeTaxRatio": 0.2633243528, "incomeTaxExpense": 330000000, "netIncome": 1890000000, "netIncomeRatio": 0.2213892468, "eps": 16.99, "epsdiluted": 16.86, "weightedAverageShsOut": 111224017, "weightedAverageShsOutDil": 112084412, "link": "https://www.sec.gov/Archives/edgar/data/1306830/000130683022000017/0001306830-22-000017-index.htm", "finalLink": "https://www.sec.gov/Archives/edgar/data/1306830/000130683022000017/ce-20211231.htm", "calculatedOtherExpenses": 17000000, "calculatedOperatingExpenses": 736000000, "calculatedNetInterest": -83000000, "calculatedOtherIncome": 385000000, "calculatedIncomeNonControlling": 28000000, "calculatedEbitda": 2212000000}, {"date": "2020-12-31", "symbol": "CE", "reportedCurrency": "USD", "cik": "0001306830", "fillingDate": "2021-02-11", "acceptedDate": "2021-02-11 16:41:14", "calendarYear": "2020", "period": "FY", "revenue": 5655000000, "costOfRevenue": 4362000000, "grossProfit": 1293000000, "grossProfitRatio": 0.2286472149, "researchAndDevelopmentExpenses": 74000000, "generalAndAdministrativeExpenses": 0, "sellingAndMarketingExpenses": 0, "sellingGeneralAndAdministrativeExpenses": 482000000, "otherExpenses": 22000000, "operatingExpenses": 578000000, "costAndExpenses": 4940000000, "interestIncome": 6000000, "interestExpense": 109000000, "depreciationAndAmortization": 196000000, "ebitda": 860000000, "ebitdaratio": 0.1520778073, "operatingIncome": 664000000, "operatingIncomeRatio": 0.117418214, "totalOtherIncomeExpensesNet": 1587000000, "incomeBeforeTax": 2251000000, "incomeBeforeTaxRatio": 0.3980548187, "incomeTaxExpense": 247000000, "netIncome": 1985000000, "netIncomeRatio": 0.3510167993, "eps": 16.85, "epsdiluted": 16.75, "weightedAverageShsOut": 117817445, "weightedAverageShsOutDil": 118481376, "link": "https://www.sec.gov/Archives/edgar/data/1306830/000130683021000020/0001306830-21-000020-index.htm", "finalLink": "https://www.sec.gov/Archives/edgar/data/1306830/000130683021000020/ce-20201231.htm", "calculatedOtherExpenses": 73000000, "calculatedOperatingExpenses": 629000000, "calculatedNetInterest": -103000000, "calculatedOtherIncome": 1690000000, "calculatedIncomeNonControlling": 19000000, "calculatedEbitda": 860000000}, {"date": "2019-12-31", "symbol": "CE", "reportedCurrency": "USD", "cik": "0001306830", "fillingDate": "2020-02-06", "acceptedDate": "2020-02-06 16:24:03", "calendarYear": "2019", "period": "FY", "revenue": 6297000000, "costOfRevenue": 4691000000, "grossProfit": 1606000000, "grossProfitRatio": 0.2550420835, "researchAndDevelopmentExpenses": 67000000, "generalAndAdministrativeExpenses": 0, "sellingAndMarketingExpenses": 0, "sellingGeneralAndAdministrativeExpenses": 483000000, "otherExpenses": 24000000, "operatingExpenses": 574000000, "costAndExpenses": 5265000000, "interestIncome": 6000000, "interestExpense": 115000000, "depreciationAndAmortization": 175000000, "ebitda": 1009000000, "ebitdaratio": 0.1602350326, "operatingIncome": 834000000, "operatingIncomeRatio": 0.132444021, "totalOtherIncomeExpensesNet": 154000000, "incomeBeforeTax": 988000000, "incomeBeforeTaxRatio": 0.1569001112, "incomeTaxExpense": 124000000, "netIncome": 852000000, "netIncomeRatio": 0.135302525, "eps": 6.88, "epsdiluted": 6.84, "weightedAverageShsOut": 123925697, "weightedAverageShsOutDil": 124651759, "link": "https://www.sec.gov/Archives/edgar/data/1306830/000130683020000018/0001306830-20-000018-index.htm", "finalLink": "https://www.sec.gov/Archives/edgar/data/1306830/000130683020000018/ce-20191231x10k.htm", "calculatedOtherExpenses": 222000000, "calculatedOperatingExpenses": 772000000, "calculatedNetInterest": -109000000, "calculatedOtherIncome": 263000000, "calculatedIncomeNonControlling": 12000000, "calculatedEbitda": 1009000000}, {"date": "2018-12-31", "symbol": "CE", "reportedCurrency": "USD", "cik": "0001306830", "fillingDate": "2019-02-07", "acceptedDate": "2019-02-07 16:44:31", "calendarYear": "2018", "period": "FY", "revenue": 7155000000, "costOfRevenue": 5183000000, "grossProfit": 1972000000, "grossProfitRatio": 0.2756114605, "researchAndDevelopmentExpenses": 72000000, "generalAndAdministrativeExpenses": 0, "sellingAndMarketingExpenses": 0, "sellingGeneralAndAdministrativeExpenses": 546000000, "otherExpenses": -45000000, "operatingExpenses": 642000000, "costAndExpenses": 5825000000, "interestIncome": 6000000, "interestExpense": 125000000, "depreciationAndAmortization": 24000000, "ebitda": 1547000000, "ebitdaratio": 0.2162124389, "operatingIncome": 1334000000, "operatingIncomeRatio": 0.1864430468, "totalOtherIncomeExpensesNet": 300000000, "incomeBeforeTax": 1510000000, "incomeBeforeTaxRatio": 0.2110412299, "incomeTaxExpense": 292000000, "netIncome": 1207000000, "netIncomeRatio": 0.1686932215, "eps": 8.99, "epsdiluted": 8.91, "weightedAverageShsOut": 134300000, "weightedAverageShsOutDil": 135400000, "link": "https://www.sec.gov/Archives/edgar/data/1306830/000130683019000014/0001306830-19-000014-index.htm", "finalLink": "https://www.sec.gov/Archives/edgar/data/1306830/000130683019000014/ce-20181231x10k.htm", "calculatedOtherExpenses": 20000000, "calculatedOperatingExpenses": 638000000, "calculatedNetInterest": -119000000, "calculatedOtherIncome": 295000000, "calculatedIncomeNonControlling": 11000000, "calculatedEbitda": 1358000000}, {"date": "2017-12-31", "symbol": "CE", "reportedCurrency": "USD", "cik": "0001306830", "fillingDate": "2018-02-09", "acceptedDate": "2018-02-09 16:28:32", "calendarYear": "2017", "period": "FY", "revenue": 6140000000, "costOfRevenue": 4625000000, "grossProfit": 1515000000, "grossProfitRatio": 0.246742671, "researchAndDevelopmentExpenses": 72000000, "generalAndAdministrativeExpenses": 0, "sellingAndMarketingExpenses": 0, "sellingGeneralAndAdministrativeExpenses": 456000000, "otherExpenses": -57000000, "operatingExpenses": 548000000, "costAndExpenses": 5173000000, "interestIncome": 2000000, "interestExpense": 122000000, "depreciationAndAmortization": 20000000, "ebitda": 1115000000, "ebitdaratio": 0.1815960912, "operatingIncome": 901000000, "operatingIncomeRatio": 0.146742671, "totalOtherIncomeExpensesNet": 228000000, "incomeBeforeTax": 1075000000, "incomeBeforeTaxRatio": 0.1750814332, "incomeTaxExpense": 213000000, "netIncome": 843000000, "netIncomeRatio": 0.1372964169, "eps": 6.11, "epsdiluted": 6.09, "weightedAverageShsOut": 137900000, "weightedAverageShsOutDil": 138300000, "link": "https://www.sec.gov/Archives/edgar/data/1306830/000130683018000030/0001306830-18-000030-index.htm", "finalLink": "https://www.sec.gov/Archives/edgar/data/1306830/000130683018000030/ce-20171231x10k.htm", "calculatedOtherExpenses": 86000000, "calculatedOperatingExpenses": 614000000, "calculatedNetInterest": -120000000, "calculatedOtherIncome": 294000000, "calculatedIncomeNonControlling": 19000000, "calculatedEbitda": 921000000}, {"date": "2016-12-31", "symbol": "CE", "reportedCurrency": "USD", "cik": "0001306830", "fillingDate": "2017-02-10", "acceptedDate": "2017-02-10 16:19:51", "calendarYear": "2016", "period": "FY", "revenue": 5389000000, "costOfRevenue": 3984000000, "grossProfit": 1405000000, "grossProfitRatio": 0.2607162739, "researchAndDevelopmentExpenses": 78000000, "generalAndAdministrativeExpenses": 0, "sellingAndMarketingExpenses": 0, "sellingGeneralAndAdministrativeExpenses": 416000000, "otherExpenses": -2000000, "operatingExpenses": 503000000, "costAndExpenses": 4487000000, "interestIncome": 2000000, "interestExpense": 120000000, "depreciationAndAmortization": 295000000, "ebitda": 1346000000, "ebitdaratio": 0.249768046, "operatingIncome": 893000000, "operatingIncomeRatio": 0.1657079235, "totalOtherIncomeExpensesNet": 252000000, "incomeBeforeTax": 1030000000, "incomeBeforeTaxRatio": 0.1911300798, "incomeTaxExpense": 122000000, "netIncome": 900000000, "netIncomeRatio": 0.1670068658, "eps": 6.21, "epsdiluted": 6.18, "weightedAverageShsOut": 144939433, "weightedAverageShsOutDil": 145668181, "link": "https://www.sec.gov/Archives/edgar/data/1306830/000130683017000034/0001306830-17-000034-index.htm", "finalLink": "https://www.sec.gov/Archives/edgar/data/1306830/000130683017000034/ce-20161231x10k.htm", "calculatedOtherExpenses": 18000000, "calculatedOperatingExpenses": 512000000, "calculatedNetInterest": -118000000, "calculatedOtherIncome": 255000000, "calculatedIncomeNonControlling": 8000000, "calculatedEbitda": 1188000000}, {"date": "2015-12-31", "symbol": "CE", "reportedCurrency": "USD", "cik": "0001306830", "fillingDate": "2016-02-05", "acceptedDate": "2016-02-05 16:16:27", "calendarYear": "2015", "period": "FY", "revenue": 5674000000, "costOfRevenue": 4356000000, "grossProfit": 1318000000, "grossProfitRatio": 0.2322876278, "researchAndDevelopmentExpenses": 119000000, "generalAndAdministrativeExpenses": 0, "sellingAndMarketingExpenses": 0, "sellingGeneralAndAdministrativeExpenses": 506000000, "otherExpenses": -8000000, "operatingExpenses": 636000000, "costAndExpenses": 4992000000, "interestIncome": 1000000, "interestExpense": 119000000, "depreciationAndAmortization": 363000000, "ebitda": 1219000000, "ebitdaratio": 0.2148396193, "operatingIncome": 326000000, "operatingIncomeRatio": 0.0574550582, "totalOtherIncomeExpensesNet": -76000000, "incomeBeforeTax": 488000000, "incomeBeforeTaxRatio": 0.0860063447, "incomeTaxExpense": 201000000, "netIncome": 304000000, "netIncomeRatio": 0.0535777229, "eps": 2.02, "epsdiluted": 2, "weightedAverageShsOut": 150838050, "weightedAverageShsOutDil": 152287955, "link": "https://www.sec.gov/Archives/edgar/data/1306830/000130683016000212/0001306830-16-000212-index.htm", "finalLink": "https://www.sec.gov/Archives/edgar/data/1306830/000130683016000212/ce-20151231x10k.htm", "calculatedOtherExpenses": 367000000, "calculatedOperatingExpenses": 992000000, "calculatedNetInterest": -118000000, "calculatedOtherIncome": 280000000, "calculatedIncomeNonControlling": -17000000, "calculatedEbitda": 689000000}, {"date": "2014-12-31", "symbol": "CE", "reportedCurrency": "USD", "cik": "0001306830", "fillingDate": "2015-02-06", "acceptedDate": "2015-02-06 17:19:30", "calendarYear": "2014", "period": "FY", "revenue": 6802000000, "costOfRevenue": 5186000000, "grossProfit": 1616000000, "grossProfitRatio": 0.2375771832, "researchAndDevelopmentExpenses": 86000000, "generalAndAdministrativeExpenses": 0, "sellingAndMarketingExpenses": 0, "sellingGeneralAndAdministrativeExpenses": 758000000, "otherExpenses": 11000000, "operatingExpenses": 864000000, "costAndExpenses": 6050000000, "interestIncome": 1000000, "interestExpense": 147000000, "depreciationAndAmortization": 20000000, "ebitda": 1001000000, "ebitdaratio": 0.1471625992, "operatingIncome": 758000000, "operatingIncomeRatio": 0.1114378124, "totalOtherIncomeExpensesNet": 364000000, "incomeBeforeTax": 941000000, "incomeBeforeTaxRatio": 0.1383416642, "incomeTaxExpense": 314000000, "netIncome": 624000000, "netIncomeRatio": 0.0917377242, "eps": 4.03, "epsdiluted": 4, "weightedAverageShsOut": 155000000, "weightedAverageShsOutDil": 156200000, "link": "https://www.sec.gov/Archives/edgar/data/1306830/000130683015000022/0001306830-15-000022-index.htm", "finalLink": "https://www.sec.gov/Archives/edgar/data/1306830/000130683015000022/ce-20141231x10k.htm", "calculatedOtherExpenses": 14000000, "calculatedOperatingExpenses": 858000000, "calculatedNetInterest": -146000000, "calculatedOtherIncome": 329000000, "calculatedIncomeNonControlling": 3000000, "calculatedEbitda": 778000000}, {"date": "2013-12-31", "symbol": "CE", "reportedCurrency": "USD", "cik": "0001306830", "fillingDate": "2014-02-07", "acceptedDate": "2014-02-07 17:15:23", "calendarYear": "2013", "period": "FY", "revenue": 6510000000, "costOfRevenue": 5145000000, "grossProfit": 1365000000, "grossProfitRatio": 0.2096774194, "researchAndDevelopmentExpenses": 85000000, "generalAndAdministrativeExpenses": 0, "sellingAndMarketingExpenses": 0, "sellingGeneralAndAdministrativeExpenses": 311000000, "otherExpenses": -158000000, "operatingExpenses": 428000000, "costAndExpenses": 5573000000, "interestIncome": 1000000, "interestExpense": 172000000, "depreciationAndAmortization": 32000000, "ebitda": 991000000, "ebitdaratio": 0.1522273425, "operatingIncome": 1508000000, "operatingIncomeRatio": 0.2316436252, "totalOtherIncomeExpensesNet": 844000000, "incomeBeforeTax": 1609000000, "incomeBeforeTaxRatio": 0.2471582181, "incomeTaxExpense": 508000000, "netIncome": 1101000000, "netIncomeRatio": 0.169124424, "eps": 6.93, "epsdiluted": 6.91, "weightedAverageShsOut": 158800000, "weightedAverageShsOutDil": 159300000, "link": "https://www.sec.gov/Archives/edgar/data/1306830/000130683014000011/0001306830-14-000011-index.htm", "finalLink": "https://www.sec.gov/Archives/edgar/data/1306830/000130683014000011/ce-20131231x10k.htm", "calculatedOtherExpenses": -539000000, "calculatedOperatingExpenses": -143000000, "calculatedNetInterest": -171000000, "calculatedOtherIncome": 272000000, "calculatedIncomeNonControlling": 0, "calculatedEbitda": 1540000000}, {"date": "2012-12-31", "symbol": "CE", "reportedCurrency": "USD", "cik": "0001306830", "fillingDate": "2013-02-08", "acceptedDate": "2013-02-08 17:22:53", "calendarYear": "2012", "period": "FY", "revenue": 6418000000, "costOfRevenue": 5226000000, "grossProfit": 1192000000, "grossProfitRatio": 0.185727641, "researchAndDevelopmentExpenses": 102000000, "generalAndAdministrativeExpenses": 0, "sellingAndMarketingExpenses": 0, "sellingGeneralAndAdministrativeExpenses": 507000000, "otherExpenses": -9000000, "operatingExpenses": 660000000, "costAndExpenses": 5886000000, "interestIncome": 2000000, "interestExpense": 185000000, "depreciationAndAmortization": 51000000, "ebitda": 815000000, "ebitdaratio": 0.1269866002, "operatingIncome": 511000000, "operatingIncomeRatio": 0.0796198193, "totalOtherIncomeExpensesNet": 311000000, "incomeBeforeTax": 657000000, "incomeBeforeTaxRatio": 0.102368339, "incomeTaxExpense": 48000000, "netIncome": 605000000, "netIncomeRatio": 0.0942661265, "eps": 3.82, "epsdiluted": 3.79, "weightedAverageShsOut": 158300000, "weightedAverageShsOutDil": 159800000, "link": "https://www.sec.gov/Archives/edgar/data/1306830/000130683013000007/0001306830-13-000007-index.htm", "finalLink": "https://www.sec.gov/Archives/edgar/data/1306830/000130683013000007/ce-20121231x10k.htm", "calculatedOtherExpenses": 72000000, "calculatedOperatingExpenses": 681000000, "calculatedNetInterest": -183000000, "calculatedOtherIncome": 329000000, "calculatedIncomeNonControlling": 4000000, "calculatedEbitda": 562000000}, {"date": "2011-12-31", "symbol": "CE", "reportedCurrency": "USD", "cik": "0001306830", "fillingDate": "2012-02-10", "acceptedDate": "2012-02-10 16:58:50", "calendarYear": "2011", "period": "FY", "revenue": 6763000000, "costOfRevenue": 5329000000, "grossProfit": 1434000000, "grossProfitRatio": 0.2120360787, "researchAndDevelopmentExpenses": 96000000, "generalAndAdministrativeExpenses": 0, "sellingAndMarketingExpenses": 0, "sellingGeneralAndAdministrativeExpenses": 536000000, "otherExpenses": 646000000, "operatingExpenses": 742000000, "costAndExpenses": 6071000000, "interestIncome": 3000000, "interestExpense": 221000000, "depreciationAndAmortization": 62000000, "ebitda": 949000000, "ebitdaratio": 0.1403223422, "operatingIncome": 690000000, "operatingIncomeRatio": 0.1020257282, "totalOtherIncomeExpensesNet": 281000000, "incomeBeforeTax": 755000000, "incomeBeforeTaxRatio": 0.1116368476, "incomeTaxExpense": 149000000, "netIncome": 607000000, "netIncomeRatio": 0.0897530682, "eps": 3.89, "epsdiluted": 3.82, "weightedAverageShsOut": 156200000, "weightedAverageShsOutDil": 158900000, "link": "https://www.sec.gov/Archives/edgar/data/1306830/000130683012000015/0001306830-12-000015-index.htm", "finalLink": "https://www.sec.gov/Archives/edgar/data/1306830/000130683012000015/ce-20111231x10k.htm", "calculatedOtherExpenses": 112000000, "calculatedOperatingExpenses": 744000000, "calculatedNetInterest": -218000000, "calculatedOtherIncome": 283000000, "calculatedIncomeNonControlling": -1000000, "calculatedEbitda": 752000000}, {"date": "2010-12-31", "symbol": "CE", "reportedCurrency": "USD", "cik": "0001306830", "fillingDate": "2011-02-11", "acceptedDate": "2011-02-11 16:57:35", "calendarYear": "2010", "period": "FY", "revenue": 5918000000, "costOfRevenue": 4738000000, "grossProfit": 1180000000, "grossProfitRatio": 0.1993916864, "researchAndDevelopmentExpenses": 70000000, "generalAndAdministrativeExpenses": 0, "sellingAndMarketingExpenses": 0, "sellingGeneralAndAdministrativeExpenses": 505000000, "otherExpenses": 607000000, "operatingExpenses": 679000000, "costAndExpenses": 5417000000, "interestIncome": 7000000, "interestExpense": 204000000, "depreciationAndAmortization": 61000000, "ebitda": 737000000, "ebitdaratio": 0.124535316, "operatingIncome": 501000000, "operatingIncomeRatio": 0.0846569787, "totalOtherIncomeExpensesNet": 232000000, "incomeBeforeTax": 536000000, "incomeBeforeTaxRatio": 0.0905711389, "incomeTaxExpense": 112000000, "netIncome": 375000000, "netIncomeRatio": 0.063366002, "eps": 2.41, "epsdiluted": 2.37, "weightedAverageShsOut": 154600000, "weightedAverageShsOutDil": 158400000, "link": "https://www.sec.gov/Archives/edgar/data/1306830/000095012311012862/0000950123-11-012862-index.htm", "finalLink": "https://www.sec.gov/Archives/edgar/data/1306830/000095012311012862/d77691e10vk.htm", "calculatedOtherExpenses": 104000000, "calculatedOperatingExpenses": 679000000, "calculatedNetInterest": -197000000, "calculatedOtherIncome": 232000000, "calculatedIncomeNonControlling": 49000000, "calculatedEbitda": 562000000}, {"date": "2009-12-31", "symbol": "CE", "reportedCurrency": "USD", "cik": "0001306830", "fillingDate": "2010-02-12", "acceptedDate": "2010-02-12 17:32:23", "calendarYear": "2009", "period": "FY", "revenue": 5082000000, "costOfRevenue": 4079000000, "grossProfit": 1003000000, "grossProfitRatio": 0.1973632428, "researchAndDevelopmentExpenses": 75000000, "generalAndAdministrativeExpenses": 0, "sellingAndMarketingExpenses": 0, "sellingGeneralAndAdministrativeExpenses": 469000000, "otherExpenses": 638000000, "operatingExpenses": 621000000, "costAndExpenses": 4700000000, "interestIncome": 8000000, "interestExpense": 207000000, "depreciationAndAmortization": 77000000, "ebitda": 515000000, "ebitdaratio": 0.1013380559, "operatingIncome": 290000000, "operatingIncomeRatio": 0.057064148, "totalOtherIncomeExpensesNet": 58000000, "incomeBeforeTax": 241000000, "incomeBeforeTaxRatio": 0.0474222747, "incomeTaxExpense": -243000000, "netIncome": 488000000, "netIncomeRatio": 0.0960251869, "eps": 3.33, "epsdiluted": 3.11, "weightedAverageShsOut": 143700000, "weightedAverageShsOutDil": 157100000, "link": "https://www.sec.gov/Archives/edgar/data/1306830/000095012310012453/0000950123-10-012453-index.htm", "finalLink": "https://www.sec.gov/Archives/edgar/data/1306830/000095012310012453/d70731e10vk.htm", "calculatedOtherExpenses": 169000000, "calculatedOperatingExpenses": 713000000, "calculatedNetInterest": -199000000, "calculatedOtherIncome": 150000000, "calculatedIncomeNonControlling": -4000000, "calculatedEbitda": 367000000}, {"date": "2008-12-31", "symbol": "CE", "reportedCurrency": "USD", "cik": "0001306830", "fillingDate": "2009-02-13", "acceptedDate": "2009-02-13 08:14:48", "calendarYear": "2008", "period": "FY", "revenue": 6823000000, "costOfRevenue": 5567000000, "grossProfit": 1256000000, "grossProfitRatio": 0.1840832478, "researchAndDevelopmentExpenses": 80000000, "generalAndAdministrativeExpenses": 0, "sellingAndMarketingExpenses": 0, "sellingGeneralAndAdministrativeExpenses": 540000000, "otherExpenses": 736000000, "operatingExpenses": 816000000, "costAndExpenses": 6383000000, "interestIncome": 31000000, "interestExpense": -261000000, "depreciationAndAmortization": 360000000, "ebitda": 750000000, "ebitdaratio": 0.1099223216, "operatingIncome": 440000000, "operatingIncomeRatio": 0.064487762, "totalOtherIncomeExpensesNet": 104000000, "incomeBeforeTax": 434000000, "incomeBeforeTaxRatio": 0.0636083834, "incomeTaxExpense": 63000000, "netIncome": 282000000, "netIncomeRatio": 0.0413307929, "eps": 1.83, "epsdiluted": 1.73, "weightedAverageShsOut": 148350273, "weightedAverageShsOutDil": 163471873, "link": "https://www.sec.gov/Archives/edgar/data/1306830/000095013409002731/0000950134-09-002731-index.htm", "finalLink": "https://www.sec.gov/Archives/edgar/data/1306830/000095013409002731/d66003e10vk.htm", "calculatedOtherExpenses": 196000000, "calculatedOperatingExpenses": 816000000, "calculatedNetInterest": 292000000, "calculatedOtherIncome": -298000000, "calculatedIncomeNonControlling": 89000000, "calculatedEbitda": 800000000}, {"date": "2007-12-31", "symbol": "CE", "reportedCurrency": "USD", "cik": "0001306830", "fillingDate": "2008-02-29", "acceptedDate": "2008-02-29 10:06:34", "calendarYear": "2007", "period": "FY", "revenue": 6444000000, "costOfRevenue": 4999000000, "grossProfit": 1445000000, "grossProfitRatio": 0.2242396027, "researchAndDevelopmentExpenses": 73000000, "generalAndAdministrativeExpenses": 0, "sellingAndMarketingExpenses": 0, "sellingGeneralAndAdministrativeExpenses": 516000000, "otherExpenses": 619000000, "operatingExpenses": 692000000, "costAndExpenses": 5691000000, "interestIncome": 44000000, "interestExpense": -262000000, "depreciationAndAmortization": 311000000, "ebitda": 1232000000, "ebitdaratio": 0.191185599, "operatingIncome": 748000000, "operatingIncomeRatio": 0.1160769708, "totalOtherIncomeExpensesNet": -86000000, "incomeBeforeTax": 447000000, "incomeBeforeTaxRatio": 0.0693668529, "incomeTaxExpense": 110000000, "netIncome": 426000000, "netIncomeRatio": 0.0661080074, "eps": 2.69, "epsdiluted": 2.49, "weightedAverageShsOut": 154475020, "weightedAverageShsOutDil": 171227997, "link": "https://www.sec.gov/Archives/edgar/data/1306830/000095012308002318/0000950123-08-002318-index.htm", "finalLink": "https://www.sec.gov/Archives/edgar/data/1306830/000095012308002318/y48011e10vk.htm", "calculatedOtherExpenses": 108000000, "calculatedOperatingExpenses": 697000000, "calculatedNetInterest": 306000000, "calculatedOtherIncome": -607000000, "calculatedIncomeNonControlling": -89000000, "calculatedEbitda": 1059000000}, {"date": "2006-12-31", "symbol": "CE", "reportedCurrency": "USD", "cik": "0001306830", "fillingDate": "2007-02-21", "acceptedDate": "2007-02-21 17:06:44", "calendarYear": "2006", "period": "FY", "revenue": 6656000000, "costOfRevenue": 5214000000, "grossProfit": 1442000000, "grossProfitRatio": 0.2166466346, "researchAndDevelopmentExpenses": 70000000, "generalAndAdministrativeExpenses": 0, "sellingAndMarketingExpenses": 0, "sellingGeneralAndAdministrativeExpenses": 538000000, "otherExpenses": 610000000, "operatingExpenses": 680000000, "costAndExpenses": 5894000000, "interestIncome": 37000000, "interestExpense": -294000000, "depreciationAndAmortization": 296000000, "ebitda": 991000000, "ebitdaratio": 0.1488882212, "operatingIncome": 747000000, "operatingIncomeRatio": 0.1122295673, "totalOtherIncomeExpensesNet": 153000000, "incomeBeforeTax": 664000000, "incomeBeforeTaxRatio": 0.0997596154, "incomeTaxExpense": 253000000, "netIncome": 406000000, "netIncomeRatio": 0.0609975962, "eps": 2.5, "epsdiluted": 2.36, "weightedAverageShsOut": 158597424, "weightedAverageShsOutDil": 171807599, "link": "https://www.sec.gov/Archives/edgar/data/1306830/000095012307002533/0000950123-07-002533-index.htm", "finalLink": "https://www.sec.gov/Archives/edgar/data/1306830/000095012307002533/y29676e10vk.htm", "calculatedOtherExpenses": 87000000, "calculatedOperatingExpenses": 695000000, "calculatedNetInterest": 331000000, "calculatedOtherIncome": -414000000, "calculatedIncomeNonControlling": 5000000, "calculatedEbitda": 1043000000}, {"date": "2005-12-31", "symbol": "CE", "reportedCurrency": "USD", "cik": "0001306830", "fillingDate": "2006-03-31", "acceptedDate": "2006-03-31 10:49:48", "calendarYear": "2005", "period": "FY", "revenue": 6070000000, "costOfRevenue": 4773000000, "grossProfit": 1297000000, "grossProfitRatio": 0.2136738056, "researchAndDevelopmentExpenses": 91000000, "generalAndAdministrativeExpenses": 0, "sellingAndMarketingExpenses": 0, "sellingGeneralAndAdministrativeExpenses": 562000000, "otherExpenses": 538000000, "operatingExpenses": 629000000, "costAndExpenses": 5402000000, "interestIncome": 0, "interestExpense": 0, "depreciationAndAmortization": 327000000, "ebitda": 989000000, "ebitdaratio": 0.1629324547, "operatingIncome": 561000000, "operatingIncomeRatio": 0.0924217463, "totalOtherIncomeExpensesNet": 67000000, "incomeBeforeTax": 362000000, "incomeBeforeTaxRatio": 0.0596375618, "incomeTaxExpense": 57000000, "netIncome": 277000000, "netIncomeRatio": 0.0456342669, "eps": 1.73, "epsdiluted": 1.67, "weightedAverageShsOut": 154402575, "weightedAverageShsOutDil": 166200048, "link": "https://www.sec.gov/Archives/edgar/data/1306830/000095013606002553/0000950136-06-002553-index.htm", "finalLink": "https://www.sec.gov/Archives/edgar/data/1306830/000095013606002553/file001.htm", "calculatedOtherExpenses": 83000000, "calculatedOperatingExpenses": 736000000, "calculatedNetInterest": 0, "calculatedOtherIncome": -199000000, "calculatedIncomeNonControlling": 28000000, "calculatedEbitda": 888000000}, {"date": "2004-12-31", "symbol": "CE", "reportedCurrency": "USD", "cik": "0001306830", "fillingDate": "2005-03-31", "acceptedDate": "2005-03-31 15:57:48", "calendarYear": "2004", "period": "FY", "revenue": 3826000000, "costOfRevenue": 3092000000, "grossProfit": 734000000, "grossProfitRatio": 0.1918452692, "researchAndDevelopmentExpenses": 67000000, "generalAndAdministrativeExpenses": 0, "sellingAndMarketingExpenses": 0, "sellingGeneralAndAdministrativeExpenses": 498000000, "otherExpenses": 497000000, "operatingExpenses": 564000000, "costAndExpenses": 3656000000, "interestIncome": 0, "interestExpense": 0, "depreciationAndAmortization": 282000000, "ebitda": 555000000, "ebitdaratio": 0.145060115, "operatingIncome": 78000000, "operatingIncomeRatio": 0.020386827, "totalOtherIncomeExpensesNet": -67000000, "incomeBeforeTax": -174000000, "incomeBeforeTaxRatio": -0.0454783063, "incomeTaxExpense": 70000000, "netIncome": -253000000, "netIncomeRatio": -0.0661265029, "eps": -2.91, "epsdiluted": -2.91, "weightedAverageShsOut": 86863780, "weightedAverageShsOutDil": 86961518, "link": "https://www.sec.gov/Archives/edgar/data/1306830/000095013605001793/0000950136-05-001793-index.htm", "finalLink": "https://www.sec.gov/Archives/edgar/data/1306830/000095013605001793/file001.htm", "calculatedOtherExpenses": 91000000, "calculatedOperatingExpenses": 656000000, "calculatedNetInterest": 0, "calculatedOtherIncome": -252000000, "calculatedIncomeNonControlling": 9000000, "calculatedEbitda": 360000000}, {"date": "2003-12-31", "symbol": "CE", "reportedCurrency": "USD", "cik": "0001306830", "fillingDate": "2003-12-31", "acceptedDate": "2003-12-30 19:00:00", "calendarYear": "2003", "period": "FY", "revenue": 4603000000, "costOfRevenue": 3883000000, "grossProfit": 720000000, "grossProfitRatio": 0.1564197263, "researchAndDevelopmentExpenses": 89000000, "generalAndAdministrativeExpenses": 0, "sellingAndMarketingExpenses": 0, "sellingGeneralAndAdministrativeExpenses": 510000000, "otherExpenses": 513000000, "operatingExpenses": 602000000, "costAndExpenses": 4485000000, "interestIncome": 0, "interestExpense": 0, "depreciationAndAmortization": 294000000, "ebitda": 416000000, "ebitdaratio": 0.0903758418, "operatingIncome": 118000000, "operatingIncomeRatio": 0.0256354551, "totalOtherIncomeExpensesNet": -4000000, "incomeBeforeTax": 203000000, "incomeBeforeTaxRatio": 0.0441016728, "incomeTaxExpense": 60000000, "netIncome": 148000000, "netIncomeRatio": 0.0321529437, "eps": 2.57, "epsdiluted": 2.57, "weightedAverageShsOut": 57587549, "weightedAverageShsOutDil": 57587549, "link": "", "finalLink": "", "calculatedOtherExpenses": 3000000, "calculatedOperatingExpenses": 602000000, "calculatedNetInterest": 0, "calculatedOtherIncome": 85000000, "calculatedIncomeNonControlling": -5000000, "calculatedEbitda": 412000000}, {"date": "2002-12-31", "symbol": "CE", "reportedCurrency": "USD", "cik": "0001306830", "fillingDate": "2002-12-31", "acceptedDate": "2002-12-30 19:00:00", "calendarYear": "2002", "period": "FY", "revenue": 3704000000, "costOfRevenue": 0, "grossProfit": 3704000000, "grossProfitRatio": 1, "researchAndDevelopmentExpenses": 0, "generalAndAdministrativeExpenses": 0, "sellingAndMarketingExpenses": 0, "sellingGeneralAndAdministrativeExpenses": 0, "otherExpenses": -3551000000, "operatingExpenses": -3551000000, "costAndExpenses": -3551000000, "interestIncome": 0, "interestExpense": 0, "depreciationAndAmortization": 240000000, "ebitda": 3944000000, "ebitdaratio": 1.0647948164, "operatingIncome": 153000000, "operatingIncomeRatio": 0.0413066955, "totalOtherIncomeExpensesNet": 7000000, "incomeBeforeTax": 160000000, "incomeBeforeTaxRatio": 0.0431965443, "incomeTaxExpense": 3543000000, "netIncome": 168000000, "netIncomeRatio": 0.0453563715, "eps": 2.44, "epsdiluted": 2.44, "weightedAverageShsOut": 68852459, "weightedAverageShsOutDil": 68852459, "link": "", "finalLink": "", "calculatedOtherExpenses": 3551000000, "calculatedOperatingExpenses": 3551000000, "calculatedNetInterest": 0, "calculatedOtherIncome": 7000000, "calculatedIncomeNonControlling": -3551000000, "calculatedEbitda": 393000000}, {"date": "2001-12-31", "symbol": "CE", "reportedCurrency": "USD", "cik": "0001306830", "fillingDate": "2001-12-31", "acceptedDate": "2001-12-30 19:00:00", "calendarYear": "2001", "period": "FY", "revenue": 3837000000, "costOfRevenue": 3277000000, "grossProfit": 560000000, "grossProfitRatio": 0.1459473547, "researchAndDevelopmentExpenses": 72000000, "generalAndAdministrativeExpenses": 481000000, "sellingAndMarketingExpenses": 0, "sellingGeneralAndAdministrativeExpenses": 481000000, "otherExpenses": 378000000, "operatingExpenses": 931000000, "costAndExpenses": 4208000000, "interestIncome": 0, "interestExpense": 0, "depreciationAndAmortization": 326000000, "ebitda": -57000000, "ebitdaratio": -0.0148553557, "operatingIncome": -371000000, "operatingIncomeRatio": -0.0966901225, "totalOtherIncomeExpensesNet": 12000000, "incomeBeforeTax": -378000000, "incomeBeforeTaxRatio": -0.0985144644, "incomeTaxExpense": -97000000, "netIncome": -365000000, "netIncomeRatio": -0.0951264008, "eps": -7.25, "epsdiluted": -7.25, "weightedAverageShsOut": 50331847, "weightedAverageShsOutDil": 50331847, "link": "", "finalLink": "", "calculatedOtherExpenses": 378000000, "calculatedOperatingExpenses": 931000000, "calculatedNetInterest": 0, "calculatedOtherIncome": -7000000, "calculatedIncomeNonControlling": 84000000, "calculatedEbitda": -45000000}]}