{"originalCurrency": "USD", "convertedCurrency": "USD", "report": [{"date": "2023-12-31", "symbol": "CEG", "reportedCurrency": "USD", "cik": "0001868275", "fillingDate": "2024-02-27", "acceptedDate": "2024-02-27 11:57:04", "calendarYear": "2023", "period": "FY", "revenue": 21137000000, "costOfRevenue": 19432000000, "grossProfit": 1705000000, "grossProfitRatio": 0.0806642381, "researchAndDevelopmentExpenses": 0, "generalAndAdministrativeExpenses": -54000000, "sellingAndMarketingExpenses": 108000000, "sellingGeneralAndAdministrativeExpenses": 54000000, "otherExpenses": -553000000, "operatingExpenses": 553000000, "costAndExpenses": 19985000000, "interestIncome": 0, "interestExpense": 431000000, "depreciationAndAmortization": 2514000000, "ebitda": 3666000000, "ebitdaratio": 0.1734399394, "operatingIncome": 1152000000, "operatingIncomeRatio": 0.0545015849, "totalOtherIncomeExpensesNet": 1295000000, "incomeBeforeTax": 2447000000, "incomeBeforeTaxRatio": 0.1157685575, "incomeTaxExpense": 859000000, "netIncome": 1623000000, "netIncomeRatio": 0.076784785, "eps": 5.02, "epsdiluted": 5.01, "weightedAverageShsOut": 323000000, "weightedAverageShsOutDil": 324000000, "link": "https://www.sec.gov/Archives/edgar/data/1868275/000186827524000014/0001868275-24-000014-index.htm", "finalLink": "https://www.sec.gov/Archives/edgar/data/1168165/000186827524000014/ceg-20231231.htm", "calculatedOtherExpenses": 499000000, "calculatedOperatingExpenses": 553000000, "calculatedNetInterest": -431000000, "calculatedOtherIncome": 1726000000, "calculatedIncomeNonControlling": -35000000, "calculatedEbitda": 3666000000}, {"date": "2022-12-31", "symbol": "CEG", "reportedCurrency": "USD", "cik": "0001868275", "fillingDate": "2023-02-16", "acceptedDate": "2023-02-16 11:04:17", "calendarYear": "2022", "period": "FY", "revenue": 24440000000, "costOfRevenue": 22303000000, "grossProfit": 2137000000, "grossProfitRatio": 0.0874386252, "researchAndDevelopmentExpenses": 0, "generalAndAdministrativeExpenses": -110000000, "sellingAndMarketingExpenses": 220000000, "sellingGeneralAndAdministrativeExpenses": 110000000, "otherExpenses": 1643000000, "operatingExpenses": 1643000000, "costAndExpenses": 23946000000, "interestIncome": 93000000, "interestExpense": 251000000, "depreciationAndAmortization": 2427000000, "ebitda": 2135000000, "ebitdaratio": 0.0873567921, "operatingIncome": -292000000, "operatingIncomeRatio": -0.0119476268, "totalOtherIncomeExpensesNet": -250000000, "incomeBeforeTax": -542000000, "incomeBeforeTaxRatio": -0.0221767594, "incomeTaxExpense": -388000000, "netIncome": -154000000, "netIncomeRatio": -0.0063011457, "eps": -0.47, "epsdiluted": -0.47, "weightedAverageShsOut": 328000000, "weightedAverageShsOutDil": 328000000, "link": "https://www.sec.gov/Archives/edgar/data/1868275/000186827523000014/0001868275-23-000014-index.htm", "finalLink": "https://www.sec.gov/Archives/edgar/data/1168165/000186827523000014/ceg-20221231.htm", "calculatedOtherExpenses": 2319000000, "calculatedOperatingExpenses": 2429000000, "calculatedNetInterest": -158000000, "calculatedOtherIncome": -92000000, "calculatedIncomeNonControlling": 0, "calculatedEbitda": 2135000000}, {"date": "2021-12-31", "symbol": "CEG", "reportedCurrency": "USD", "cik": "0001868275", "fillingDate": "2022-02-25", "acceptedDate": "2022-02-25 14:23:03", "calendarYear": "2021", "period": "FY", "revenue": 19649000000, "costOfRevenue": 16718000000, "grossProfit": 2931000000, "grossProfitRatio": 0.1491678966, "researchAndDevelopmentExpenses": 0, "generalAndAdministrativeExpenses": 0, "sellingAndMarketingExpenses": 0, "sellingGeneralAndAdministrativeExpenses": 0, "otherExpenses": 3252000000, "operatingExpenses": 3252000000, "costAndExpenses": 19970000000, "interestIncome": 98000000, "interestExpense": 297000000, "depreciationAndAmortization": 4540000000, "ebitda": 4363000000, "ebitdaratio": 0.2220469235, "operatingIncome": -177000000, "operatingIncomeRatio": -0.009008092, "totalOtherIncomeExpensesNet": 329000000, "incomeBeforeTax": 152000000, "incomeBeforeTaxRatio": 0.0077357626, "incomeTaxExpense": 225000000, "netIncome": -73000000, "netIncomeRatio": -0.0037152018, "eps": -0.22, "epsdiluted": -0.22, "weightedAverageShsOut": 326663937, "weightedAverageShsOutDil": 326663937, "link": "https://www.sec.gov/Archives/edgar/data/1868275/000186827522000020/0001868275-22-000020-index.htm", "finalLink": "https://www.sec.gov/Archives/edgar/data/1168165/000186827522000020/ceg-20211231.htm", "calculatedOtherExpenses": 3108000000, "calculatedOperatingExpenses": 3108000000, "calculatedNetInterest": -199000000, "calculatedOtherIncome": 528000000, "calculatedIncomeNonControlling": 0, "calculatedEbitda": 4363000000}, {"date": "2020-12-31", "symbol": "CEG", "reportedCurrency": "USD", "cik": "0001868275", "fillingDate": "2020-12-31", "acceptedDate": "2020-12-31 00:00:00", "calendarYear": "2020", "period": "FY", "revenue": 17603000000, "costOfRevenue": 14753000000, "grossProfit": 2850000000, "grossProfitRatio": 0.1619042209, "researchAndDevelopmentExpenses": 0, "generalAndAdministrativeExpenses": 0, "sellingAndMarketingExpenses": 0, "sellingGeneralAndAdministrativeExpenses": 0, "otherExpenses": 2605000000, "operatingExpenses": 2605000000, "costAndExpenses": 17358000000, "interestIncome": 90000000, "interestExpense": 357000000, "depreciationAndAmortization": 3636000000, "ebitda": 4818000000, "ebitdaratio": 0.273703346, "operatingIncome": 1182000000, "operatingIncomeRatio": 0.0671476453, "totalOtherIncomeExpensesNet": -346000000, "incomeBeforeTax": 836000000, "incomeBeforeTaxRatio": 0.0474919048, "incomeTaxExpense": 249000000, "netIncome": 589000000, "netIncomeRatio": 0.0334602056, "eps": 1.8, "epsdiluted": 1.8, "weightedAverageShsOut": 326663937, "weightedAverageShsOutDil": 326663937, "link": null, "finalLink": null, "calculatedOtherExpenses": 1668000000, "calculatedOperatingExpenses": 1668000000, "calculatedNetInterest": -267000000, "calculatedOtherIncome": -79000000, "calculatedIncomeNonControlling": -2000000, "calculatedEbitda": 4818000000}, {"date": "2019-12-31", "symbol": "CEG", "reportedCurrency": "USD", "cik": "0001868275", "fillingDate": "2019-12-31", "acceptedDate": "2019-12-31 00:00:00", "calendarYear": "2019", "period": "FY", "revenue": 18924000000, "costOfRevenue": 15574000000, "grossProfit": 3350000000, "grossProfitRatio": 0.177023885, "researchAndDevelopmentExpenses": 0, "generalAndAdministrativeExpenses": 0, "sellingAndMarketingExpenses": 0, "sellingGeneralAndAdministrativeExpenses": 0, "otherExpenses": 2054000000, "operatingExpenses": 2054000000, "costAndExpenses": 17628000000, "interestIncome": 110000000, "interestExpense": 429000000, "depreciationAndAmortization": 3063000000, "ebitda": 5382000000, "ebitdaratio": 0.2844007609, "operatingIncome": 2319000000, "operatingIncomeRatio": 0.1225428028, "totalOtherIncomeExpensesNet": -402000000, "incomeBeforeTax": 1917000000, "incomeBeforeTaxRatio": 0.1012999366, "incomeTaxExpense": 516000000, "netIncome": 1125000000, "netIncomeRatio": 0.0594483196, "eps": 3.44, "epsdiluted": 3.44, "weightedAverageShsOut": 326663937, "weightedAverageShsOutDil": 326663937, "link": null, "finalLink": null, "calculatedOtherExpenses": 1031000000, "calculatedOperatingExpenses": 1031000000, "calculatedNetInterest": -319000000, "calculatedOtherIncome": -83000000, "calculatedIncomeNonControlling": 276000000, "calculatedEbitda": 5382000000}, {"date": "2018-12-31", "symbol": "CEG", "reportedCurrency": "USD", "cik": "0001868275", "fillingDate": "2018-12-31", "acceptedDate": "2018-12-30 19:00:00", "calendarYear": "2018", "period": "FY", "revenue": 20437000000, "costOfRevenue": 17157000000, "grossProfit": 3280000000, "grossProfitRatio": 0.1604932231, "researchAndDevelopmentExpenses": 0, "generalAndAdministrativeExpenses": 0, "sellingAndMarketingExpenses": 0, "sellingGeneralAndAdministrativeExpenses": 0, "otherExpenses": -178000000, "operatingExpenses": 2353000000, "costAndExpenses": 19510000000, "interestIncome": 0, "interestExpense": 432000000, "depreciationAndAmortization": 3415000000, "ebitda": 4164000000, "ebitdaratio": 0.2037481039, "operatingIncome": 975000000, "operatingIncomeRatio": 0.0477075892, "totalOtherIncomeExpensesNet": -130000000, "incomeBeforeTax": 365000000, "incomeBeforeTaxRatio": 0.0178597642, "incomeTaxExpense": -108000000, "netIncome": 370000000, "netIncomeRatio": 0.0181044185, "eps": 1.13, "epsdiluted": 1.13, "weightedAverageShsOut": 326300000, "weightedAverageShsOutDil": 326300000, "link": "", "finalLink": "", "calculatedOtherExpenses": 2305000000, "calculatedOperatingExpenses": 2305000000, "calculatedNetInterest": -432000000, "calculatedOtherIncome": -178000000, "calculatedIncomeNonControlling": 103000000, "calculatedEbitda": 4390000000}, {"date": "2017-12-31", "symbol": "CEG", "reportedCurrency": "USD", "cik": "0001868275", "fillingDate": "2017-12-31", "acceptedDate": "2017-12-30 19:00:00", "calendarYear": "2017", "period": "FY", "revenue": 18500000000, "costOfRevenue": 15395000000, "grossProfit": 3105000000, "grossProfitRatio": 0.1678378378, "researchAndDevelopmentExpenses": 0, "generalAndAdministrativeExpenses": 0, "sellingAndMarketingExpenses": 0, "sellingGeneralAndAdministrativeExpenses": 0, "otherExpenses": 0, "operatingExpenses": 1243000000, "costAndExpenses": 16638000000, "interestIncome": 440000000, "interestExpense": 0, "depreciationAndAmortization": 2794000000, "ebitda": 4149000000, "ebitdaratio": 0.2242702703, "operatingIncome": 1355000000, "operatingIncomeRatio": 0.0732432432, "totalOtherIncomeExpensesNet": 67000000, "incomeBeforeTax": 1422000000, "incomeBeforeTaxRatio": 0.0768648649, "incomeTaxExpense": 1376000000, "netIncome": 2710000000, "netIncomeRatio": 0.1464864865, "eps": 0, "epsdiluted": 0, "weightedAverageShsOut": 0, "weightedAverageShsOutDil": 0, "link": null, "finalLink": null, "calculatedOtherExpenses": 1750000000, "calculatedOperatingExpenses": 1750000000, "calculatedNetInterest": 440000000, "calculatedOtherIncome": -373000000, "calculatedIncomeNonControlling": -2664000000, "calculatedEbitda": 4149000000}, {"date": "2016-12-31", "symbol": "CEG", "reportedCurrency": "USD", "cik": "0001868275", "fillingDate": "2016-12-31", "acceptedDate": "2016-12-30 19:00:00", "calendarYear": "2016", "period": "FY", "revenue": 17757000000, "costOfRevenue": 14372000000, "grossProfit": 3385000000, "grossProfitRatio": 0.1906290477, "researchAndDevelopmentExpenses": 0, "generalAndAdministrativeExpenses": 0, "sellingAndMarketingExpenses": 0, "sellingGeneralAndAdministrativeExpenses": 0, "otherExpenses": 0, "operatingExpenses": 2109000000, "costAndExpenses": 16481000000, "interestIncome": 364000000, "interestExpense": 0, "depreciationAndAmortization": 2747000000, "ebitda": 4519000000, "ebitdaratio": 0.2544911866, "operatingIncome": 1772000000, "operatingIncomeRatio": 0.0997916315, "totalOtherIncomeExpensesNet": -860000000, "incomeBeforeTax": 912000000, "incomeBeforeTaxRatio": 0.051360027, "incomeTaxExpense": 362000000, "netIncome": 483000000, "netIncomeRatio": 0.0272005406, "eps": 0, "epsdiluted": 0, "weightedAverageShsOut": 0, "weightedAverageShsOutDil": 0, "link": null, "finalLink": null, "calculatedOtherExpenses": 1613000000, "calculatedOperatingExpenses": 1613000000, "calculatedNetInterest": 364000000, "calculatedOtherIncome": -1224000000, "calculatedIncomeNonControlling": 67000000, "calculatedEbitda": 4519000000}, {"date": "2015-12-31", "symbol": "CEG", "reportedCurrency": "USD", "cik": "0001868275", "fillingDate": "2015-12-31", "acceptedDate": "2015-12-30 19:00:00", "calendarYear": "2015", "period": "FY", "revenue": 19135000000, "costOfRevenue": 15317000000, "grossProfit": 3818000000, "grossProfitRatio": 0.1995296577, "researchAndDevelopmentExpenses": 0, "generalAndAdministrativeExpenses": 0, "sellingAndMarketingExpenses": 0, "sellingGeneralAndAdministrativeExpenses": 0, "otherExpenses": 0, "operatingExpenses": 1634000000, "costAndExpenses": 16951000000, "interestIncome": 364000000, "interestExpense": 0, "depreciationAndAmortization": 2589000000, "ebitda": 4864000000, "ebitdaratio": 0.2541938856, "operatingIncome": 2275000000, "operatingIncomeRatio": 0.1188920826, "totalOtherIncomeExpensesNet": -455000000, "incomeBeforeTax": 1820000000, "incomeBeforeTaxRatio": 0.0951136661, "incomeTaxExpense": 480000000, "netIncome": 1372000000, "netIncomeRatio": 0.0717010713, "eps": 0, "epsdiluted": 0, "weightedAverageShsOut": 0, "weightedAverageShsOutDil": 0, "link": null, "finalLink": null, "calculatedOtherExpenses": 1543000000, "calculatedOperatingExpenses": 1543000000, "calculatedNetInterest": 364000000, "calculatedOtherIncome": -819000000, "calculatedIncomeNonControlling": -32000000, "calculatedEbitda": 4864000000}, {"date": "2014-12-31", "symbol": "CEG", "reportedCurrency": "USD", "cik": "0001868275", "fillingDate": "2014-12-31", "acceptedDate": "2014-12-30 19:00:00", "calendarYear": "2014", "period": "FY", "revenue": 17393000000, "costOfRevenue": 14828000000, "grossProfit": 2565000000, "grossProfitRatio": 0.1474731214, "researchAndDevelopmentExpenses": 0, "generalAndAdministrativeExpenses": 0, "sellingAndMarketingExpenses": 0, "sellingGeneralAndAdministrativeExpenses": 0, "otherExpenses": 0, "operatingExpenses": 970000000, "costAndExpenses": 15798000000, "interestIncome": 302000000, "interestExpense": 0, "depreciationAndAmortization": 2519000000, "ebitda": 3652000000, "ebitdaratio": 0.209969528, "operatingIncome": 1133000000, "operatingIncomeRatio": 0.0651411487, "totalOtherIncomeExpensesNet": 160000000, "incomeBeforeTax": 1293000000, "incomeBeforeTaxRatio": 0.0743402518, "incomeTaxExpense": 274000000, "netIncome": 835000000, "netIncomeRatio": 0.0480078192, "eps": 0, "epsdiluted": 0, "weightedAverageShsOut": 0, "weightedAverageShsOutDil": 0, "link": null, "finalLink": null, "calculatedOtherExpenses": 1432000000, "calculatedOperatingExpenses": 1432000000, "calculatedNetInterest": 302000000, "calculatedOtherIncome": -142000000, "calculatedIncomeNonControlling": 184000000, "calculatedEbitda": 3652000000}, {"date": "2013-12-31", "symbol": "CEG", "reportedCurrency": "USD", "cik": "0001868275", "fillingDate": "2013-12-31", "acceptedDate": "2013-12-30 19:00:00", "calendarYear": "2013", "period": "FY", "revenue": 15630000000, "costOfRevenue": 12731000000, "grossProfit": 2899000000, "grossProfitRatio": 0.1854766475, "researchAndDevelopmentExpenses": 0, "generalAndAdministrativeExpenses": 0, "sellingAndMarketingExpenses": 0, "sellingGeneralAndAdministrativeExpenses": 0, "otherExpenses": 0, "operatingExpenses": 749000000, "costAndExpenses": 13480000000, "interestIncome": 353000000, "interestExpense": 0, "depreciationAndAmortization": 2559000000, "ebitda": 4213000000, "ebitdaratio": 0.2695457454, "operatingIncome": 1654000000, "operatingIncomeRatio": 0.1058221369, "totalOtherIncomeExpensesNet": 143000000, "incomeBeforeTax": 1797000000, "incomeBeforeTaxRatio": 0.1149712092, "incomeTaxExpense": 737000000, "netIncome": 1070000000, "netIncomeRatio": 0.0684580934, "eps": 0, "epsdiluted": 0, "weightedAverageShsOut": 0, "weightedAverageShsOutDil": 0, "link": null, "finalLink": null, "calculatedOtherExpenses": 1245000000, "calculatedOperatingExpenses": 1245000000, "calculatedNetInterest": 353000000, "calculatedOtherIncome": -210000000, "calculatedIncomeNonControlling": -10000000, "calculatedEbitda": 4213000000}, {"date": "2012-12-31", "symbol": "CEG", "reportedCurrency": "USD", "cik": "0001868275", "fillingDate": "2012-12-31", "acceptedDate": "2012-12-30 19:00:00", "calendarYear": "2012", "period": "FY", "revenue": 14437000000, "costOfRevenue": 11703000000, "grossProfit": 2734000000, "grossProfitRatio": 0.1893745238, "researchAndDevelopmentExpenses": 0, "generalAndAdministrativeExpenses": 0, "sellingAndMarketingExpenses": 0, "sellingGeneralAndAdministrativeExpenses": 0, "otherExpenses": 0, "operatingExpenses": 1260000000, "costAndExpenses": 12963000000, "interestIncome": 299000000, "interestExpense": 0, "depreciationAndAmortization": 2966000000, "ebitda": 4563000000, "ebitdaratio": 0.316062894, "operatingIncome": 1597000000, "operatingIncomeRatio": 0.1106185496, "totalOtherIncomeExpensesNet": -422000000, "incomeBeforeTax": 1175000000, "incomeBeforeTaxRatio": 0.0813881, "incomeTaxExpense": 617000000, "netIncome": 562000000, "netIncomeRatio": 0.0389277551, "eps": 0, "epsdiluted": 0, "weightedAverageShsOut": 0, "weightedAverageShsOutDil": 0, "link": null, "finalLink": null, "calculatedOtherExpenses": 1137000000, "calculatedOperatingExpenses": 1137000000, "calculatedNetInterest": 299000000, "calculatedOtherIncome": -721000000, "calculatedIncomeNonControlling": -4000000, "calculatedEbitda": 4563000000}]}