{"originalCurrency": "USD", "convertedCurrency": "USD", "report": [{"date": "2023-12-31", "symbol": "CEIX", "reportedCurrency": "USD", "cik": "0001710366", "fillingDate": "2024-02-09", "acceptedDate": "2024-02-09 16:47:56", "calendarYear": "2023", "period": "FY", "revenue": 2506635000, "costOfRevenue": 535420000, "grossProfit": 1971215000, "grossProfitRatio": 0.7863988973, "researchAndDevelopmentExpenses": 0, "generalAndAdministrativeExpenses": 103470000, "sellingAndMarketingExpenses": 0, "sellingGeneralAndAdministrativeExpenses": 103470000, "otherExpenses": 23314000, "operatingExpenses": 1207185000, "costAndExpenses": 1742605000, "interestIncome": 13597000, "interestExpense": 29325000, "depreciationAndAmortization": 241317000, "ebitda": 1042258000, "ebitdaratio": 0.4157996677, "operatingIncome": 777872000, "operatingIncomeRatio": 0.3103251969, "totalOtherIncomeExpensesNet": 29570000, "incomeBeforeTax": 777872000, "incomeBeforeTaxRatio": 0.3103251969, "incomeTaxExpense": 121980000, "netIncome": 655892000, "netIncomeRatio": 0.2616623481, "eps": 19.91, "epsdiluted": 19.79, "weightedAverageShsOut": 32941654, "weightedAverageShsOutDil": 33142007, "link": "https://www.sec.gov/Archives/edgar/data/1710366/000171036624000006/0001710366-24-000006-index.htm", "finalLink": "https://www.sec.gov/Archives/edgar/data/1710366/000171036624000006/ceix-20231231.htm", "calculatedOtherExpenses": 1089873000, "calculatedOperatingExpenses": 1193343000, "calculatedNetInterest": -15728000, "calculatedOtherIncome": 15728000, "calculatedIncomeNonControlling": 0, "calculatedEbitda": 1019189000}, {"date": "2022-12-31", "symbol": "CEIX", "reportedCurrency": "USD", "cik": "0001710366", "fillingDate": "2023-02-10", "acceptedDate": "2023-02-10 16:18:29", "calendarYear": "2022", "period": "FY", "revenue": 2280018000, "costOfRevenue": 409319000, "grossProfit": 1870699000, "grossProfitRatio": 0.8204755401, "researchAndDevelopmentExpenses": 0, "generalAndAdministrativeExpenses": 116696000, "sellingAndMarketingExpenses": 0, "sellingGeneralAndAdministrativeExpenses": 116696000, "otherExpenses": 949222000, "operatingExpenses": 1065918000, "costAndExpenses": 1475237000, "interestIncome": 6031000, "interestExpense": 52640000, "depreciationAndAmortization": 226878000, "ebitda": 1090602000, "ebitdaratio": 0.4783304342, "operatingIncome": 863724000, "operatingIncomeRatio": 0.3788233251, "totalOtherIncomeExpensesNet": -295287000, "incomeBeforeTax": 568437000, "incomeBeforeTaxRatio": 0.2493125054, "incomeTaxExpense": 101458000, "netIncome": 466979000, "netIncomeRatio": 0.2048137339, "eps": 13.41, "epsdiluted": 13.07, "weightedAverageShsOut": 34811906, "weightedAverageShsOutDil": 35718255, "link": "https://www.sec.gov/Archives/edgar/data/1710366/000171036623000005/0001710366-23-000005-index.htm", "finalLink": "https://www.sec.gov/Archives/edgar/data/1710366/000171036623000005/ceix-20221231.htm", "calculatedOtherExpenses": 890279000, "calculatedOperatingExpenses": 1006975000, "calculatedNetInterest": -46609000, "calculatedOtherIncome": -248678000, "calculatedIncomeNonControlling": 0, "calculatedEbitda": 1090602000}, {"date": "2021-12-31", "symbol": "CEIX", "reportedCurrency": "USD", "cik": "0001710366", "fillingDate": "2022-02-11", "acceptedDate": "2022-02-11 16:14:33", "calendarYear": "2021", "period": "FY", "revenue": 1261034000, "costOfRevenue": 328402000, "grossProfit": 932632000, "grossProfitRatio": 0.7395772041, "researchAndDevelopmentExpenses": 0, "generalAndAdministrativeExpenses": 87161000, "sellingAndMarketingExpenses": 1952000, "sellingGeneralAndAdministrativeExpenses": 89113000, "otherExpenses": 743340000, "operatingExpenses": 832453000, "costAndExpenses": 1160855000, "interestIncome": 3287000, "interestExpense": 63342000, "depreciationAndAmortization": 224583000, "ebitda": 374879000, "ebitdaratio": 0.2972790583, "operatingIncome": 150296000, "operatingIncomeRatio": 0.1191847325, "totalOtherIncomeExpensesNet": -114889000, "incomeBeforeTax": 35407000, "incomeBeforeTaxRatio": 0.0280777521, "incomeTaxExpense": 1297000, "netIncome": 34110000, "netIncomeRatio": 0.027049231, "eps": 0.99, "epsdiluted": 0.96, "weightedAverageShsOut": 34404360, "weightedAverageShsOutDil": 35388558, "link": "https://www.sec.gov/Archives/edgar/data/1710366/000143774922003140/0001437749-22-003140-index.htm", "finalLink": "https://www.sec.gov/Archives/edgar/data/1710366/000143774922003140/ceix20211231_10k.htm", "calculatedOtherExpenses": 693223000, "calculatedOperatingExpenses": 782336000, "calculatedNetInterest": -60055000, "calculatedOtherIncome": -54834000, "calculatedIncomeNonControlling": 0, "calculatedEbitda": 374879000}, {"date": "2020-12-31", "symbol": "CEIX", "reportedCurrency": "USD", "cik": "0001710366", "fillingDate": "2021-02-12", "acceptedDate": "2021-02-12 16:16:29", "calendarYear": "2020", "period": "FY", "revenue": 879462000, "costOfRevenue": 250750000, "grossProfit": 628712000, "grossProfitRatio": 0.7148825077, "researchAndDevelopmentExpenses": 0, "generalAndAdministrativeExpenses": 62280000, "sellingAndMarketingExpenses": 10426000, "sellingGeneralAndAdministrativeExpenses": 72706000, "otherExpenses": 667595000, "operatingExpenses": 740301000, "costAndExpenses": 991051000, "interestIncome": 1230000, "interestExpense": 61186000, "depreciationAndAmortization": 210760000, "ebitda": 241352000, "ebitdaratio": 0.2744314138, "operatingIncome": 30592000, "operatingIncomeRatio": 0.0347849026, "totalOtherIncomeExpensesNet": -39834000, "incomeBeforeTax": -9242000, "incomeBeforeTaxRatio": -0.0105086974, "incomeTaxExpense": 3972000, "netIncome": -13214000, "netIncomeRatio": -0.0150250949, "eps": -0.51, "epsdiluted": -0.51, "weightedAverageShsOut": 26066971, "weightedAverageShsOutDil": 26066971, "link": "https://www.sec.gov/Archives/edgar/data/1710366/000143774921002802/0001437749-21-002802-index.htm", "finalLink": "https://www.sec.gov/Archives/edgar/data/1710366/000143774921002802/ceix20201223b_10k.htm", "calculatedOtherExpenses": 525414000, "calculatedOperatingExpenses": 598120000, "calculatedNetInterest": -59956000, "calculatedOtherIncome": 20122000, "calculatedIncomeNonControlling": 0, "calculatedEbitda": 241352000}, {"date": "2019-12-31", "symbol": "CEIX", "reportedCurrency": "USD", "cik": "0001710366", "fillingDate": "2020-02-14", "acceptedDate": "2020-02-14 13:44:42", "calendarYear": "2019", "period": "FY", "revenue": 1392244000, "costOfRevenue": 19667000, "grossProfit": 1372577000, "grossProfitRatio": 0.9858738842, "researchAndDevelopmentExpenses": 0, "generalAndAdministrativeExpenses": 0, "sellingAndMarketingExpenses": 0, "sellingGeneralAndAdministrativeExpenses": 67111000, "otherExpenses": 1146058000, "operatingExpenses": 1213169000, "costAndExpenses": 1232836000, "interestIncome": 2937000, "interestExpense": 66464000, "depreciationAndAmortization": 207097000, "ebitda": 394127000, "ebitdaratio": 0.283087591, "operatingIncome": 187030000, "operatingIncomeRatio": 0.1343370846, "totalOtherIncomeExpensesNet": -88933000, "incomeBeforeTax": 98097000, "incomeBeforeTaxRatio": 0.0704596321, "incomeTaxExpense": 4539000, "netIncome": 76001000, "netIncomeRatio": 0.0545888508, "eps": 2.82, "epsdiluted": 2.81, "weightedAverageShsOut": 26938339, "weightedAverageShsOutDil": 27071108, "link": "https://www.sec.gov/Archives/edgar/data/1710366/000171036620000006/0001710366-20-000006-index.htm", "finalLink": "https://www.sec.gov/Archives/edgar/data/1710366/000171036620000006/ceix-12312019form10xk.htm", "calculatedOtherExpenses": 1118436000, "calculatedOperatingExpenses": 1185547000, "calculatedNetInterest": -63527000, "calculatedOtherIncome": -25406000, "calculatedIncomeNonControlling": 17557000, "calculatedEbitda": 394127000}, {"date": "2018-12-31", "symbol": "CEIX", "reportedCurrency": "USD", "cik": "0001710366", "fillingDate": "2019-02-08", "acceptedDate": "2019-02-08 07:48:12", "calendarYear": "2018", "period": "FY", "revenue": 1472790000, "costOfRevenue": 244836000, "grossProfit": 1227954000, "grossProfitRatio": 0.8337604139, "researchAndDevelopmentExpenses": 0, "generalAndAdministrativeExpenses": 65346000, "sellingAndMarketingExpenses": 0, "sellingGeneralAndAdministrativeExpenses": 65346000, "otherExpenses": 56164000, "operatingExpenses": 1011446000, "costAndExpenses": 1256282000, "interestIncome": 2146000, "interestExpense": 83848000, "depreciationAndAmortization": 201264000, "ebitda": 476082000, "ebitdaratio": 0.3232517874, "operatingIncome": 216508000, "operatingIncomeRatio": 0.1470053436, "totalOtherIncomeExpensesNet": 52807000, "incomeBeforeTax": 187613000, "incomeBeforeTaxRatio": 0.1273861175, "incomeTaxExpense": 8828000, "netIncome": 152976000, "netIncomeRatio": 0.1038681686, "eps": 5.48, "epsdiluted": 5.38, "weightedAverageShsOut": 27928245, "weightedAverageShsOutDil": 28419762, "link": "https://www.sec.gov/Archives/edgar/data/1710366/000171036619000005/0001710366-19-000005-index.htm", "finalLink": "https://www.sec.gov/Archives/edgar/data/1710366/000171036619000005/ceix-12312018form10xk.htm", "calculatedOtherExpenses": 946100000, "calculatedOperatingExpenses": 1011446000, "calculatedNetInterest": -81702000, "calculatedOtherIncome": 52807000, "calculatedIncomeNonControlling": 25809000, "calculatedEbitda": 417772000}, {"date": "2017-12-31", "symbol": "CEIX", "reportedCurrency": "USD", "cik": "0001710366", "fillingDate": "2018-02-16", "acceptedDate": "2018-02-16 16:09:17", "calendarYear": "2017", "period": "FY", "revenue": 1321412000, "costOfRevenue": 245694000, "grossProfit": 1075718000, "grossProfitRatio": 0.8140670737, "researchAndDevelopmentExpenses": 0, "generalAndAdministrativeExpenses": 83605000, "sellingAndMarketingExpenses": 0, "sellingGeneralAndAdministrativeExpenses": 83605000, "otherExpenses": 73279000, "operatingExpenses": 970314000, "costAndExpenses": 1216008000, "interestIncome": 2619000, "interestExpense": 26098000, "depreciationAndAmortization": 172002000, "ebitda": 178683000, "ebitdaratio": 0.1352212633, "operatingIncome": 115316000, "operatingIncomeRatio": 0.0872672565, "totalOtherIncomeExpensesNet": 90491000, "incomeBeforeTax": 169797000, "incomeBeforeTaxRatio": 0.1284966384, "incomeTaxExpense": 87228000, "netIncome": 67629000, "netIncomeRatio": 0.0511793445, "eps": 2.42, "epsdiluted": 2.4, "weightedAverageShsOut": 27968188, "weightedAverageShsOutDil": 28174234, "link": "https://www.sec.gov/Archives/edgar/data/1710366/000171036618000006/0001710366-18-000006-index.htm", "finalLink": "https://www.sec.gov/Archives/edgar/data/1710366/000171036618000006/ceix-123117x10k.htm", "calculatedOtherExpenses": 876797000, "calculatedOperatingExpenses": 960402000, "calculatedNetInterest": -23479000, "calculatedOtherIncome": 77960000, "calculatedIncomeNonControlling": 14940000, "calculatedEbitda": 287318000}, {"date": "2016-12-31", "symbol": "CEIX", "reportedCurrency": "USD", "cik": "0001710366", "fillingDate": "2016-12-31", "acceptedDate": "2016-12-30 19:00:00", "calendarYear": "2016", "period": "FY", "revenue": 1143514000, "costOfRevenue": 224590000, "grossProfit": 918924000, "grossProfitRatio": 0.8035966328, "researchAndDevelopmentExpenses": 0, "generalAndAdministrativeExpenses": 50027000, "sellingAndMarketingExpenses": 0, "sellingGeneralAndAdministrativeExpenses": 50027000, "otherExpenses": 74666000, "operatingExpenses": 920916000, "costAndExpenses": 1145506000, "interestIncome": 1166000, "interestExpense": 14053000, "depreciationAndAmortization": 178122000, "ebitda": 251962000, "ebitdaratio": 0.2203401095, "operatingIncome": -1992000, "operatingIncomeRatio": -0.0017419988, "totalOtherIncomeExpensesNet": 79894000, "incomeBeforeTax": 65015000, "incomeBeforeTaxRatio": 0.0568554473, "incomeTaxExpense": 14565000, "netIncome": 41496000, "netIncomeRatio": 0.0362881434, "eps": 1.48, "epsdiluted": 1.48, "weightedAverageShsOut": 27967509, "weightedAverageShsOutDil": 28046220, "link": "", "finalLink": "", "calculatedOtherExpenses": 870889000, "calculatedOperatingExpenses": 920916000, "calculatedNetInterest": -12887000, "calculatedOtherIncome": 79894000, "calculatedIncomeNonControlling": 8954000, "calculatedEbitda": 176130000}, {"date": "2015-12-31", "symbol": "CEIX", "reportedCurrency": "USD", "cik": "0001710366", "fillingDate": "2015-12-31", "acceptedDate": "2015-12-30 19:00:00", "calendarYear": "2015", "period": "FY", "revenue": 1340502000, "costOfRevenue": 215836000, "grossProfit": 1124666000, "grossProfitRatio": 0.8389886774, "researchAndDevelopmentExpenses": 0, "generalAndAdministrativeExpenses": 55720000, "sellingAndMarketingExpenses": 0, "sellingGeneralAndAdministrativeExpenses": 55720000, "otherExpenses": 67783000, "operatingExpenses": 755314000, "costAndExpenses": 971150000, "interestIncome": 410000, "interestExpense": 7544000, "depreciationAndAmortization": 195337000, "ebitda": 632882000, "ebitdaratio": 0.47212313, "operatingIncome": 369352000, "operatingIncomeRatio": 0.275532599, "totalOtherIncomeExpensesNet": 80808000, "incomeBeforeTax": 443026000, "incomeBeforeTaxRatio": 0.3304926065, "incomeTaxExpense": 125605000, "netIncome": 307011000, "netIncomeRatio": 0.2290268869, "eps": 10.95, "epsdiluted": 10.95, "weightedAverageShsOut": 27967509, "weightedAverageShsOutDil": 28046220, "link": "", "finalLink": "", "calculatedOtherExpenses": 699594000, "calculatedOperatingExpenses": 755314000, "calculatedNetInterest": -7134000, "calculatedOtherIncome": 80808000, "calculatedIncomeNonControlling": 10410000, "calculatedEbitda": 564689000}, {"date": "2014-12-31", "symbol": "CEIX", "reportedCurrency": "USD", "cik": "0001710366", "fillingDate": "2014-12-31", "acceptedDate": "2014-12-30 19:00:00", "calendarYear": "2014", "period": "FY", "revenue": 1681262000, "costOfRevenue": 229817000, "grossProfit": 1451445000, "grossProfitRatio": 0.8633068493, "researchAndDevelopmentExpenses": 0, "generalAndAdministrativeExpenses": 78724000, "sellingAndMarketingExpenses": 0, "sellingGeneralAndAdministrativeExpenses": 78724000, "otherExpenses": 93469000, "operatingExpenses": 1159056000, "costAndExpenses": 1388873000, "interestIncome": 135000, "interestExpense": 0, "depreciationAndAmortization": 206684000, "ebitda": 592677000, "ebitdaratio": 0.3525191196, "operatingIncome": 292389000, "operatingIncomeRatio": 0.1739104316, "totalOtherIncomeExpensesNet": 119781000, "incomeBeforeTax": 412305000, "incomeBeforeTaxRatio": 0.2452354243, "incomeTaxExpense": 121353000, "netIncome": 290952000, "netIncomeRatio": 0.1730557165, "eps": 10.37, "epsdiluted": 10.37, "weightedAverageShsOut": 28046220, "weightedAverageShsOutDil": 28046220, "link": "", "finalLink": "", "calculatedOtherExpenses": 1080332000, "calculatedOperatingExpenses": 1159056000, "calculatedNetInterest": 135000, "calculatedOtherIncome": 119781000, "calculatedIncomeNonControlling": 0, "calculatedEbitda": 499073000}]}