{"originalCurrency": "USD", "convertedCurrency": "USD", "report": [{"date": "2023-12-31", "symbol": "CELH", "reportedCurrency": "USD", "cik": "0001341766", "fillingDate": "2024-02-29", "acceptedDate": "2024-02-28 20:59:46", "calendarYear": "2023", "period": "FY", "revenue": 1318014000, "costOfRevenue": 688299000, "grossProfit": 629715000, "grossProfitRatio": 0.4777756534, "researchAndDevelopmentExpenses": 1700000, "generalAndAdministrativeExpenses": 201649000, "sellingAndMarketingExpenses": 160000000, "sellingGeneralAndAdministrativeExpenses": 361649000, "otherExpenses": 0, "operatingExpenses": 363349000, "costAndExpenses": 1051647999, "interestIncome": 26629000, "interestExpense": 26501000, "depreciationAndAmortization": 3424000, "ebitda": 269790000, "ebitdaratio": 0.2046943356, "operatingIncome": 266366000, "operatingIncomeRatio": 0.2020964876, "totalOtherIncomeExpensesNet": 25383000, "incomeBeforeTax": 291749000, "incomeBeforeTaxRatio": 0.2213550084, "incomeTaxExpense": 64947999, "netIncome": 226801000, "netIncomeRatio": 0.1720778383, "eps": 0.79, "epsdiluted": 0.77, "weightedAverageShsOut": 230784000, "weightedAverageShsOutDil": 236964000, "link": "https://www.sec.gov/Archives/edgar/data/1341766/000134176624000015/0001341766-24-000015-index.htm", "finalLink": "https://www.sec.gov/Archives/edgar/data/1341766/000134176624000015/celh-20231231.htm", "calculatedOtherExpenses": 0, "calculatedOperatingExpenses": 363349000, "calculatedNetInterest": 128000, "calculatedOtherIncome": 25255000, "calculatedIncomeNonControlling": 1, "calculatedEbitda": 269790000}, {"date": "2022-12-31", "symbol": "CELH", "reportedCurrency": "USD", "cik": "0001341766", "fillingDate": "2023-03-01", "acceptedDate": "2023-03-01 17:16:32", "calendarYear": "2022", "period": "FY", "revenue": 653604000, "costOfRevenue": 382735000, "grossProfit": 270869000, "grossProfitRatio": 0.4144237183, "researchAndDevelopmentExpenses": 400000, "generalAndAdministrativeExpenses": 75903000, "sellingAndMarketingExpenses": 352767000, "sellingGeneralAndAdministrativeExpenses": 428670000, "otherExpenses": 0, "operatingExpenses": 428670000, "costAndExpenses": 811405000, "interestIncome": 5529000, "interestExpense": 5292000, "depreciationAndAmortization": 7446000, "ebitda": -150355000, "ebitdaratio": -0.2300399018, "operatingIncome": -157801000, "operatingIncomeRatio": -0.241432121, "totalOtherIncomeExpensesNet": 5137000, "incomeBeforeTax": -152664000, "incomeBeforeTaxRatio": -0.233572622, "incomeTaxExpense": 34618000, "netIncome": -187282000, "netIncomeRatio": -0.2865374141, "eps": -0.83, "epsdiluted": -0.83, "weightedAverageShsOut": 226946995, "weightedAverageShsOutDil": 226946995, "link": "https://www.sec.gov/Archives/edgar/data/1341766/000095017023005612/0000950170-23-005612-index.htm", "finalLink": "https://www.sec.gov/Archives/edgar/data/1341766/000095017023005612/celh-20221231.htm", "calculatedOtherExpenses": -400000, "calculatedOperatingExpenses": 428670000, "calculatedNetInterest": 237000, "calculatedOtherIncome": 4900000, "calculatedIncomeNonControlling": 0, "calculatedEbitda": -150355000}, {"date": "2021-12-31", "symbol": "CELH", "reportedCurrency": "USD", "cik": "0001341766", "fillingDate": "2022-03-16", "acceptedDate": "2022-03-16 17:16:56", "calendarYear": "2021", "period": "FY", "revenue": 314271559, "costOfRevenue": 186103035, "grossProfit": 128168524, "grossProfitRatio": 0.4078273084, "researchAndDevelopmentExpenses": 1000000, "generalAndAdministrativeExpenses": 57519745, "sellingAndMarketingExpenses": 74738295, "sellingGeneralAndAdministrativeExpenses": 132258040, "otherExpenses": 0, "operatingExpenses": 132258040, "costAndExpenses": 318361075, "interestIncome": 314833, "interestExpense": 7505, "depreciationAndAmortization": 1578054, "ebitda": -2511462, "ebitdaratio": -0.0079913754, "operatingIncome": -4089516, "operatingIncomeRatio": -0.0130126824, "totalOtherIncomeExpensesNet": 31069, "incomeBeforeTax": -4058447, "incomeBeforeTaxRatio": -0.0129138221, "incomeTaxExpense": -7995720, "netIncome": 3937000, "netIncomeRatio": 0.0125273824, "eps": 0.0178, "epsdiluted": 0.0169, "weightedAverageShsOut": 221343385, "weightedAverageShsOutDil": 233065498, "link": "https://www.sec.gov/Archives/edgar/data/1341766/000095017022003965/0000950170-22-003965-index.htm", "finalLink": "https://www.sec.gov/Archives/edgar/data/1341766/000095017022003965/celh-20211231.htm", "calculatedOtherExpenses": -1000000, "calculatedOperatingExpenses": 132258040, "calculatedNetInterest": 307328, "calculatedOtherIncome": -276259, "calculatedIncomeNonControlling": 273, "calculatedEbitda": -2511462}, {"date": "2020-12-31", "symbol": "CELH", "reportedCurrency": "USD", "cik": "0001341766", "fillingDate": "2021-03-11", "acceptedDate": "2021-03-11 08:40:05", "calendarYear": "2020", "period": "FY", "revenue": 130725777, "costOfRevenue": 69752032, "grossProfit": 60973745, "grossProfitRatio": 0.4664248047, "researchAndDevelopmentExpenses": 508000, "generalAndAdministrativeExpenses": 18187406, "sellingAndMarketingExpenses": 34875339, "sellingGeneralAndAdministrativeExpenses": 53062745, "otherExpenses": 81500, "operatingExpenses": 53144245, "costAndExpenses": 122896277, "interestIncome": 355821, "interestExpense": 1024232, "depreciationAndAmortization": 1964050, "ebitda": 9875050, "ebitdaratio": 0.0755401898, "operatingIncome": 7911000, "operatingIncomeRatio": 0.0605159914, "totalOtherIncomeExpensesNet": 729026, "incomeBeforeTax": 8640026, "incomeBeforeTaxRatio": 0.0660927493, "incomeTaxExpense": 116177, "netIncome": 8524000, "netIncomeRatio": 0.0652051967, "eps": 0.0405, "epsdiluted": 0.0382, "weightedAverageShsOut": 210585250, "weightedAverageShsOutDil": 223330798, "link": "https://www.sec.gov/Archives/edgar/data/1341766/000182912621001412/0001829126-21-001412-index.htm", "finalLink": "https://www.sec.gov/Archives/edgar/data/1341766/000182912621001412/celsiusholdings_10k.htm", "calculatedOtherExpenses": -508000, "calculatedOperatingExpenses": 53062745, "calculatedNetInterest": -668411, "calculatedOtherIncome": 1397437, "calculatedIncomeNonControlling": -151, "calculatedEbitda": 9875050}, {"date": "2019-12-31", "symbol": "CELH", "reportedCurrency": "USD", "cik": "0001341766", "fillingDate": "2020-03-12", "acceptedDate": "2020-03-12 08:33:46", "calendarYear": "2019", "period": "FY", "revenue": 75146546, "costOfRevenue": 43844733, "grossProfit": 31301813, "grossProfitRatio": 0.4165436027, "researchAndDevelopmentExpenses": 341000, "generalAndAdministrativeExpenses": 11620534, "sellingAndMarketingExpenses": 21129722, "sellingGeneralAndAdministrativeExpenses": 32750256, "otherExpenses": -29579, "operatingExpenses": 32750256, "costAndExpenses": 76594989, "interestIncome": 381728, "interestExpense": 1393483, "depreciationAndAmortization": 352149, "ebitda": -1096294, "ebitdaratio": -0.0145887477, "operatingIncome": -1448443, "operatingIncomeRatio": -0.0192749112, "totalOtherIncomeExpensesNet": 11419703, "incomeBeforeTax": 9971260, "incomeBeforeTaxRatio": 0.1326908625, "incomeTaxExpense": 470491, "netIncome": 9971260, "netIncomeRatio": 0.1326908625, "eps": 0.0547, "epsdiluted": 0.0518, "weightedAverageShsOut": 182285981, "weightedAverageShsOutDil": 192550193, "link": "https://www.sec.gov/Archives/edgar/data/1341766/000121390020006069/0001213900-20-006069-index.htm", "finalLink": "https://www.sec.gov/Archives/edgar/data/1341766/000121390020006069/f10k2019_celsiusholdingsinc.htm", "calculatedOtherExpenses": -341000, "calculatedOperatingExpenses": 32750256, "calculatedNetInterest": -1011755, "calculatedOtherIncome": 12431458, "calculatedIncomeNonControlling": -470491, "calculatedEbitda": -1096294}, {"date": "2018-12-31", "symbol": "CELH", "reportedCurrency": "USD", "cik": "0001341766", "fillingDate": "2019-03-14", "acceptedDate": "2019-03-14 08:56:08", "calendarYear": "2018", "period": "FY", "revenue": 52603986, "costOfRevenue": 31543608, "grossProfit": 21060378, "grossProfitRatio": 0.4003570756, "researchAndDevelopmentExpenses": 0, "generalAndAdministrativeExpenses": 10487592, "sellingAndMarketingExpenses": 21213530, "sellingGeneralAndAdministrativeExpenses": 31701122, "otherExpenses": 0, "operatingExpenses": 31701122, "costAndExpenses": 63244730, "interestIncome": 0, "interestExpense": 188856, "depreciationAndAmortization": 72162, "ebitda": -10640744, "ebitdaratio": -0.2022801846, "operatingIncome": -10640744, "operatingIncomeRatio": -0.2022801846, "totalOtherIncomeExpensesNet": -377048, "incomeBeforeTax": -11206648, "incomeBeforeTaxRatio": -0.2130380006, "incomeTaxExpense": 565904, "netIncome": -11206648, "netIncomeRatio": -0.2130380006, "eps": -0.0746, "epsdiluted": -0.0746, "weightedAverageShsOut": 150152084, "weightedAverageShsOutDil": 150152088, "link": "https://www.sec.gov/Archives/edgar/data/1341766/000161577419004030/0001615774-19-004030-index.htm", "finalLink": "https://www.sec.gov/Archives/edgar/data/1341766/000161577419004030/s116616_10k.htm", "calculatedOtherExpenses": 0, "calculatedOperatingExpenses": 31701122, "calculatedNetInterest": -188856, "calculatedOtherIncome": -377048, "calculatedIncomeNonControlling": -565904, "calculatedEbitda": -10568582}, {"date": "2017-12-31", "symbol": "CELH", "reportedCurrency": "USD", "cik": "0001341766", "fillingDate": "2018-03-08", "acceptedDate": "2018-03-08 16:02:58", "calendarYear": "2017", "period": "FY", "revenue": 36164064, "costOfRevenue": 20733387, "grossProfit": 15430677, "grossProfitRatio": 0.4266853692, "researchAndDevelopmentExpenses": 0, "generalAndAdministrativeExpenses": 6899275, "sellingAndMarketingExpenses": 16611369, "sellingGeneralAndAdministrativeExpenses": 23510644, "otherExpenses": 0, "operatingExpenses": 23510644, "costAndExpenses": 44244031, "interestIncome": 0, "interestExpense": 160616, "depreciationAndAmortization": 20425, "ebitda": -8079967, "ebitdaratio": -0.2234253042, "operatingIncome": -8079967, "operatingIncomeRatio": -0.2234253042, "totalOtherIncomeExpensesNet": -160616, "incomeBeforeTax": -8240583, "incomeBeforeTaxRatio": -0.2278666192, "incomeTaxExpense": 160616, "netIncome": -8240583, "netIncomeRatio": -0.2278666192, "eps": -0.0646, "epsdiluted": -0.0646, "weightedAverageShsOut": 133257486, "weightedAverageShsOutDil": 133257640, "link": "https://www.sec.gov/Archives/edgar/data/1341766/000161577418001689/0001615774-18-001689-index.htm", "finalLink": "https://www.sec.gov/Archives/edgar/data/1341766/000161577418001689/s109237_10k.htm", "calculatedOtherExpenses": 0, "calculatedOperatingExpenses": 23510644, "calculatedNetInterest": -160616, "calculatedOtherIncome": 0, "calculatedIncomeNonControlling": -160616, "calculatedEbitda": -8059542}, {"date": "2016-12-31", "symbol": "CELH", "reportedCurrency": "USD", "cik": "0001341766", "fillingDate": "2017-03-30", "acceptedDate": "2017-03-30 16:02:20", "calendarYear": "2016", "period": "FY", "revenue": 22760987, "costOfRevenue": 13031153, "grossProfit": 9729834, "grossProfitRatio": 0.4274785623, "researchAndDevelopmentExpenses": 0, "generalAndAdministrativeExpenses": 3899031, "sellingAndMarketingExpenses": 8675763, "sellingGeneralAndAdministrativeExpenses": 12574794, "otherExpenses": 0, "operatingExpenses": 12574794, "costAndExpenses": 25605947, "interestIncome": 0, "interestExpense": 228750, "depreciationAndAmortization": 16951, "ebitda": -2844960, "ebitdaratio": -0.1249928221, "operatingIncome": -2844960, "operatingIncomeRatio": -0.1249928221, "totalOtherIncomeExpensesNet": 6095, "incomeBeforeTax": -3067615, "incomeBeforeTaxRatio": -0.1347751308, "incomeTaxExpense": 222655, "netIncome": -3067615, "netIncomeRatio": -0.1347751308, "eps": -0.0297, "epsdiluted": -0.0297, "weightedAverageShsOut": 115704264, "weightedAverageShsOutDil": 115704720, "link": "https://www.sec.gov/Archives/edgar/data/1341766/000161577417001341/0001615774-17-001341-index.htm", "finalLink": "https://www.sec.gov/Archives/edgar/data/1341766/000161577417001341/s105632_10k.htm", "calculatedOtherExpenses": 0, "calculatedOperatingExpenses": 12574794, "calculatedNetInterest": -228750, "calculatedOtherIncome": 6095, "calculatedIncomeNonControlling": -222655, "calculatedEbitda": -2828009}, {"date": "2015-12-31", "symbol": "CELH", "reportedCurrency": "USD", "cik": "0001341766", "fillingDate": "2015-12-31", "acceptedDate": "2015-12-31 00:00:00", "calendarYear": "2015", "period": "FY", "revenue": 17217944, "costOfRevenue": 10177986, "grossProfit": 7039958, "grossProfitRatio": 0.4088733242, "researchAndDevelopmentExpenses": 0, "generalAndAdministrativeExpenses": 3165573, "sellingAndMarketingExpenses": 5701845, "sellingGeneralAndAdministrativeExpenses": 8867418, "otherExpenses": 0, "operatingExpenses": 8867418, "costAndExpenses": 19045404, "interestIncome": 0, "interestExpense": 322344, "depreciationAndAmortization": 33043, "ebitda": -1794417, "ebitdaratio": -0.1042178439, "operatingIncome": -1827460, "operatingIncomeRatio": -0.1061369464, "totalOtherIncomeExpensesNet": -322344, "incomeBeforeTax": -2149804, "incomeBeforeTaxRatio": -0.1248583455, "incomeTaxExpense": 322344, "netIncome": -2149804, "netIncomeRatio": -0.1248583455, "eps": -0.0258, "epsdiluted": -0.0258, "weightedAverageShsOut": 99527478, "weightedAverageShsOutDil": 99531327, "link": null, "finalLink": null, "calculatedOtherExpenses": 0, "calculatedOperatingExpenses": 8867418, "calculatedNetInterest": -322344, "calculatedOtherIncome": 0, "calculatedIncomeNonControlling": -322344, "calculatedEbitda": -1794417}, {"date": "2014-12-31", "symbol": "CELH", "reportedCurrency": "USD", "cik": "0001341766", "fillingDate": "2014-12-31", "acceptedDate": "2014-12-31 00:00:00", "calendarYear": "2014", "period": "FY", "revenue": 14610090, "costOfRevenue": 9011923, "grossProfit": 5598167, "grossProfitRatio": 0.3831712878, "researchAndDevelopmentExpenses": 0, "generalAndAdministrativeExpenses": 2305086, "sellingAndMarketingExpenses": 4823014, "sellingGeneralAndAdministrativeExpenses": 7128100, "otherExpenses": 0, "operatingExpenses": 7128100, "costAndExpenses": 16140023, "interestIncome": 0, "interestExpense": 497203, "depreciationAndAmortization": 37256, "ebitda": -1492677, "ebitdaratio": -0.1021675431, "operatingIncome": -1529933, "operatingIncomeRatio": -0.1047175616, "totalOtherIncomeExpensesNet": -497203, "incomeBeforeTax": -2027136, "incomeBeforeTaxRatio": -0.1387490426, "incomeTaxExpense": 497203, "netIncome": -2027136, "netIncomeRatio": -0.1387490426, "eps": -0.0353, "epsdiluted": -0.0353, "weightedAverageShsOut": 61177782, "weightedAverageShsOutDil": 61179208, "link": null, "finalLink": null, "calculatedOtherExpenses": 0, "calculatedOperatingExpenses": 7128100, "calculatedNetInterest": -497203, "calculatedOtherIncome": 0, "calculatedIncomeNonControlling": -497203, "calculatedEbitda": -1492677}, {"date": "2013-12-31", "symbol": "CELH", "reportedCurrency": "USD", "cik": "0001341766", "fillingDate": "2013-12-31", "acceptedDate": "2013-12-31 00:00:00", "calendarYear": "2013", "period": "FY", "revenue": 10612900, "costOfRevenue": 6539794, "grossProfit": 4073106, "grossProfitRatio": 0.38378822, "researchAndDevelopmentExpenses": 0, "generalAndAdministrativeExpenses": 1547747, "sellingAndMarketingExpenses": 3947618, "sellingGeneralAndAdministrativeExpenses": 5495365, "otherExpenses": 0, "operatingExpenses": 5495365, "costAndExpenses": 12035159, "interestIncome": 0, "interestExpense": 0, "depreciationAndAmortization": 41513, "ebitda": -1455146, "ebitdaratio": -0.137111063, "operatingIncome": -1422259, "operatingIncomeRatio": -0.1340122869, "totalOtherIncomeExpensesNet": 74400, "incomeBeforeTax": -1779369, "incomeBeforeTaxRatio": -0.1676609598, "incomeTaxExpense": 357110, "netIncome": -1779369, "netIncomeRatio": -0.1676609598, "eps": -0.0302, "epsdiluted": -0.0302, "weightedAverageShsOut": 60537096, "weightedAverageShsOutDil": 60537630, "link": null, "finalLink": null, "calculatedOtherExpenses": 0, "calculatedOperatingExpenses": 5495365, "calculatedNetInterest": 0, "calculatedOtherIncome": -357110, "calculatedIncomeNonControlling": -357110, "calculatedEbitda": -1380746}, {"date": "2012-12-31", "symbol": "CELH", "reportedCurrency": "USD", "cik": "0001341766", "fillingDate": "2012-12-31", "acceptedDate": "2012-12-31 00:00:00", "calendarYear": "2012", "period": "FY", "revenue": 7684005, "costOfRevenue": 5371123, "grossProfit": 2312882, "grossProfitRatio": 0.3009995439, "researchAndDevelopmentExpenses": 0, "generalAndAdministrativeExpenses": 1839833, "sellingAndMarketingExpenses": 3035836, "sellingGeneralAndAdministrativeExpenses": 4875669, "otherExpenses": 0, "operatingExpenses": 4875669, "costAndExpenses": 10246792, "interestIncome": 0, "interestExpense": 0, "depreciationAndAmortization": 41500, "ebitda": -2587287, "ebitdaratio": -0.3367107387, "operatingIncome": -2562787, "operatingIncomeRatio": -0.3335222973, "totalOtherIncomeExpensesNet": 66000, "incomeBeforeTax": -2814902, "incomeBeforeTaxRatio": -0.3663326612, "incomeTaxExpense": 252115, "netIncome": -2814902, "netIncomeRatio": -0.3663326612, "eps": -0.0454, "epsdiluted": -0.0454, "weightedAverageShsOut": 60546621, "weightedAverageShsOutDil": 60546887, "link": null, "finalLink": null, "calculatedOtherExpenses": 0, "calculatedOperatingExpenses": 4875669, "calculatedNetInterest": 0, "calculatedOtherIncome": -252115, "calculatedIncomeNonControlling": -252115, "calculatedEbitda": -2521287}, {"date": "2010-12-31", "symbol": "CELH", "reportedCurrency": "USD", "cik": "0001341766", "fillingDate": "2011-03-31", "acceptedDate": "2011-03-31 08:00:31", "calendarYear": "2010", "period": "FY", "revenue": 8312960, "costOfRevenue": 7217601, "grossProfit": 1095359, "grossProfitRatio": 0.1317652196, "researchAndDevelopmentExpenses": 0, "generalAndAdministrativeExpenses": 4705393, "sellingAndMarketingExpenses": 15187499, "sellingGeneralAndAdministrativeExpenses": 19892892, "otherExpenses": 0, "operatingExpenses": 19892892, "costAndExpenses": 27110493, "interestIncome": 18412, "interestExpense": 395925, "depreciationAndAmortization": 50229, "ebitda": -18728892, "ebitdaratio": -2.2529751136, "operatingIncome": -18797533, "operatingIncomeRatio": -2.2612322205, "totalOtherIncomeExpensesNet": -322356, "incomeBeforeTax": -19497402, "incomeBeforeTaxRatio": -2.3454223285, "incomeTaxExpense": 699869, "netIncome": -19497402, "netIncomeRatio": -2.3454223285, "eps": -0.37, "epsdiluted": -0.37, "weightedAverageShsOut": 52576056, "weightedAverageShsOutDil": 52576056, "link": "https://www.sec.gov/Archives/edgar/data/1341766/000121390011001621/0001213900-11-001621-index.htm", "finalLink": "https://www.sec.gov/Archives/edgar/data/1341766/000121390011001621/f10k2010_celsius.htm", "calculatedOtherExpenses": 0, "calculatedOperatingExpenses": 19892892, "calculatedNetInterest": -377513, "calculatedOtherIncome": -322356, "calculatedIncomeNonControlling": -699869, "calculatedEbitda": -18747304}, {"date": "2009-12-31", "symbol": "CELH", "reportedCurrency": "USD", "cik": "0001341766", "fillingDate": "2010-03-10", "acceptedDate": "2010-03-10 15:47:11", "calendarYear": "2009", "period": "FY", "revenue": 5867895, "costOfRevenue": 3063142, "grossProfit": 2804753, "grossProfitRatio": 0.4779828201, "researchAndDevelopmentExpenses": 0, "generalAndAdministrativeExpenses": 2256800, "sellingAndMarketingExpenses": 8001697, "sellingGeneralAndAdministrativeExpenses": 10258497, "otherExpenses": 0, "operatingExpenses": 10258497, "costAndExpenses": 13321639, "interestIncome": 16337, "interestExpense": 305285, "depreciationAndAmortization": 55103, "ebitda": -7453744, "ebitdaratio": -1.2702585851, "operatingIncome": -7453744, "operatingIncomeRatio": -1.2702585851, "totalOtherIncomeExpensesNet": -305285, "incomeBeforeTax": -7759029, "incomeBeforeTaxRatio": -1.322284908, "incomeTaxExpense": 7759029, "netIncome": -7759029, "netIncomeRatio": -1.322284908, "eps": -0.34, "epsdiluted": -0.34, "weightedAverageShsOut": 22882149, "weightedAverageShsOutDil": 22882149, "link": "https://www.sec.gov/Archives/edgar/data/1341766/000121390010000848/0001213900-10-000848-index.htm", "finalLink": "https://www.sec.gov/Archives/edgar/data/1341766/000121390010000848/f10k2009_celsius.htm", "calculatedOtherExpenses": 0, "calculatedOperatingExpenses": 10258497, "calculatedNetInterest": -288948, "calculatedOtherIncome": -16337, "calculatedIncomeNonControlling": -7759029, "calculatedEbitda": -7398641}, {"date": "2008-12-31", "symbol": "CELH", "reportedCurrency": "USD", "cik": "0001341766", "fillingDate": "2009-03-09", "acceptedDate": "2009-03-09 11:59:31", "calendarYear": "2008", "period": "FY", "revenue": 2589887, "costOfRevenue": 1833184, "grossProfit": 756703, "grossProfitRatio": 0.2921760679, "researchAndDevelopmentExpenses": 0, "generalAndAdministrativeExpenses": 1740143, "sellingAndMarketingExpenses": 3936552, "sellingGeneralAndAdministrativeExpenses": 5676695, "otherExpenses": 0, "operatingExpenses": 5676695, "costAndExpenses": 7509879, "interestIncome": 70441, "interestExpense": 412049, "depreciationAndAmortization": 31605, "ebitda": -4888387, "ebitdaratio": -1.8874904581, "operatingIncome": -4919992, "operatingIncomeRatio": -1.8996936932, "totalOtherIncomeExpensesNet": -341608, "incomeBeforeTax": -5261600, "incomeBeforeTaxRatio": -2.0315944286, "incomeTaxExpense": 5261600, "netIncome": -5261600, "netIncomeRatio": -2.0315944286, "eps": -0.27, "epsdiluted": -0.27, "weightedAverageShsOut": 19305546, "weightedAverageShsOutDil": 19305546, "link": "https://www.sec.gov/Archives/edgar/data/1341766/000121390009000466/0001213900-09-000466-index.htm", "finalLink": "https://www.sec.gov/Archives/edgar/data/1341766/000121390009000466/f10k2008_celsius.htm", "calculatedOtherExpenses": 0, "calculatedOperatingExpenses": 5676695, "calculatedNetInterest": -341608, "calculatedOtherIncome": 0, "calculatedIncomeNonControlling": -5261600, "calculatedEbitda": -4888387}, {"date": "2007-12-31", "symbol": "CELH", "reportedCurrency": "USD", "cik": "0001341766", "fillingDate": "2008-03-03", "acceptedDate": "2008-03-03 16:39:06", "calendarYear": "2007", "period": "FY", "revenue": 1644780, "costOfRevenue": 1033971000, "grossProfit": -1032326220, "grossProfitRatio": -627.6378725422, "researchAndDevelopmentExpenses": 0, "generalAndAdministrativeExpenses": 2109874000, "sellingAndMarketingExpenses": 1545323000, "sellingGeneralAndAdministrativeExpenses": 4155197, "otherExpenses": 0, "operatingExpenses": 4155197, "costAndExpenses": 4155197, "interestIncome": 0, "interestExpense": 181453, "depreciationAndAmortization": 19390, "ebitda": -2491027, "ebitdaratio": -1.5145046754, "operatingIncome": -3544388, "operatingIncomeRatio": -2.1549313586, "totalOtherIncomeExpensesNet": -181453, "incomeBeforeTax": -3725841, "incomeBeforeTaxRatio": -2.2652518878, "incomeTaxExpense": 3725841, "netIncome": -3725841, "netIncomeRatio": -2.2652518878, "eps": -0.27, "epsdiluted": -0.27, "weightedAverageShsOut": 15103295, "weightedAverageShsOutDil": 15103295, "link": "https://www.sec.gov/Archives/edgar/data/1341766/000121390008000391/0001213900-08-000391-index.htm", "finalLink": "https://www.sec.gov/Archives/edgar/data/1341766/000121390008000391/f10ksb2007_celcius.htm", "calculatedOtherExpenses": -1032937029, "calculatedOperatingExpenses": -1028781832, "calculatedNetInterest": -181453, "calculatedOtherIncome": 0, "calculatedIncomeNonControlling": -3725841, "calculatedEbitda": -3524998}, {"date": "2006-09-30", "symbol": "CELH", "reportedCurrency": "USD", "cik": "0001341766", "fillingDate": "2007-01-11", "acceptedDate": "2007-01-11 17:25:42", "calendarYear": "2006", "period": "FY", "revenue": 0, "costOfRevenue": 0, "grossProfit": 0, "grossProfitRatio": 0, "researchAndDevelopmentExpenses": 0, "generalAndAdministrativeExpenses": 0, "sellingAndMarketingExpenses": 0, "sellingGeneralAndAdministrativeExpenses": 12960, "otherExpenses": 0, "operatingExpenses": 12960, "costAndExpenses": 12960, "interestIncome": 0, "interestExpense": -12960, "depreciationAndAmortization": 0, "ebitda": -12960, "ebitdaratio": 0, "operatingIncome": -12960, "operatingIncomeRatio": 0, "totalOtherIncomeExpensesNet": 0, "incomeBeforeTax": -12960, "incomeBeforeTaxRatio": 0, "incomeTaxExpense": 12960, "netIncome": -12960, "netIncomeRatio": 0, "eps": -0.13, "epsdiluted": -0.13, "weightedAverageShsOut": 10907648, "weightedAverageShsOutDil": 10907648, "link": "https://www.sec.gov/Archives/edgar/data/1341766/000122150807000002/0001221508-07-000002-index.htm", "finalLink": "https://www.sec.gov/Archives/edgar/data/1341766/000122150807000002/form10ksb_09302006.htm", "calculatedOtherExpenses": 0, "calculatedOperatingExpenses": 12960, "calculatedNetInterest": 12960, "calculatedOtherIncome": -12960, "calculatedIncomeNonControlling": -12960, "calculatedEbitda": -12960}, {"date": "2005-09-30", "symbol": "CELH", "reportedCurrency": "USD", "cik": "0001341766", "fillingDate": "2005-09-30", "acceptedDate": "2005-09-30 00:00:00", "calendarYear": "2005", "period": "FY", "revenue": 0, "costOfRevenue": 0, "grossProfit": 0, "grossProfitRatio": 0, "researchAndDevelopmentExpenses": 0, "generalAndAdministrativeExpenses": 0, "sellingAndMarketingExpenses": 0, "sellingGeneralAndAdministrativeExpenses": 8018, "otherExpenses": 0, "operatingExpenses": 8018, "costAndExpenses": 8018, "interestIncome": 0, "interestExpense": -8018, "depreciationAndAmortization": 0, "ebitda": -8018, "ebitdaratio": 0, "operatingIncome": -8018, "operatingIncomeRatio": 0, "totalOtherIncomeExpensesNet": 0, "incomeBeforeTax": -8018, "incomeBeforeTaxRatio": 0, "incomeTaxExpense": 8018, "netIncome": -8018, "netIncomeRatio": 0, "eps": -0.051, "epsdiluted": -0.051, "weightedAverageShsOut": 157215, "weightedAverageShsOutDil": 157215, "link": null, "finalLink": null, "calculatedOtherExpenses": 0, "calculatedOperatingExpenses": 8018, "calculatedNetInterest": 8018, "calculatedOtherIncome": -8018, "calculatedIncomeNonControlling": -8018, "calculatedEbitda": -8018}]}