{"originalCurrency": "USD", "convertedCurrency": "USD", "report": [{"date": "2023-09-30", "symbol": "CENTA", "reportedCurrency": "USD", "cik": "0000887733", "fillingDate": "2023-11-28", "acceptedDate": "2023-11-28 16:28:05", "calendarYear": "2023", "period": "FY", "revenue": 3310083000, "costOfRevenue": 2363241000, "grossProfit": 946842000, "grossProfitRatio": 0.2860478121, "researchAndDevelopmentExpenses": 0, "generalAndAdministrativeExpenses": 398696000, "sellingAndMarketingExpenses": 337500000, "sellingGeneralAndAdministrativeExpenses": 736196000, "otherExpenses": 1462000, "operatingExpenses": 736196000, "costAndExpenses": 3099437000, "interestIncome": 7362000, "interestExpense": 57025000, "depreciationAndAmortization": 87700000, "ebitda": 307170000, "ebitdaratio": 0.0927982773, "operatingIncome": 210646000, "operatingIncomeRatio": 0.0636376792, "totalOtherIncomeExpensesNet": 1462000, "incomeBeforeTax": 162445000, "incomeBeforeTaxRatio": 0.0490758087, "incomeTaxExpense": 36348000, "netIncome": 125643000, "netIncomeRatio": 0.0379576585, "eps": 2.4, "epsdiluted": 2.35, "weightedAverageShsOut": 52395000, "weightedAverageShsOutDil": 53427000, "link": "https://www.sec.gov/Archives/edgar/data/887733/000088773323000017/0000887733-23-000017-index.htm", "finalLink": "https://www.sec.gov/Archives/edgar/data/887733/000088773323000017/cent-20230930.htm", "calculatedOtherExpenses": 0, "calculatedOperatingExpenses": 736196000, "calculatedNetInterest": -49663000, "calculatedOtherIncome": 1462000, "calculatedIncomeNonControlling": 454000, "calculatedEbitda": 298346000}, {"date": "2022-09-24", "symbol": "CENTA", "reportedCurrency": "USD", "cik": "0000887733", "fillingDate": "2022-11-22", "acceptedDate": "2022-11-22 16:00:32", "calendarYear": "2022", "period": "FY", "revenue": 3338588000, "costOfRevenue": 2346283000, "grossProfit": 992305000, "grossProfitRatio": 0.2972229577, "researchAndDevelopmentExpenses": 0, "generalAndAdministrativeExpenses": 374169000, "sellingAndMarketingExpenses": 358100000, "sellingGeneralAndAdministrativeExpenses": 732269000, "otherExpenses": -3596000, "operatingExpenses": 732269000, "costAndExpenses": 3078552000, "interestIncome": 719000, "interestExpense": 58253000, "depreciationAndAmortization": 78071000, "ebitda": 338107000, "ebitdaratio": 0.1012724541, "operatingIncome": 260036000, "operatingIncomeRatio": 0.0778880173, "totalOtherIncomeExpensesNet": -61130000, "incomeBeforeTax": 198906000, "incomeBeforeTaxRatio": 0.0595778814, "incomeTaxExpense": 46234000, "netIncome": 152152000, "netIncomeRatio": 0.0455737575, "eps": 2.86, "epsdiluted": 2.8, "weightedAverageShsOut": 53220000, "weightedAverageShsOutDil": 54425000, "link": "https://www.sec.gov/Archives/edgar/data/887733/000088773322000017/0000887733-22-000017-index.htm", "finalLink": "https://www.sec.gov/Archives/edgar/data/887733/000088773322000017/cent-20220924.htm", "calculatedOtherExpenses": 0, "calculatedOperatingExpenses": 732269000, "calculatedNetInterest": -57534000, "calculatedOtherIncome": -3596000, "calculatedIncomeNonControlling": 520000, "calculatedEbitda": 338107000}, {"date": "2021-09-25", "symbol": "CENTA", "reportedCurrency": "USD", "cik": "0000887733", "fillingDate": "2021-11-23", "acceptedDate": "2021-11-23 16:17:46", "calendarYear": "2021", "period": "FY", "revenue": 3303684000, "costOfRevenue": 2332783000, "grossProfit": 970901000, "grossProfitRatio": 0.2938843424, "researchAndDevelopmentExpenses": 0, "generalAndAdministrativeExpenses": 608405000, "sellingAndMarketingExpenses": 108000000, "sellingGeneralAndAdministrativeExpenses": 716405000, "otherExpenses": -1506000, "operatingExpenses": 716405000, "costAndExpenses": 3049188000, "interestIncome": 415000, "interestExpense": 58597000, "depreciationAndAmortization": 73636000, "ebitda": 328132000, "ebitdaratio": 0.0993230587, "operatingIncome": 254496000, "operatingIncomeRatio": 0.077034002, "totalOtherIncomeExpensesNet": -59688000, "incomeBeforeTax": 194808000, "incomeBeforeTaxRatio": 0.0589668988, "incomeTaxExpense": 42035000, "netIncome": 151746000, "netIncomeRatio": 0.0459323591, "eps": 2.81, "epsdiluted": 2.75, "weightedAverageShsOut": 53914000, "weightedAverageShsOutDil": 55248000, "link": "https://www.sec.gov/Archives/edgar/data/887733/000088773321000016/0000887733-21-000016-index.htm", "finalLink": "https://www.sec.gov/Archives/edgar/data/887733/000088773321000016/cent-20210925.htm", "calculatedOtherExpenses": 0, "calculatedOperatingExpenses": 716405000, "calculatedNetInterest": -58182000, "calculatedOtherIncome": -1506000, "calculatedIncomeNonControlling": 1027000, "calculatedEbitda": 328132000}, {"date": "2020-09-26", "symbol": "CENTA", "reportedCurrency": "USD", "cik": "0000887733", "fillingDate": "2020-11-24", "acceptedDate": "2020-11-24 15:44:38", "calendarYear": "2020", "period": "FY", "revenue": 2695509000, "costOfRevenue": 1898951000, "grossProfit": 796558000, "grossProfitRatio": 0.2955130181, "researchAndDevelopmentExpenses": 0, "generalAndAdministrativeExpenses": 510081000, "sellingAndMarketingExpenses": 88500000, "sellingGeneralAndAdministrativeExpenses": 598581000, "otherExpenses": -4250000, "operatingExpenses": 598581000, "costAndExpenses": 2497532000, "interestIncome": 4027000, "interestExpense": 44016000, "depreciationAndAmortization": 55359000, "ebitda": 197754000, "ebitdaratio": 0.0733642514, "operatingIncome": 142395000, "operatingIncomeRatio": 0.0528267574, "totalOtherIncomeExpensesNet": 11343000, "incomeBeforeTax": 153738000, "incomeBeforeTaxRatio": 0.057034868, "incomeTaxExpense": 32218000, "netIncome": 120676000, "netIncomeRatio": 0.0447692811, "eps": 2.23, "epsdiluted": 2.2, "weightedAverageShsOut": 54008000, "weightedAverageShsOutDil": 54738000, "link": "https://www.sec.gov/Archives/edgar/data/887733/000088773320000014/0000887733-20-000014-index.htm", "finalLink": "https://www.sec.gov/Archives/edgar/data/887733/000088773320000014/cent-20200926.htm", "calculatedOtherExpenses": 55582000, "calculatedOperatingExpenses": 654163000, "calculatedNetInterest": -39989000, "calculatedOtherIncome": 51332000, "calculatedIncomeNonControlling": 844000, "calculatedEbitda": 197754000}, {"date": "2019-09-28", "symbol": "CENTA", "reportedCurrency": "USD", "cik": "0000887733", "fillingDate": "2019-11-27", "acceptedDate": "2019-11-26 19:06:55", "calendarYear": "2019", "period": "FY", "revenue": 2383010000, "costOfRevenue": 1678969000, "grossProfit": 704041000, "grossProfitRatio": 0.2954418991, "researchAndDevelopmentExpenses": 0, "generalAndAdministrativeExpenses": 444073000, "sellingAndMarketingExpenses": 107900000, "sellingGeneralAndAdministrativeExpenses": 551973000, "otherExpenses": 243000, "operatingExpenses": 551973000, "costAndExpenses": 2230942000, "interestIncome": 9554000, "interestExpense": 42614000, "depreciationAndAmortization": 50828000, "ebitda": 161865000, "ebitdaratio": 0.0679245996, "operatingIncome": 111037000, "operatingIncomeRatio": 0.0465952724, "totalOtherIncomeExpensesNet": 8214000, "incomeBeforeTax": 119251000, "incomeBeforeTaxRatio": 0.0500421736, "incomeTaxExpense": 26604000, "netIncome": 92786000, "netIncomeRatio": 0.0389364711, "eps": 1.63, "epsdiluted": 1.61, "weightedAverageShsOut": 56770000, "weightedAverageShsOutDil": 57611000, "link": "https://www.sec.gov/Archives/edgar/data/887733/000088773319000016/0000887733-19-000016-index.htm", "finalLink": "https://www.sec.gov/Archives/edgar/data/887733/000088773319000016/cent-2019x10k.htm", "calculatedOtherExpenses": 41031000, "calculatedOperatingExpenses": 593004000, "calculatedNetInterest": -33060000, "calculatedOtherIncome": 41274000, "calculatedIncomeNonControlling": -139000, "calculatedEbitda": 161865000}, {"date": "2018-09-29", "symbol": "CENTA", "reportedCurrency": "USD", "cik": "0000887733", "fillingDate": "2018-11-28", "acceptedDate": "2018-11-28 15:09:05", "calendarYear": "2018", "period": "FY", "revenue": 2215362000, "costOfRevenue": 1539986000, "grossProfit": 675376000, "grossProfitRatio": 0.3048603343, "researchAndDevelopmentExpenses": 0, "generalAndAdministrativeExpenses": 408240000, "sellingAndMarketingExpenses": 99800000, "sellingGeneralAndAdministrativeExpenses": 508040000, "otherExpenses": -3860000, "operatingExpenses": 508040000, "costAndExpenses": 2048026000, "interestIncome": 3145000, "interestExpense": 39196000, "depreciationAndAmortization": 47199000, "ebitda": 166621000, "ebitdaratio": 0.0752116358, "operatingIncome": 167336000, "operatingIncomeRatio": 0.0755343822, "totalOtherIncomeExpensesNet": -3860000, "incomeBeforeTax": 127425000, "incomeBeforeTaxRatio": 0.0575188163, "incomeTaxExpense": 3305000, "netIncome": 123594000, "netIncomeRatio": 0.0557895279, "eps": 2.39, "epsdiluted": 2.32, "weightedAverageShsOut": 51716000, "weightedAverageShsOutDil": 53341000, "link": "https://www.sec.gov/Archives/edgar/data/887733/000088773318000016/0000887733-18-000016-index.htm", "finalLink": "https://www.sec.gov/Archives/edgar/data/887733/000088773318000016/cent-2018x10k.htm", "calculatedOtherExpenses": 0, "calculatedOperatingExpenses": 508040000, "calculatedNetInterest": -36051000, "calculatedOtherIncome": -3860000, "calculatedIncomeNonControlling": 526000, "calculatedEbitda": 214535000}, {"date": "2017-09-30", "symbol": "CENTA", "reportedCurrency": "USD", "cik": "0000887733", "fillingDate": "2017-11-29", "acceptedDate": "2017-11-29 15:55:05", "calendarYear": "2017", "period": "FY", "revenue": 2054478000, "costOfRevenue": 1421670000, "grossProfit": 632808000, "grossProfitRatio": 0.3080140065, "researchAndDevelopmentExpenses": 0, "generalAndAdministrativeExpenses": 382896000, "sellingAndMarketingExpenses": 93800000, "sellingGeneralAndAdministrativeExpenses": 476696000, "otherExpenses": -1621000, "operatingExpenses": 476696000, "costAndExpenses": 1898366000, "interestIncome": 147000, "interestExpense": 28209000, "depreciationAndAmortization": 42719000, "ebitda": 154638000, "ebitdaratio": 0.0752687544, "operatingIncome": 156112000, "operatingIncomeRatio": 0.0759862116, "totalOtherIncomeExpensesNet": -1621000, "incomeBeforeTax": 126429000, "incomeBeforeTaxRatio": 0.0615382594, "incomeTaxExpense": 46699000, "netIncome": 78828000, "netIncomeRatio": 0.0383688703, "eps": 1.57, "epsdiluted": 1.52, "weightedAverageShsOut": 50230000, "weightedAverageShsOutDil": 51820000, "link": "https://www.sec.gov/Archives/edgar/data/887733/000088773317000014/0000887733-17-000014-index.htm", "finalLink": "https://www.sec.gov/Archives/edgar/data/887733/000088773317000014/cent-2017x10k.htm", "calculatedOtherExpenses": 0, "calculatedOperatingExpenses": 476696000, "calculatedNetInterest": -28062000, "calculatedOtherIncome": -1621000, "calculatedIncomeNonControlling": 902000, "calculatedEbitda": 198831000}, {"date": "2016-09-24", "symbol": "CENTA", "reportedCurrency": "USD", "cik": "0000887733", "fillingDate": "2016-12-02", "acceptedDate": "2016-12-01 19:38:34", "calendarYear": "2016", "period": "FY", "revenue": 1829017000, "costOfRevenue": 1275967000, "grossProfit": 553050000, "grossProfitRatio": 0.3023755383, "researchAndDevelopmentExpenses": 0, "generalAndAdministrativeExpenses": 163864000, "sellingAndMarketingExpenses": 258000000, "sellingGeneralAndAdministrativeExpenses": 421864000, "otherExpenses": -17013000, "operatingExpenses": 421864000, "costAndExpenses": 1697831000, "interestIncome": 140000, "interestExpense": 42847000, "depreciationAndAmortization": 40001000, "ebitda": 114313000, "ebitdaratio": 0.0624996925, "operatingIncome": 129358000, "operatingIncomeRatio": 0.0707254225, "totalOtherIncomeExpensesNet": -18841000, "incomeBeforeTax": 69638000, "incomeBeforeTaxRatio": 0.0380740037, "incomeTaxExpense": 24053000, "netIncome": 44514000, "netIncomeRatio": 0.0243376633, "eps": 0.91, "epsdiluted": 0.87, "weightedAverageShsOut": 48964000, "weightedAverageShsOutDil": 51075000, "link": "https://www.sec.gov/Archives/edgar/data/887733/000162828016021764/0001628280-16-021764-index.htm", "finalLink": "https://www.sec.gov/Archives/edgar/data/887733/000162828016021764/cent-2016x10k.htm", "calculatedOtherExpenses": 1828000, "calculatedOperatingExpenses": 423692000, "calculatedNetInterest": -42707000, "calculatedOtherIncome": -17013000, "calculatedIncomeNonControlling": 1071000, "calculatedEbitda": 169359000}, {"date": "2015-09-26", "symbol": "CENTA", "reportedCurrency": "USD", "cik": "0000887733", "fillingDate": "2015-12-10", "acceptedDate": "2015-12-10 13:55:18", "calendarYear": "2015", "period": "FY", "revenue": 1650737000, "costOfRevenue": 1162685000, "grossProfit": 488052000, "grossProfitRatio": 0.2956570308, "researchAndDevelopmentExpenses": 0, "generalAndAdministrativeExpenses": 154145000, "sellingAndMarketingExpenses": 235200000, "sellingGeneralAndAdministrativeExpenses": 389345000, "otherExpenses": 13000, "operatingExpenses": 389345000, "costAndExpenses": 1552030000, "interestIncome": 129000, "interestExpense": 40027000, "depreciationAndAmortization": 33703000, "ebitda": 98849000, "ebitdaratio": 0.0598817377, "operatingIncome": 91435000, "operatingIncomeRatio": 0.0553904105, "totalOtherIncomeExpensesNet": -7259000, "incomeBeforeTax": 51550000, "incomeBeforeTaxRatio": 0.0312284755, "incomeTaxExpense": 18535000, "netIncome": 31971000, "netIncomeRatio": 0.0193677127, "eps": 0.66, "epsdiluted": 0.64, "weightedAverageShsOut": 48562000, "weightedAverageShsOutDil": 49638000, "link": "https://www.sec.gov/Archives/edgar/data/887733/000119312515399914/0001193125-15-399914-index.htm", "finalLink": "https://www.sec.gov/Archives/edgar/data/887733/000119312515399914/d78823d10k.htm", "calculatedOtherExpenses": 7272000, "calculatedOperatingExpenses": 396617000, "calculatedNetInterest": -39898000, "calculatedOtherIncome": 13000, "calculatedIncomeNonControlling": 1044000, "calculatedEbitda": 125138000}, {"date": "2014-09-27", "symbol": "CENTA", "reportedCurrency": "USD", "cik": "0000887733", "fillingDate": "2014-12-11", "acceptedDate": "2014-12-11 16:46:52", "calendarYear": "2014", "period": "FY", "revenue": 1604357000, "costOfRevenue": 1150333000, "grossProfit": 454024000, "grossProfitRatio": 0.282994371, "researchAndDevelopmentExpenses": 0, "generalAndAdministrativeExpenses": 150511000, "sellingAndMarketingExpenses": 247300000, "sellingGeneralAndAdministrativeExpenses": 397811000, "otherExpenses": 403000, "operatingExpenses": 397811000, "costAndExpenses": 1548144000, "interestIncome": 94000, "interestExpense": 42844000, "depreciationAndAmortization": 35781000, "ebitda": 56710000, "ebitdaratio": 0.0353474944, "operatingIncome": 56213000, "operatingIncomeRatio": 0.0350377129, "totalOtherIncomeExpensesNet": 403000, "incomeBeforeTax": 13866000, "incomeBeforeTaxRatio": 0.0086427148, "incomeTaxExpense": 4045000, "netIncome": 8804000, "netIncomeRatio": 0.0054875567, "eps": 0.18, "epsdiluted": 0.18, "weightedAverageShsOut": 48880000, "weightedAverageShsOutDil": 49397000, "link": "https://www.sec.gov/Archives/edgar/data/887733/000119312514440182/0001193125-14-440182-index.htm", "finalLink": "https://www.sec.gov/Archives/edgar/data/887733/000119312514440182/d799051d10k.htm", "calculatedOtherExpenses": 0, "calculatedOperatingExpenses": 397811000, "calculatedNetInterest": -42750000, "calculatedOtherIncome": 403000, "calculatedIncomeNonControlling": 1017000, "calculatedEbitda": 91994000}, {"date": "2013-09-28", "symbol": "CENTA", "reportedCurrency": "USD", "cik": "0000887733", "fillingDate": "2013-12-12", "acceptedDate": "2013-12-11 21:34:47", "calendarYear": "2013", "period": "FY", "revenue": 1653633000, "costOfRevenue": 1189731000, "grossProfit": 463902000, "grossProfitRatio": 0.2805350401, "researchAndDevelopmentExpenses": 0, "generalAndAdministrativeExpenses": 182038000, "sellingAndMarketingExpenses": 234000000, "sellingGeneralAndAdministrativeExpenses": 416038000, "otherExpenses": -677000, "operatingExpenses": 416038000, "costAndExpenses": 1605769000, "interestIncome": 142000, "interestExpense": 43112000, "depreciationAndAmortization": 32968000, "ebitda": 47329000, "ebitdaratio": 0.0286212237, "operatingIncome": 40155000, "operatingIncomeRatio": 0.0242828971, "totalOtherIncomeExpensesNet": -8386000, "incomeBeforeTax": -3492000, "incomeBeforeTaxRatio": -0.002111714, "incomeTaxExpense": -2592000, "netIncome": -1929000, "netIncomeRatio": -0.0011665224, "eps": -0.0401, "epsdiluted": -0.0401, "weightedAverageShsOut": 48094000, "weightedAverageShsOutDil": 48094000, "link": "https://www.sec.gov/Archives/edgar/data/887733/000119312513470429/0001193125-13-470429-index.htm", "finalLink": "https://www.sec.gov/Archives/edgar/data/887733/000119312513470429/d616392d10k.htm", "calculatedOtherExpenses": 7709000, "calculatedOperatingExpenses": 423747000, "calculatedNetInterest": -42970000, "calculatedOtherIncome": -677000, "calculatedIncomeNonControlling": 1029000, "calculatedEbitda": 73123000}, {"date": "2012-09-29", "symbol": "CENTA", "reportedCurrency": "USD", "cik": "0000887733", "fillingDate": "2012-12-13", "acceptedDate": "2012-12-13 16:16:54", "calendarYear": "2012", "period": "FY", "revenue": 1700013000, "costOfRevenue": 1185855000, "grossProfit": 514158000, "grossProfitRatio": 0.3024435695, "researchAndDevelopmentExpenses": 0, "generalAndAdministrativeExpenses": 183737000, "sellingAndMarketingExpenses": 256000000, "sellingGeneralAndAdministrativeExpenses": 439737000, "otherExpenses": 678000, "operatingExpenses": 439737000, "costAndExpenses": 1625592000, "interestIncome": 145000, "interestExpense": 40315000, "depreciationAndAmortization": 30425000, "ebitda": 75244000, "ebitdaratio": 0.044260838, "operatingIncome": 74421000, "operatingIncomeRatio": 0.0437767241, "totalOtherIncomeExpensesNet": 678000, "incomeBeforeTax": 34929000, "incomeBeforeTaxRatio": 0.0205463135, "incomeTaxExpense": 12816000, "netIncome": 21173000, "netIncomeRatio": 0.0124546106, "eps": 0.44, "epsdiluted": 0.44, "weightedAverageShsOut": 47622000, "weightedAverageShsOutDil": 48374000, "link": "https://www.sec.gov/Archives/edgar/data/887733/000119312512501706/0001193125-12-501706-index.htm", "finalLink": "https://www.sec.gov/Archives/edgar/data/887733/000119312512501706/d401207d10k.htm", "calculatedOtherExpenses": 0, "calculatedOperatingExpenses": 439737000, "calculatedNetInterest": -40170000, "calculatedOtherIncome": 678000, "calculatedIncomeNonControlling": 940000, "calculatedEbitda": 104846000}, {"date": "2011-09-24", "symbol": "CENTA", "reportedCurrency": "USD", "cik": "0000887733", "fillingDate": "2011-11-21", "acceptedDate": "2011-11-18 18:16:08", "calendarYear": "2011", "period": "FY", "revenue": 1628652000, "costOfRevenue": 1134733000, "grossProfit": 493919000, "grossProfitRatio": 0.3032685927, "researchAndDevelopmentExpenses": 0, "generalAndAdministrativeExpenses": 0, "sellingAndMarketingExpenses": 0, "sellingGeneralAndAdministrativeExpenses": 408744000, "otherExpenses": 0, "operatingExpenses": 408744000, "costAndExpenses": 1543477000, "interestIncome": 296000, "interestExpense": 38044000, "depreciationAndAmortization": 28566000, "ebitda": 85471000, "ebitdaratio": 0.0524795966, "operatingIncome": 87487000, "operatingIncomeRatio": 0.0537174301, "totalOtherIncomeExpensesNet": 550000, "incomeBeforeTax": 47977000, "incomeBeforeTaxRatio": 0.029458104, "incomeTaxExpense": 19595000, "netIncome": 28323000, "netIncomeRatio": 0.0173904554, "eps": 0.5, "epsdiluted": 0.5, "weightedAverageShsOut": 56217000, "weightedAverageShsOutDil": 56645000, "link": "https://www.sec.gov/Archives/edgar/data/887733/000119312511317404/0001193125-11-317404-index.htm", "finalLink": "https://www.sec.gov/Archives/edgar/data/887733/000119312511317404/d236590d10k.htm", "calculatedOtherExpenses": -2312000, "calculatedOperatingExpenses": 406432000, "calculatedNetInterest": -37748000, "calculatedOtherIncome": -1762000, "calculatedIncomeNonControlling": 59000, "calculatedEbitda": 116053000}, {"date": "2010-09-25", "symbol": "CENTA", "reportedCurrency": "USD", "cik": "0000887733", "fillingDate": "2010-11-19", "acceptedDate": "2010-11-19 13:58:03", "calendarYear": "2010", "period": "FY", "revenue": 1523648000, "costOfRevenue": 1008482000, "grossProfit": 515166000, "grossProfitRatio": 0.3381135275, "researchAndDevelopmentExpenses": 0, "generalAndAdministrativeExpenses": 0, "sellingAndMarketingExpenses": 0, "sellingGeneralAndAdministrativeExpenses": 394092000, "otherExpenses": 0, "operatingExpenses": 394092000, "costAndExpenses": 1402574000, "interestIncome": 119000, "interestExpense": 33706000, "depreciationAndAmortization": 28869000, "ebitda": 121193000, "ebitdaratio": 0.0795413376, "operatingIncome": 97480000, "operatingIncomeRatio": 0.0639780317, "totalOtherIncomeExpensesNet": -11581000, "incomeBeforeTax": 75906000, "incomeBeforeTaxRatio": 0.0498185933, "incomeTaxExpense": 28110000, "netIncome": 45833000, "netIncomeRatio": 0.0300810948, "eps": 0.71, "epsdiluted": 0.7, "weightedAverageShsOut": 64272000, "weightedAverageShsOutDil": 65091000, "link": "https://www.sec.gov/Archives/edgar/data/887733/000119312510265032/0001193125-10-265032-index.htm", "finalLink": "https://www.sec.gov/Archives/edgar/data/887733/000119312510265032/d10k.htm", "calculatedOtherExpenses": 23594000, "calculatedOperatingExpenses": 417686000, "calculatedNetInterest": -33587000, "calculatedOtherIncome": 12013000, "calculatedIncomeNonControlling": 1963000, "calculatedEbitda": 126349000}, {"date": "2009-09-26", "symbol": "CENTA", "reportedCurrency": "USD", "cik": "0000887733", "fillingDate": "2009-11-20", "acceptedDate": "2009-11-20 16:15:28", "calendarYear": "2009", "period": "FY", "revenue": 1614300000, "costOfRevenue": 1086974000, "grossProfit": 527326000, "grossProfitRatio": 0.3266592331, "researchAndDevelopmentExpenses": 0, "generalAndAdministrativeExpenses": 0, "sellingAndMarketingExpenses": 0, "sellingGeneralAndAdministrativeExpenses": 401340000, "otherExpenses": 429764000, "operatingExpenses": 401340000, "costAndExpenses": 1488314000, "interestIncome": 649000, "interestExpense": 22710000, "depreciationAndAmortization": 29155000, "ebitda": 126635000, "ebitdaratio": 0.078445766, "operatingIncome": 103234000, "operatingIncomeRatio": 0.0639496996, "totalOtherIncomeExpensesNet": 52000, "incomeBeforeTax": 103977000, "incomeBeforeTaxRatio": 0.064409961, "incomeTaxExpense": 36368000, "netIncome": 65948000, "netIncomeRatio": 0.0408523818, "eps": 0.95, "epsdiluted": 0.94, "weightedAverageShsOut": 69499000, "weightedAverageShsOutDil": 70264000, "link": "https://www.sec.gov/Archives/edgar/data/887733/000119312509239261/0001193125-09-239261-index.htm", "finalLink": "https://www.sec.gov/Archives/edgar/data/887733/000119312509239261/d10k.htm", "calculatedOtherExpenses": 22752000, "calculatedOperatingExpenses": 424092000, "calculatedNetInterest": -22061000, "calculatedOtherIncome": 22804000, "calculatedIncomeNonControlling": 1661000, "calculatedEbitda": 132389000}, {"date": "2008-09-27", "symbol": "CENTA", "reportedCurrency": "USD", "cik": "0000887733", "fillingDate": "2008-11-26", "acceptedDate": "2008-11-26 16:38:28", "calendarYear": "2008", "period": "FY", "revenue": 1705386000, "costOfRevenue": 1184058000, "grossProfit": 521328000, "grossProfitRatio": 0.3056950157, "researchAndDevelopmentExpenses": 0, "generalAndAdministrativeExpenses": 0, "sellingAndMarketingExpenses": 0, "sellingGeneralAndAdministrativeExpenses": 415978000, "otherExpenses": 0, "operatingExpenses": 845742000, "costAndExpenses": 2029800000, "interestIncome": 1053000, "interestExpense": 44712000, "depreciationAndAmortization": 32517000, "ebitda": 135751000, "ebitdaratio": 0.0796013337, "operatingIncome": 97015000, "operatingIncomeRatio": 0.0568874143, "totalOtherIncomeExpensesNet": -427648000, "incomeBeforeTax": -359571000, "incomeBeforeTaxRatio": -0.2108443484, "incomeTaxExpense": -93069000, "netIncome": -267335000, "netIncomeRatio": -0.1567592322, "eps": -3.76, "epsdiluted": -3.76, "weightedAverageShsOut": 71117000, "weightedAverageShsOutDil": 71117000, "link": "https://www.sec.gov/Archives/edgar/data/887733/000119312508244611/0001193125-08-244611-index.htm", "finalLink": "https://www.sec.gov/Archives/edgar/data/887733/000119312508244611/d10k.htm", "calculatedOtherExpenses": 8335000, "calculatedOperatingExpenses": 424313000, "calculatedNetInterest": -43659000, "calculatedOtherIncome": -412927000, "calculatedIncomeNonControlling": 833000, "calculatedEbitda": 129532000}, {"date": "2007-09-29", "symbol": "CENTA", "reportedCurrency": "USD", "cik": "0000887733", "fillingDate": "2007-11-28", "acceptedDate": "2007-11-28 15:37:03", "calendarYear": "2007", "period": "FY", "revenue": 1671145000, "costOfRevenue": 1136825000, "grossProfit": 534320000, "grossProfitRatio": 0.3197328778, "researchAndDevelopmentExpenses": 0, "generalAndAdministrativeExpenses": 0, "sellingAndMarketingExpenses": 0, "sellingGeneralAndAdministrativeExpenses": 434903000, "otherExpenses": 0, "operatingExpenses": 434903000, "costAndExpenses": 1571728000, "interestIncome": 1538000, "interestExpense": 32394000, "depreciationAndAmortization": 30717000, "ebitda": 127732000, "ebitdaratio": 0.0764338223, "operatingIncome": 133719000, "operatingIncomeRatio": 0.0800163959, "totalOtherIncomeExpensesNet": 2402000, "incomeBeforeTax": 53672000, "incomeBeforeTaxRatio": 0.0321169019, "incomeTaxExpense": 19999000, "netIncome": 32304000, "netIncomeRatio": 0.0193304591, "eps": 0.46, "epsdiluted": 0.45, "weightedAverageShsOut": 70824000, "weightedAverageShsOutDil": 72050000, "link": "https://www.sec.gov/Archives/edgar/data/887733/000119312507254894/0001193125-07-254894-index.htm", "finalLink": "https://www.sec.gov/Archives/edgar/data/887733/000119312507254894/d10k.htm", "calculatedOtherExpenses": -34302000, "calculatedOperatingExpenses": 400601000, "calculatedNetInterest": -30856000, "calculatedOtherIncome": -49191000, "calculatedIncomeNonControlling": 1369000, "calculatedEbitda": 164436000}, {"date": "2006-09-30", "symbol": "CENTA", "reportedCurrency": "USD", "cik": "0000887733", "fillingDate": "2006-12-14", "acceptedDate": "2006-12-14 15:42:50", "calendarYear": "2006", "period": "FY", "revenue": 1621531000, "costOfRevenue": 1086219000, "grossProfit": 535312000, "grossProfitRatio": 0.3301275153, "researchAndDevelopmentExpenses": 0, "generalAndAdministrativeExpenses": 0, "sellingAndMarketingExpenses": 0, "sellingGeneralAndAdministrativeExpenses": 398510000, "otherExpenses": 0, "operatingExpenses": 398510000, "costAndExpenses": 1484729000, "interestIncome": 3007000, "interestExpense": 11508000, "depreciationAndAmortization": 23957000, "ebitda": 157676000, "ebitdaratio": 0.0972389674, "operatingIncome": 95553000, "operatingIncomeRatio": 0.0589276431, "totalOtherIncomeExpensesNet": 3083000, "incomeBeforeTax": 102215000, "incomeBeforeTaxRatio": 0.063036106, "incomeTaxExpense": 35791000, "netIncome": 65534000, "netIncomeRatio": 0.0404148919, "eps": 0.97, "epsdiluted": 0.95, "weightedAverageShsOut": 67833000, "weightedAverageShsOutDil": 69054000, "link": "https://www.sec.gov/Archives/edgar/data/887733/000119312506253349/0001193125-06-253349-index.htm", "finalLink": "https://www.sec.gov/Archives/edgar/data/887733/000119312506253349/d10k.htm", "calculatedOtherExpenses": 41249000, "calculatedOperatingExpenses": 439759000, "calculatedNetInterest": -8501000, "calculatedOtherIncome": 15163000, "calculatedIncomeNonControlling": 890000, "calculatedEbitda": 119510000}, {"date": "2005-09-24", "symbol": "CENTA", "reportedCurrency": "USD", "cik": "0000887733", "fillingDate": "2005-12-08", "acceptedDate": "2005-12-08 15:05:27", "calendarYear": "2005", "period": "FY", "revenue": 1380644000, "costOfRevenue": 937989000, "grossProfit": 442655000, "grossProfitRatio": 0.3206148725, "researchAndDevelopmentExpenses": 0, "generalAndAdministrativeExpenses": 0, "sellingAndMarketingExpenses": 0, "sellingGeneralAndAdministrativeExpenses": 342526000, "otherExpenses": 0, "operatingExpenses": 342526000, "costAndExpenses": 1280515000, "interestIncome": 2465000, "interestExpense": 13707000, "depreciationAndAmortization": 20436000, "ebitda": 115989000, "ebitdaratio": 0.084010795, "operatingIncome": 80049000, "operatingIncomeRatio": 0.0579794647, "totalOtherIncomeExpensesNet": 4576000, "incomeBeforeTax": 84045000, "incomeBeforeTaxRatio": 0.0608737662, "incomeTaxExpense": 30258000, "netIncome": 53787000, "netIncomeRatio": 0.0389579066, "eps": 2.58, "epsdiluted": 2.5, "weightedAverageShsOut": 20813000, "weightedAverageShsOutDil": 21526000, "link": "https://www.sec.gov/Archives/edgar/data/887733/000119312505239086/0001193125-05-239086-index.htm", "finalLink": "https://www.sec.gov/Archives/edgar/data/887733/000119312505239086/d10k.htm", "calculatedOtherExpenses": 20080000, "calculatedOperatingExpenses": 362606000, "calculatedNetInterest": -11242000, "calculatedOtherIncome": 15238000, "calculatedIncomeNonControlling": 0, "calculatedEbitda": 100485000}, {"date": "2004-09-25", "symbol": "CENTA", "reportedCurrency": "USD", "cik": "0000887733", "fillingDate": "2004-12-09", "acceptedDate": "2004-12-09 16:06:46", "calendarYear": "2004", "period": "FY", "revenue": 1266526000, "costOfRevenue": 882227000, "grossProfit": 384299000, "grossProfitRatio": 0.3034276438, "researchAndDevelopmentExpenses": 0, "generalAndAdministrativeExpenses": 0, "sellingAndMarketingExpenses": 0, "sellingGeneralAndAdministrativeExpenses": 302227000, "otherExpenses": 0, "operatingExpenses": 302227000, "costAndExpenses": 1184454000, "interestIncome": 0, "interestExpense": 14158000, "depreciationAndAmortization": 18516000, "ebitda": 98565000, "ebitdaratio": 0.0778231161, "operatingIncome": 69819000, "operatingIncomeRatio": 0.0551263851, "totalOtherIncomeExpensesNet": 2023000, "incomeBeforeTax": 66342000, "incomeBeforeTaxRatio": 0.0523810802, "incomeTaxExpense": 24992000, "netIncome": 41350000, "netIncomeRatio": 0.0326483625, "eps": 0.66, "epsdiluted": 0.64, "weightedAverageShsOut": 62439000, "weightedAverageShsOutDil": 64578000, "link": "https://www.sec.gov/Archives/edgar/data/887733/000119312504210315/0001193125-04-210315-index.htm", "finalLink": "https://www.sec.gov/Archives/edgar/data/887733/000119312504210315/d10k.htm", "calculatedOtherExpenses": 12253000, "calculatedOperatingExpenses": 314480000, "calculatedNetInterest": -14158000, "calculatedOtherIncome": 10681000, "calculatedIncomeNonControlling": 0, "calculatedEbitda": 88335000}, {"date": "2003-09-27", "symbol": "CENTA", "reportedCurrency": "USD", "cik": "0000887733", "fillingDate": "2003-12-10", "acceptedDate": "2003-12-10 15:53:49", "calendarYear": "2003", "period": "FY", "revenue": 1145001000, "costOfRevenue": 811562000, "grossProfit": 333439000, "grossProfitRatio": 0.2912128461, "researchAndDevelopmentExpenses": 0, "generalAndAdministrativeExpenses": 0, "sellingAndMarketingExpenses": 0, "sellingGeneralAndAdministrativeExpenses": 261098000, "otherExpenses": 0, "operatingExpenses": 261098000, "costAndExpenses": 1072660000, "interestIncome": 545000, "interestExpense": 115749000, "depreciationAndAmortization": 17878000, "ebitda": 87697000, "ebitdaratio": 0.0765911995, "operatingIncome": 47216000, "operatingIncomeRatio": 0.0412366452, "totalOtherIncomeExpensesNet": 2522000, "incomeBeforeTax": 55661000, "incomeBeforeTaxRatio": 0.0486121846, "incomeTaxExpense": 21020000, "netIncome": 34641000, "netIncomeRatio": 0.030254122, "eps": 1.79, "epsdiluted": 1.73, "weightedAverageShsOut": 19327000, "weightedAverageShsOutDil": 20081000, "link": "https://www.sec.gov/Archives/edgar/data/887733/000119312503092114/0001193125-03-092114-index.htm", "finalLink": "https://www.sec.gov/Archives/edgar/data/887733/000119312503092114/d10k.htm", "calculatedOtherExpenses": 25125000, "calculatedOperatingExpenses": 286223000, "calculatedNetInterest": -115204000, "calculatedOtherIncome": 123649000, "calculatedIncomeNonControlling": 0, "calculatedEbitda": 65094000}, {"date": "2002-09-28", "symbol": "CENTA", "reportedCurrency": "USD", "cik": "0000887733", "fillingDate": "2002-12-12", "acceptedDate": "2002-12-12 16:14:51", "calendarYear": "2002", "period": "FY", "revenue": 1077780000, "costOfRevenue": 757437000, "grossProfit": 320343000, "grossProfitRatio": 0.2972248511, "researchAndDevelopmentExpenses": 0, "generalAndAdministrativeExpenses": 0, "sellingAndMarketingExpenses": 0, "sellingGeneralAndAdministrativeExpenses": 267579000, "otherExpenses": 0, "operatingExpenses": 267579000, "costAndExpenses": 1025016000, "interestIncome": 137000, "interestExpense": 19821000, "depreciationAndAmortization": 17616000, "ebitda": 64832000, "ebitdaratio": 0.060153278, "operatingIncome": 12431000, "operatingIncomeRatio": 0.0115338937, "totalOtherIncomeExpensesNet": 5548000, "incomeBeforeTax": 43704000, "incomeBeforeTaxRatio": 0.0405500195, "incomeTaxExpense": 15159000, "netIncome": -83692000, "netIncomeRatio": -0.077652211, "eps": -4.5, "epsdiluted": -3.64, "weightedAverageShsOut": 18581000, "weightedAverageShsOutDil": 23009000, "link": "https://www.sec.gov/Archives/edgar/data/887733/000102140802015127/0001021408-02-015127-index.htm", "finalLink": "https://www.sec.gov/Archives/edgar/data/887733/000102140802015127/d10k.htm", "calculatedOtherExpenses": 40333000, "calculatedOperatingExpenses": 307912000, "calculatedNetInterest": -19684000, "calculatedOtherIncome": 50957000, "calculatedIncomeNonControlling": 112237000, "calculatedEbitda": 30047000}, {"date": "2001-09-29", "symbol": "CENTA", "reportedCurrency": "USD", "cik": "0000887733", "fillingDate": "2001-12-21", "acceptedDate": "2001-12-21 00:00:00", "calendarYear": "2001", "period": "FY", "revenue": 1122999000, "costOfRevenue": 811186000, "grossProfit": 311813000, "grossProfitRatio": 0.2776609774, "researchAndDevelopmentExpenses": 0, "generalAndAdministrativeExpenses": 0, "sellingAndMarketingExpenses": 0, "sellingGeneralAndAdministrativeExpenses": 297751000, "otherExpenses": 26035000, "operatingExpenses": 297751000, "costAndExpenses": 1108937000, "interestIncome": 164000, "interestExpense": 74511000, "depreciationAndAmortization": 28362000, "ebitda": 40793000, "ebitdaratio": 0.0363250546, "operatingIncome": 67913000, "operatingIncomeRatio": 0.0604746754, "totalOtherIncomeExpensesNet": 1631000, "incomeBeforeTax": -7390000, "incomeBeforeTaxRatio": -0.0065805936, "incomeTaxExpense": -247000, "netIncome": -7143000, "netIncomeRatio": -0.0063606468, "eps": -0.39, "epsdiluted": -0.39, "weightedAverageShsOut": 18402000, "weightedAverageShsOutDil": 18402000, "link": "https://www.sec.gov/Archives/edgar/data/887733/000101706201500950/0001017062-01-500950-index.htm", "finalLink": "https://www.sec.gov/Archives/edgar/data/887733/000101706201500950/d10k.txt", "calculatedOtherExpenses": -53851000, "calculatedOperatingExpenses": 243900000, "calculatedNetInterest": -74347000, "calculatedOtherIncome": -956000, "calculatedIncomeNonControlling": 0, "calculatedEbitda": 96275000}, {"date": "2000-09-30", "symbol": "CENTA", "reportedCurrency": "USD", "cik": "0000887733", "fillingDate": "2000-12-29", "acceptedDate": "2000-12-29 00:00:00", "calendarYear": "2000", "period": "FY", "revenue": 1355151000, "costOfRevenue": 984071000, "grossProfit": 371080000, "grossProfitRatio": 0.2738292633, "researchAndDevelopmentExpenses": 0, "generalAndAdministrativeExpenses": 0, "sellingAndMarketingExpenses": 0, "sellingGeneralAndAdministrativeExpenses": 303112000, "otherExpenses": 20500000, "operatingExpenses": 329147000, "costAndExpenses": 1313218000, "interestIncome": 0, "interestExpense": 27300000, "depreciationAndAmortization": 26035000, "ebitda": 93948000, "ebitdaratio": 0.0693265916, "operatingIncome": 71000000, "operatingIncomeRatio": 0.0523926854, "totalOtherIncomeExpensesNet": -25980000, "incomeBeforeTax": -6598000, "incomeBeforeTaxRatio": -0.0048688301, "incomeTaxExpense": 5215000, "netIncome": -11813000, "netIncomeRatio": -0.0087171098, "eps": -0.63, "epsdiluted": -0.63, "weightedAverageShsOut": 18786000, "weightedAverageShsOutDil": 18786000, "link": "https://www.sec.gov/Archives/edgar/data/887733/000102140800004564/0001021408-00-004564-index.htm", "finalLink": "https://www.sec.gov/Archives/edgar/data/887733/000102140800004564/0001021408-00-004564-0001.txt", "calculatedOtherExpenses": -3032000, "calculatedOperatingExpenses": 300080000, "calculatedNetInterest": -27300000, "calculatedOtherIncome": -50298000, "calculatedIncomeNonControlling": 0, "calculatedEbitda": 97035000}, {"date": "1999-09-25", "symbol": "CENTA", "reportedCurrency": "USD", "cik": "0000887733", "fillingDate": "1999-12-23", "acceptedDate": "1999-12-23 00:00:00", "calendarYear": "1999", "period": "FY", "revenue": 1535600000, "costOfRevenue": 1162300000, "grossProfit": 373300000, "grossProfitRatio": 0.2430971607, "researchAndDevelopmentExpenses": 0, "generalAndAdministrativeExpenses": 0, "sellingAndMarketingExpenses": 0, "sellingGeneralAndAdministrativeExpenses": 289400000, "otherExpenses": 16100000, "operatingExpenses": 309900000, "costAndExpenses": 1472200000, "interestIncome": 0, "interestExpense": 29700000, "depreciationAndAmortization": 20500000, "ebitda": 91500000, "ebitdaratio": 0.0595858296, "operatingIncome": 87800000, "operatingIncomeRatio": 0.057176348, "totalOtherIncomeExpensesNet": -7600000, "incomeBeforeTax": 43700000, "incomeBeforeTaxRatio": 0.0284579318, "incomeTaxExpense": 19200000, "netIncome": 24500000, "netIncomeRatio": 0.0159546757, "eps": 0.9, "epsdiluted": 0.89, "weightedAverageShsOut": 27328000, "weightedAverageShsOutDil": 27437000, "link": "https://www.sec.gov/Archives/edgar/data/887733/000103221099001796/0001032210-99-001796-index.html", "finalLink": "https://www.sec.gov/Archives/edgar/data/887733/000103221099001796/", "calculatedOtherExpenses": -3900000, "calculatedOperatingExpenses": 285500000, "calculatedNetInterest": -29700000, "calculatedOtherIncome": -14400000, "calculatedIncomeNonControlling": 0, "calculatedEbitda": 108300000}, {"date": "1998-09-26", "symbol": "CENTA", "reportedCurrency": "USD", "cik": "0000887733", "fillingDate": "1998-12-24", "acceptedDate": "1998-12-24 00:00:00", "calendarYear": "1998", "period": "FY", "revenue": 1294900000, "costOfRevenue": 993000000, "grossProfit": 301900000, "grossProfitRatio": 0.2331454166, "researchAndDevelopmentExpenses": 0, "generalAndAdministrativeExpenses": 0, "sellingAndMarketingExpenses": 0, "sellingGeneralAndAdministrativeExpenses": 209000000, "otherExpenses": 5400000, "operatingExpenses": 225100000, "costAndExpenses": 1218100000, "interestIncome": 0, "interestExpense": 6500000, "depreciationAndAmortization": 16100000, "ebitda": 103900000, "ebitdaratio": 0.0802378562, "operatingIncome": 36900000, "operatingIncomeRatio": 0.028496409, "totalOtherIncomeExpensesNet": -11000000, "incomeBeforeTax": 58100000, "incomeBeforeTaxRatio": 0.0448683296, "incomeTaxExpense": 24400000, "netIncome": 33700000, "netIncomeRatio": 0.0260251757, "eps": 1.18, "epsdiluted": 1.02, "weightedAverageShsOut": 28502000, "weightedAverageShsOutDil": 33007000, "link": "https://www.sec.gov/Archives/edgar/data/887733/000092962498002093/0000929624-98-002093-index.html", "finalLink": "https://www.sec.gov/Archives/edgar/data/887733/", "calculatedOtherExpenses": 56000000, "calculatedOperatingExpenses": 265000000, "calculatedNetInterest": -6500000, "calculatedOtherIncome": 27700000, "calculatedIncomeNonControlling": 0, "calculatedEbitda": 53000000}, {"date": "1997-09-27", "symbol": "CENTA", "reportedCurrency": "USD", "cik": "0000887733", "fillingDate": "1997-11-10", "acceptedDate": "1997-11-10 00:00:00", "calendarYear": "1997", "period": "FY", "revenue": 841000000, "costOfRevenue": 689500000, "grossProfit": 151500000, "grossProfitRatio": 0.1801426873, "researchAndDevelopmentExpenses": 0, "generalAndAdministrativeExpenses": 0, "sellingAndMarketingExpenses": 0, "sellingGeneralAndAdministrativeExpenses": 109200000, "otherExpenses": 3100000, "operatingExpenses": 114600000, "costAndExpenses": 804100000, "interestIncome": 0, "interestExpense": 2100000, "depreciationAndAmortization": 5400000, "ebitda": 42300000, "ebitdaratio": 0.0502972652, "operatingIncome": 16500000, "operatingIncomeRatio": 0.0196195006, "totalOtherIncomeExpensesNet": 1000000, "incomeBeforeTax": 30400000, "incomeBeforeTaxRatio": 0.0361474435, "incomeTaxExpense": 12800000, "netIncome": 17600000, "netIncomeRatio": 0.0209274673, "eps": 1.11, "epsdiluted": 1.07, "weightedAverageShsOut": 15855856, "weightedAverageShsOutDil": 16448598, "link": "https://www.sec.gov/Archives/edgar/data/887733/000092962497001352/0000929624-97-001352-index.html", "finalLink": "https://www.sec.gov/Archives/edgar/data/887733/", "calculatedOtherExpenses": 25800000, "calculatedOperatingExpenses": 135000000, "calculatedNetInterest": -2100000, "calculatedOtherIncome": 16000000, "calculatedIncomeNonControlling": 0, "calculatedEbitda": 21900000}, {"date": "1996-09-28", "symbol": "CENTA", "reportedCurrency": "USD", "cik": "0000887733", "fillingDate": "1996-12-16", "acceptedDate": "1996-12-16 00:00:00", "calendarYear": "1996", "period": "FY", "revenue": 619600000, "costOfRevenue": 532100000, "grossProfit": 87500000, "grossProfitRatio": 0.141220142, "researchAndDevelopmentExpenses": 0, "generalAndAdministrativeExpenses": 0, "sellingAndMarketingExpenses": 0, "sellingGeneralAndAdministrativeExpenses": 66900000, "otherExpenses": 2500000, "operatingExpenses": 70000000, "costAndExpenses": 602100000, "interestIncome": 0, "interestExpense": 7400000, "depreciationAndAmortization": 3100000, "ebitda": 19600000, "ebitdaratio": 0.0316333118, "operatingIncome": 9700000, "operatingIncomeRatio": 0.0156552615, "totalOtherIncomeExpensesNet": 1000000, "incomeBeforeTax": 14400000, "incomeBeforeTaxRatio": 0.0232408005, "incomeTaxExpense": 6000000, "netIncome": 8400000, "netIncomeRatio": 0.0135571336, "eps": 1.42, "epsdiluted": 1.42, "weightedAverageShsOut": 5897436, "weightedAverageShsOutDil": 5897436, "link": "https://www.sec.gov/Archives/edgar/data/887733/000089843096005748/0000898430-96-005748-index.html", "finalLink": "https://www.sec.gov/Archives/edgar/data/887733/", "calculatedOtherExpenses": 10900000, "calculatedOperatingExpenses": 77800000, "calculatedNetInterest": -7400000, "calculatedOtherIncome": 12100000, "calculatedIncomeNonControlling": 0, "calculatedEbitda": 12800000}, {"date": "1995-09-30", "symbol": "CENTA", "reportedCurrency": "USD", "cik": "0000887733", "fillingDate": "1995-09-30", "acceptedDate": "1995-09-30 00:00:00", "calendarYear": "1995", "period": "FY", "revenue": 373800000, "costOfRevenue": 315000000, "grossProfit": 58800000, "grossProfitRatio": 0.1573033708, "researchAndDevelopmentExpenses": 0, "generalAndAdministrativeExpenses": 0, "sellingAndMarketingExpenses": 0, "sellingGeneralAndAdministrativeExpenses": 48100000, "otherExpenses": 1800000, "operatingExpenses": 49900000, "costAndExpenses": 364900000, "interestIncome": 0, "interestExpense": 7900000, "depreciationAndAmortization": 1800000, "ebitda": 11700000, "ebitdaratio": 0.0313001605, "operatingIncome": 9900000, "operatingIncomeRatio": 0.0264847512, "totalOtherIncomeExpensesNet": -1000000, "incomeBeforeTax": 2000000, "incomeBeforeTaxRatio": 0.0053504548, "incomeTaxExpense": 900000, "netIncome": 1100000, "netIncomeRatio": 0.0029427501, "eps": 0.19, "epsdiluted": 0.18, "weightedAverageShsOut": 5789474, "weightedAverageShsOutDil": 6111111, "link": null, "finalLink": null, "calculatedOtherExpenses": 800000, "calculatedOperatingExpenses": 48900000, "calculatedNetInterest": -7900000, "calculatedOtherIncome": 0, "calculatedIncomeNonControlling": 0, "calculatedEbitda": 11700000}, {"date": "1994-12-31", "symbol": "CENTA", "reportedCurrency": "USD", "cik": "0000887733", "fillingDate": "1993-12-31", "acceptedDate": "1993-12-31 00:00:00", "calendarYear": "1994", "period": "FY", "revenue": 334700000, "costOfRevenue": 276100000, "grossProfit": 58600000, "grossProfitRatio": 0.1750821631, "researchAndDevelopmentExpenses": 0, "generalAndAdministrativeExpenses": 0, "sellingAndMarketingExpenses": 0, "sellingGeneralAndAdministrativeExpenses": 44700000, "otherExpenses": 2600000, "operatingExpenses": 47300000, "costAndExpenses": 323400000, "interestIncome": 0, "interestExpense": 5600000, "depreciationAndAmortization": 2600000, "ebitda": 14800000, "ebitdaratio": 0.0442187033, "operatingIncome": 12200000, "operatingIncomeRatio": 0.0364505527, "totalOtherIncomeExpensesNet": -900000, "incomeBeforeTax": 6600000, "incomeBeforeTaxRatio": 0.0197191515, "incomeTaxExpense": 2600000, "netIncome": 4000000, "netIncomeRatio": 0.0119510009, "eps": 0.83, "epsdiluted": 0.83, "weightedAverageShsOut": 4819277, "weightedAverageShsOutDil": 4819277, "link": null, "finalLink": null, "calculatedOtherExpenses": 1700000, "calculatedOperatingExpenses": 46400000, "calculatedNetInterest": -5600000, "calculatedOtherIncome": 0, "calculatedIncomeNonControlling": 0, "calculatedEbitda": 14800000}, {"date": "1992-12-31", "symbol": "CENTA", "reportedCurrency": "USD", "cik": "0000887733", "fillingDate": "1992-12-31", "acceptedDate": "1992-12-31 00:00:00", "calendarYear": "1993", "period": "FY", "revenue": 321700000, "costOfRevenue": 269300000, "grossProfit": 52400000, "grossProfitRatio": 0.1628846752, "researchAndDevelopmentExpenses": 0, "generalAndAdministrativeExpenses": 0, "sellingAndMarketingExpenses": 0, "sellingGeneralAndAdministrativeExpenses": 41900000, "otherExpenses": 1700000, "operatingExpenses": 43600000, "costAndExpenses": 312900000, "interestIncome": 0, "interestExpense": 5800000, "depreciationAndAmortization": 1700000, "ebitda": 11200000, "ebitdaratio": 0.0348150451, "operatingIncome": 9500000, "operatingIncomeRatio": 0.0295306186, "totalOtherIncomeExpensesNet": -700000, "incomeBeforeTax": 3700000, "incomeBeforeTaxRatio": 0.0115013988, "incomeTaxExpense": 1600000, "netIncome": 2100000, "netIncomeRatio": 0.006527821, "eps": 0.6, "epsdiluted": 0.6, "weightedAverageShsOut": 3500000, "weightedAverageShsOutDil": 3500000, "link": null, "finalLink": null, "calculatedOtherExpenses": 1000000, "calculatedOperatingExpenses": 42900000, "calculatedNetInterest": -5800000, "calculatedOtherIncome": 0, "calculatedIncomeNonControlling": 0, "calculatedEbitda": 11200000}]}