{"originalCurrency": "USD", "convertedCurrency": "USD", "report": [{"date": "2023-12-31", "symbol": "CET", "reportedCurrency": "USD", "cik": "0000018748", "fillingDate": "2023-12-31", "acceptedDate": "2023-12-30 19:00:00", "calendarYear": "2023", "period": "FY", "revenue": 230444389, "costOfRevenue": 4804723, "grossProfit": 225639666, "grossProfitRatio": 0.9791501845, "researchAndDevelopmentExpenses": 0, "generalAndAdministrativeExpenses": 6633479, "sellingAndMarketingExpenses": 0, "sellingGeneralAndAdministrativeExpenses": 6633479, "otherExpenses": 171073241, "operatingExpenses": 6808671, "costAndExpenses": 6808671, "interestIncome": 3859707, "interestExpense": 0, "depreciationAndAmortization": 71367, "ebitda": 223707085, "ebitdaratio": 0.9707638618, "operatingIncome": 223635718, "operatingIncomeRatio": 0.9704541689, "totalOtherIncomeExpensesNet": 8, "incomeBeforeTax": 223635718, "incomeBeforeTaxRatio": 0.9704541689, "incomeTaxExpense": 8, "netIncome": 223635718, "netIncomeRatio": 0.9704541689, "eps": 7.88, "epsdiluted": 7.88, "weightedAverageShsOut": 28387828, "weightedAverageShsOutDil": 28387828, "link": null, "finalLink": null, "calculatedOtherExpenses": -4629531, "calculatedOperatingExpenses": 2003948, "calculatedNetInterest": 3859707, "calculatedOtherIncome": -3859707, "calculatedIncomeNonControlling": -8, "calculatedEbitda": 223707085}, {"date": "2022-12-31", "symbol": "CET", "reportedCurrency": "USD", "cik": "0000018748", "fillingDate": "2022-12-31", "acceptedDate": "2022-12-30 19:00:00", "calendarYear": "2022", "period": "FY", "revenue": -152648202, "costOfRevenue": 4632756, "grossProfit": -157280958, "grossProfitRatio": 1.030349234, "researchAndDevelopmentExpenses": 0, "generalAndAdministrativeExpenses": 5821048, "sellingAndMarketingExpenses": 0, "sellingGeneralAndAdministrativeExpenses": 5821048, "otherExpenses": 201468, "operatingExpenses": 6022516, "costAndExpenses": 6022516, "interestIncome": 905872, "interestExpense": 0, "depreciationAndAmortization": 7392, "ebitda": -158663326, "ebitdaratio": 1.0394051415, "operatingIncome": -158670718, "operatingIncomeRatio": 1.0394535666, "totalOtherIncomeExpensesNet": 2, "incomeBeforeTax": -158670718, "incomeBeforeTaxRatio": 1.0394535666, "incomeTaxExpense": 2, "netIncome": -158670718, "netIncomeRatio": 1.0394535666, "eps": -5.81, "epsdiluted": -5.81, "weightedAverageShsOut": 27309934, "weightedAverageShsOutDil": 27309934, "link": "", "finalLink": "", "calculatedOtherExpenses": -4431288, "calculatedOperatingExpenses": 1389760, "calculatedNetInterest": 905872, "calculatedOtherIncome": -905872, "calculatedIncomeNonControlling": -2, "calculatedEbitda": -158663326}, {"date": "2021-12-31", "symbol": "CET", "reportedCurrency": "USD", "cik": "0000018748", "fillingDate": "2021-12-31", "acceptedDate": "2021-12-31 00:00:00", "calendarYear": "2021", "period": "FY", "revenue": 360307942, "costOfRevenue": 5570918, "grossProfit": 354737024, "grossProfitRatio": 0.9845384535, "researchAndDevelopmentExpenses": 0, "generalAndAdministrativeExpenses": 6528118, "sellingAndMarketingExpenses": 0, "sellingGeneralAndAdministrativeExpenses": 6528118, "otherExpenses": 203127, "operatingExpenses": 6731245, "costAndExpenses": 6731245, "interestIncome": 5595, "interestExpense": 0, "depreciationAndAmortization": 7231, "ebitda": 353583928, "ebitdaratio": 0.9813381466, "operatingIncome": 353576697, "operatingIncomeRatio": 0.9813180776, "totalOtherIncomeExpensesNet": 7, "incomeBeforeTax": 353576697, "incomeBeforeTaxRatio": 0.9813180776, "incomeTaxExpense": 7, "netIncome": 353576697, "netIncomeRatio": 0.9813180776, "eps": 13.47, "epsdiluted": 12.97, "weightedAverageShsOut": 26249197, "weightedAverageShsOutDil": 27266384, "link": null, "finalLink": null, "calculatedOtherExpenses": -5367791, "calculatedOperatingExpenses": 1160327, "calculatedNetInterest": 5595, "calculatedOtherIncome": -5595, "calculatedIncomeNonControlling": -7, "calculatedEbitda": 353583928}, {"date": "2020-12-31", "symbol": "CET", "reportedCurrency": "USD", "cik": "0000018748", "fillingDate": "2020-12-31", "acceptedDate": "2020-12-31 00:00:00", "calendarYear": "2020", "period": "FY", "revenue": 79894571, "costOfRevenue": 4689536, "grossProfit": 75205035, "grossProfitRatio": 0.941303446, "researchAndDevelopmentExpenses": 0, "generalAndAdministrativeExpenses": 5976122, "sellingAndMarketingExpenses": 0, "sellingGeneralAndAdministrativeExpenses": 5976122, "otherExpenses": 202747, "operatingExpenses": 6178869, "costAndExpenses": 6178869, "interestIncome": 199056, "interestExpense": 0, "depreciationAndAmortization": 7317, "ebitda": 73723019, "ebitdaratio": 0.9227538001, "operatingIncome": 73715702, "operatingIncomeRatio": 0.9226622169, "totalOtherIncomeExpensesNet": 2, "incomeBeforeTax": 73715702, "incomeBeforeTaxRatio": 0.9226622169, "incomeTaxExpense": 2, "netIncome": 73715702, "netIncomeRatio": 0.9226622169, "eps": 2.81, "epsdiluted": 2.81, "weightedAverageShsOut": 26240403, "weightedAverageShsOutDil": 26240403, "link": null, "finalLink": null, "calculatedOtherExpenses": -4486789, "calculatedOperatingExpenses": 1489333, "calculatedNetInterest": 199056, "calculatedOtherIncome": -199056, "calculatedIncomeNonControlling": -2, "calculatedEbitda": 73723019}, {"date": "2019-12-31", "symbol": "CET", "reportedCurrency": "USD", "cik": "0000018748", "fillingDate": "2019-12-31", "acceptedDate": "2019-12-31 00:00:00", "calendarYear": "2019", "period": "FY", "revenue": 256964394, "costOfRevenue": 4568062, "grossProfit": 252396332, "grossProfitRatio": 0.9822229768, "researchAndDevelopmentExpenses": 0, "generalAndAdministrativeExpenses": 5768724, "sellingAndMarketingExpenses": 0, "sellingGeneralAndAdministrativeExpenses": 5768724, "otherExpenses": 182206, "operatingExpenses": 5950930, "costAndExpenses": 5950930, "interestIncome": 829963, "interestExpense": 0, "depreciationAndAmortization": 3733, "ebitda": 251017197, "ebitdaratio": 0.9768559492, "operatingIncome": 251013464, "operatingIncomeRatio": 0.9768414219, "totalOtherIncomeExpensesNet": 4, "incomeBeforeTax": 251013464, "incomeBeforeTaxRatio": 0.9768414219, "incomeTaxExpense": 4, "netIncome": 251013464, "netIncomeRatio": 0.9768414219, "eps": 9.7, "epsdiluted": 9.7, "weightedAverageShsOut": 25889242, "weightedAverageShsOutDil": 25889242, "link": null, "finalLink": null, "calculatedOtherExpenses": -4385856, "calculatedOperatingExpenses": 1382868, "calculatedNetInterest": 829963, "calculatedOtherIncome": -829963, "calculatedIncomeNonControlling": -4, "calculatedEbitda": 251017197}, {"date": "2018-12-31", "symbol": "CET", "reportedCurrency": "USD", "cik": "0000018748", "fillingDate": "2018-12-31", "acceptedDate": "2018-12-30 19:00:00", "calendarYear": "2018", "period": "FY", "revenue": -28486025, "costOfRevenue": 4437095, "grossProfit": -32923120, "grossProfitRatio": 1.1557639228, "researchAndDevelopmentExpenses": 0, "generalAndAdministrativeExpenses": 5610145, "sellingAndMarketingExpenses": 0, "sellingGeneralAndAdministrativeExpenses": 5610145, "otherExpenses": 182929, "operatingExpenses": 5793074, "costAndExpenses": 5793074, "interestIncome": 785436, "interestExpense": 0, "depreciationAndAmortization": 4402, "ebitda": -34274697, "ebitdaratio": 1.2032109429, "operatingIncome": -34279099, "operatingIncomeRatio": 1.2033654748, "totalOtherIncomeExpensesNet": 1, "incomeBeforeTax": -34279099, "incomeBeforeTaxRatio": 1.2033654748, "incomeTaxExpense": 1, "netIncome": -34279099, "netIncomeRatio": 1.2033654748, "eps": -1.37, "epsdiluted": -1.37, "weightedAverageShsOut": 25021240, "weightedAverageShsOutDil": 25021240, "link": "", "finalLink": "", "calculatedOtherExpenses": -4254166, "calculatedOperatingExpenses": 1355979, "calculatedNetInterest": 785436, "calculatedOtherIncome": -785436, "calculatedIncomeNonControlling": -1, "calculatedEbitda": -34274697}, {"date": "2017-12-31", "symbol": "CET", "reportedCurrency": "USD", "cik": "0000018748", "fillingDate": "2017-12-31", "acceptedDate": "2017-12-30 19:00:00", "calendarYear": "2017", "period": "FY", "revenue": 174847100, "costOfRevenue": 4253462, "grossProfit": 170593638, "grossProfitRatio": 0.9756732482, "researchAndDevelopmentExpenses": 0, "generalAndAdministrativeExpenses": 5493283, "sellingAndMarketingExpenses": 0, "sellingGeneralAndAdministrativeExpenses": 5493283, "otherExpenses": 147266, "operatingExpenses": 5640549, "costAndExpenses": 5640549, "interestIncome": 419766, "interestExpense": 0, "depreciationAndAmortization": 6308, "ebitda": 169212859, "ebitdaratio": 0.9677761827, "operatingIncome": 169206551, "operatingIncomeRatio": 0.9677401055, "totalOtherIncomeExpensesNet": 1, "incomeBeforeTax": 169206551, "incomeBeforeTaxRatio": 0.9677401055, "incomeTaxExpense": 1, "netIncome": 169206551, "netIncomeRatio": 0.9677401055, "eps": 6.8, "epsdiluted": 6.8, "weightedAverageShsOut": 24883316, "weightedAverageShsOutDil": 24883316, "link": "", "finalLink": "", "calculatedOtherExpenses": -4106196, "calculatedOperatingExpenses": 1387087, "calculatedNetInterest": 419766, "calculatedOtherIncome": -419766, "calculatedIncomeNonControlling": -1, "calculatedEbitda": 169212859}, {"date": "2016-12-31", "symbol": "CET", "reportedCurrency": "USD", "cik": "0000018748", "fillingDate": "2016-12-31", "acceptedDate": "2016-12-30 19:00:00", "calendarYear": "2016", "period": "FY", "revenue": 118039041, "costOfRevenue": 4139552, "grossProfit": 113899489, "grossProfitRatio": 0.9649306537, "researchAndDevelopmentExpenses": 0, "generalAndAdministrativeExpenses": 5247882, "sellingAndMarketingExpenses": 0, "sellingGeneralAndAdministrativeExpenses": 5247882, "otherExpenses": 155986, "operatingExpenses": 5403868, "costAndExpenses": 5403868, "interestIncome": 119263, "interestExpense": 0, "depreciationAndAmortization": 8896, "ebitda": 112644069, "ebitdaratio": 0.9542950201, "operatingIncome": 112635173, "operatingIncomeRatio": 0.9542196552, "totalOtherIncomeExpensesNet": 3, "incomeBeforeTax": 112635173, "incomeBeforeTaxRatio": 0.9542196552, "incomeTaxExpense": 3, "netIncome": 112635173, "netIncomeRatio": 0.9542196552, "eps": 4.6, "epsdiluted": 4.6, "weightedAverageShsOut": 24485907, "weightedAverageShsOutDil": 24485907, "link": "", "finalLink": "", "calculatedOtherExpenses": -3983566, "calculatedOperatingExpenses": 1264316, "calculatedNetInterest": 119263, "calculatedOtherIncome": -119263, "calculatedIncomeNonControlling": -3, "calculatedEbitda": 112644069}, {"date": "2015-12-31", "symbol": "CET", "reportedCurrency": "USD", "cik": "0000018748", "fillingDate": "2015-12-31", "acceptedDate": "2015-12-30 19:00:00", "calendarYear": "2015", "period": "FY", "revenue": -12606865, "costOfRevenue": 3163244, "grossProfit": -15770109, "grossProfitRatio": 1.2509144026, "researchAndDevelopmentExpenses": 0, "generalAndAdministrativeExpenses": 4274353, "sellingAndMarketingExpenses": 0, "sellingGeneralAndAdministrativeExpenses": 4274353, "otherExpenses": 159520, "operatingExpenses": 4433873, "costAndExpenses": 4433873, "interestIncome": 19582, "interestExpense": 0, "depreciationAndAmortization": 10663, "ebitda": -17030075, "ebitdaratio": 1.3508572512, "operatingIncome": -17040738, "operatingIncomeRatio": 1.3517030602, "totalOtherIncomeExpensesNet": 0, "incomeBeforeTax": -17040738, "incomeBeforeTaxRatio": 1.3517030602, "incomeTaxExpense": 0, "netIncome": -17040738, "netIncomeRatio": 1.3517030602, "eps": -0.69, "epsdiluted": -0.69, "weightedAverageShsOut": 24696722, "weightedAverageShsOutDil": 24696722, "link": "", "finalLink": "", "calculatedOtherExpenses": -3003724, "calculatedOperatingExpenses": 1270629, "calculatedNetInterest": 19582, "calculatedOtherIncome": -19582, "calculatedIncomeNonControlling": 0, "calculatedEbitda": -17030075}, {"date": "2014-12-31", "symbol": "CET", "reportedCurrency": "USD", "cik": "0000018748", "fillingDate": "2014-12-31", "acceptedDate": "2014-12-30 19:00:00", "calendarYear": "2014", "period": "FY", "revenue": 34502742, "costOfRevenue": 0, "grossProfit": 34502742, "grossProfitRatio": 1, "researchAndDevelopmentExpenses": 0, "generalAndAdministrativeExpenses": 4219726, "sellingAndMarketingExpenses": 0, "sellingGeneralAndAdministrativeExpenses": 4219726, "otherExpenses": 156196, "operatingExpenses": 4375922, "costAndExpenses": 4375922, "interestIncome": 14105, "interestExpense": 0, "depreciationAndAmortization": 29337, "ebitda": 30156157, "ebitdaratio": 0.8740220415, "operatingIncome": 30126820, "operatingIncomeRatio": 0.8731717612, "totalOtherIncomeExpensesNet": 0, "incomeBeforeTax": 30126820, "incomeBeforeTaxRatio": 0.8731717612, "incomeTaxExpense": 0, "netIncome": 30126820, "netIncomeRatio": 0.8731717612, "eps": 1.15, "epsdiluted": 1.15, "weightedAverageShsOut": 26197235, "weightedAverageShsOutDil": 26197235, "link": "", "finalLink": "", "calculatedOtherExpenses": 156196, "calculatedOperatingExpenses": 4375922, "calculatedNetInterest": 14105, "calculatedOtherIncome": -14105, "calculatedIncomeNonControlling": 0, "calculatedEbitda": 30156157}, {"date": "2013-12-31", "symbol": "CET", "reportedCurrency": "USD", "cik": "0000018748", "fillingDate": "2013-12-31", "acceptedDate": "2013-12-30 19:00:00", "calendarYear": "2013", "period": "FY", "revenue": 147857864, "costOfRevenue": 0, "grossProfit": 147857864, "grossProfitRatio": 1, "researchAndDevelopmentExpenses": 0, "generalAndAdministrativeExpenses": 4545545, "sellingAndMarketingExpenses": 0, "sellingGeneralAndAdministrativeExpenses": 4545545, "otherExpenses": 144169, "operatingExpenses": 4689714, "costAndExpenses": 4689714, "interestIncome": 10790, "interestExpense": 0, "depreciationAndAmortization": 47671, "ebitda": 143215821, "ebitdaratio": 0.9686046932, "operatingIncome": 143168150, "operatingIncomeRatio": 0.9682822822, "totalOtherIncomeExpensesNet": 0, "incomeBeforeTax": 143168150, "incomeBeforeTaxRatio": 0.9682822822, "incomeTaxExpense": 0, "netIncome": 143168150, "netIncomeRatio": 0.9682822822, "eps": 5.95, "epsdiluted": 5.95, "weightedAverageShsOut": 24061874, "weightedAverageShsOutDil": 24061874, "link": "", "finalLink": "", "calculatedOtherExpenses": 144169, "calculatedOperatingExpenses": 4689714, "calculatedNetInterest": 10790, "calculatedOtherIncome": -10790, "calculatedIncomeNonControlling": 0, "calculatedEbitda": 143215821}, {"date": "2012-12-31", "symbol": "CET", "reportedCurrency": "USD", "cik": "0000018748", "fillingDate": "2012-12-31", "acceptedDate": "2012-12-30 19:00:00", "calendarYear": "2012", "period": "FY", "revenue": 17447218, "costOfRevenue": 0, "grossProfit": 17447218, "grossProfitRatio": 1, "researchAndDevelopmentExpenses": 0, "generalAndAdministrativeExpenses": 4344822, "sellingAndMarketingExpenses": 0, "sellingGeneralAndAdministrativeExpenses": 4344822, "otherExpenses": 163028, "operatingExpenses": 4507850, "costAndExpenses": 4507850, "interestIncome": 0, "interestExpense": 0, "depreciationAndAmortization": 46688, "ebitda": 12986056, "ebitdaratio": 0.7443052526, "operatingIncome": 12939368, "operatingIncomeRatio": 0.7416292959, "totalOtherIncomeExpensesNet": 0, "incomeBeforeTax": 12939368, "incomeBeforeTaxRatio": 0.7416292959, "incomeTaxExpense": 0, "netIncome": 12939368, "netIncomeRatio": 0.7416292959, "eps": 0.51, "epsdiluted": 0.51, "weightedAverageShsOut": 25371310, "weightedAverageShsOutDil": 25371310, "link": "", "finalLink": "", "calculatedOtherExpenses": 163028, "calculatedOperatingExpenses": 4507850, "calculatedNetInterest": 0, "calculatedOtherIncome": 0, "calculatedIncomeNonControlling": 0, "calculatedEbitda": 12986056}, {"date": "2011-12-31", "symbol": "CET", "reportedCurrency": "USD", "cik": "0000018748", "fillingDate": "2011-12-31", "acceptedDate": "2011-12-30 19:00:00", "calendarYear": "2011", "period": "FY", "revenue": 3046797, "costOfRevenue": 0, "grossProfit": 3046797, "grossProfitRatio": 1, "researchAndDevelopmentExpenses": 0, "generalAndAdministrativeExpenses": 3634731, "sellingAndMarketingExpenses": 0, "sellingGeneralAndAdministrativeExpenses": 3634731, "otherExpenses": 655223, "operatingExpenses": 4289954, "costAndExpenses": 4289954, "interestIncome": 0, "interestExpense": 0, "depreciationAndAmortization": 46517, "ebitda": -1196640, "ebitdaratio": -0.3927534391, "operatingIncome": -1243157, "operatingIncomeRatio": -0.4080209479, "totalOtherIncomeExpensesNet": 0, "incomeBeforeTax": -1243157, "incomeBeforeTaxRatio": -0.4080209479, "incomeTaxExpense": 0, "netIncome": -1243157, "netIncomeRatio": -0.4080209479, "eps": -0.054, "epsdiluted": -0.054, "weightedAverageShsOut": 23005136, "weightedAverageShsOutDil": 23005136, "link": "", "finalLink": "", "calculatedOtherExpenses": 655223, "calculatedOperatingExpenses": 4289954, "calculatedNetInterest": 0, "calculatedOtherIncome": 0, "calculatedIncomeNonControlling": 0, "calculatedEbitda": -1196640}, {"date": "2010-12-31", "symbol": "CET", "reportedCurrency": "USD", "cik": "0000018748", "fillingDate": "2010-12-31", "acceptedDate": "2010-12-30 19:00:00", "calendarYear": "2010", "period": "FY", "revenue": 109471700, "costOfRevenue": 0, "grossProfit": 109471700, "grossProfitRatio": 1, "researchAndDevelopmentExpenses": 0, "generalAndAdministrativeExpenses": 3498822, "sellingAndMarketingExpenses": 0, "sellingGeneralAndAdministrativeExpenses": 3498822, "otherExpenses": 667071, "operatingExpenses": 4165893, "costAndExpenses": 4165893, "interestIncome": 4447, "interestExpense": 0, "depreciationAndAmortization": 47514, "ebitda": 105353321, "ebitdaratio": 0.96237951, "operatingIncome": 105305807, "operatingIncomeRatio": 0.96194548, "totalOtherIncomeExpensesNet": 0, "incomeBeforeTax": 105305807, "incomeBeforeTaxRatio": 0.96194548, "incomeTaxExpense": 0, "netIncome": 105305807, "netIncomeRatio": 0.96194548, "eps": 4.62, "epsdiluted": 4.62, "weightedAverageShsOut": 22779391, "weightedAverageShsOutDil": 22779391, "link": "", "finalLink": "", "calculatedOtherExpenses": 667071, "calculatedOperatingExpenses": 4165893, "calculatedNetInterest": 4447, "calculatedOtherIncome": -4447, "calculatedIncomeNonControlling": 0, "calculatedEbitda": 105353321}, {"date": "2009-12-31", "symbol": "CET", "reportedCurrency": "USD", "cik": "0000018748", "fillingDate": "2009-12-31", "acceptedDate": "2009-12-30 19:00:00", "calendarYear": "2009", "period": "FY", "revenue": 10260000, "costOfRevenue": 0, "grossProfit": 10260000, "grossProfitRatio": 1, "researchAndDevelopmentExpenses": 0, "generalAndAdministrativeExpenses": 3510000, "sellingAndMarketingExpenses": 0, "sellingGeneralAndAdministrativeExpenses": 3510000, "otherExpenses": 370000, "operatingExpenses": 3880000, "costAndExpenses": 3880000, "interestIncome": 0, "interestExpense": 7660000, "depreciationAndAmortization": 100000, "ebitda": 124310000, "ebitdaratio": 12.1159844055, "operatingIncome": 6380000, "operatingIncomeRatio": 0.6218323587, "totalOtherIncomeExpensesNet": 110170000, "incomeBeforeTax": 116550000, "incomeBeforeTaxRatio": 11.3596491228, "incomeTaxExpense": 117830000, "netIncome": 116550000, "netIncomeRatio": 11.3596491228, "eps": 5.16, "epsdiluted": 5.16, "weightedAverageShsOut": 22590000, "weightedAverageShsOutDil": 22590000, "link": "", "finalLink": "", "calculatedOtherExpenses": 370000, "calculatedOperatingExpenses": 3880000, "calculatedNetInterest": -7660000, "calculatedOtherIncome": 117830000, "calculatedIncomeNonControlling": -117830000, "calculatedEbitda": 6480000}, {"date": "2008-12-31", "symbol": "CET", "reportedCurrency": "USD", "cik": "0000018748", "fillingDate": "2008-12-31", "acceptedDate": "2008-12-30 19:00:00", "calendarYear": "2008", "period": "FY", "revenue": 12050000, "costOfRevenue": 0, "grossProfit": 12050000, "grossProfitRatio": 1, "researchAndDevelopmentExpenses": 0, "generalAndAdministrativeExpenses": 3440000, "sellingAndMarketingExpenses": 0, "sellingGeneralAndAdministrativeExpenses": 3440000, "otherExpenses": 360000, "operatingExpenses": 3800000, "costAndExpenses": 3800000, "interestIncome": 0, "interestExpense": 43580000, "depreciationAndAmortization": 100000, "ebitda": -166280000, "ebitdaratio": -13.7991701245, "operatingIncome": 8250000, "operatingIncomeRatio": 0.6846473029, "totalOtherIncomeExpensesNet": -218210000, "incomeBeforeTax": -209960000, "incomeBeforeTaxRatio": -17.42406639, "incomeTaxExpense": -174630000, "netIncome": -209960000, "netIncomeRatio": -17.42406639, "eps": -9.4, "epsdiluted": -9.4, "weightedAverageShsOut": 22330000, "weightedAverageShsOutDil": 22330000, "link": "", "finalLink": "", "calculatedOtherExpenses": 360000, "calculatedOperatingExpenses": 3800000, "calculatedNetInterest": -43580000, "calculatedOtherIncome": -174630000, "calculatedIncomeNonControlling": 174630000, "calculatedEbitda": 8350000}, {"date": "2007-12-31", "symbol": "CET", "reportedCurrency": "USD", "cik": "0000018748", "fillingDate": "2007-12-31", "acceptedDate": "2007-12-30 19:00:00", "calendarYear": "2007", "period": "FY", "revenue": 11640000, "costOfRevenue": 0, "grossProfit": 11640000, "grossProfitRatio": 1, "researchAndDevelopmentExpenses": 0, "generalAndAdministrativeExpenses": 3570000, "sellingAndMarketingExpenses": 0, "sellingGeneralAndAdministrativeExpenses": 3570000, "otherExpenses": 260000, "operatingExpenses": 3830000, "costAndExpenses": 3830000, "interestIncome": 0, "interestExpense": 42120000, "depreciationAndAmortization": 100000, "ebitda": 96790000, "ebitdaratio": 8.3152920962, "operatingIncome": 7820000, "operatingIncomeRatio": 0.6718213058, "totalOtherIncomeExpensesNet": 46750000, "incomeBeforeTax": 54570000, "incomeBeforeTaxRatio": 4.6881443299, "incomeTaxExpense": 88870000, "netIncome": 54570000, "netIncomeRatio": 4.6881443299, "eps": 2.55, "epsdiluted": 2.55, "weightedAverageShsOut": 21390000, "weightedAverageShsOutDil": 21390000, "link": "", "finalLink": "", "calculatedOtherExpenses": 250000, "calculatedOperatingExpenses": 3820000, "calculatedNetInterest": -42120000, "calculatedOtherIncome": 88870000, "calculatedIncomeNonControlling": -88870000, "calculatedEbitda": 7920000}, {"date": "2006-12-31", "symbol": "CET", "reportedCurrency": "USD", "cik": "0000018748", "fillingDate": "2006-12-31", "acceptedDate": "2006-12-30 19:00:00", "calendarYear": "2006", "period": "FY", "revenue": 10410000, "costOfRevenue": 0, "grossProfit": 10410000, "grossProfitRatio": 1, "researchAndDevelopmentExpenses": 0, "generalAndAdministrativeExpenses": 2930000, "sellingAndMarketingExpenses": 0, "sellingGeneralAndAdministrativeExpenses": 2930000, "otherExpenses": 210000, "operatingExpenses": 3140000, "costAndExpenses": 3140000, "interestIncome": 0, "interestExpense": 36470000, "depreciationAndAmortization": 100000, "ebitda": 129850000, "ebitdaratio": 12.4735830932, "operatingIncome": 7270000, "operatingIncomeRatio": 0.6983669549, "totalOtherIncomeExpensesNet": 86010000, "incomeBeforeTax": 93280000, "incomeBeforeTaxRatio": 8.9606147935, "incomeTaxExpense": 122480000, "netIncome": 93280000, "netIncomeRatio": 8.9606147935, "eps": 4.48, "epsdiluted": 4.48, "weightedAverageShsOut": 20820000, "weightedAverageShsOutDil": 20820000, "link": "", "finalLink": "", "calculatedOtherExpenses": 210000, "calculatedOperatingExpenses": 3140000, "calculatedNetInterest": -36470000, "calculatedOtherIncome": 122480000, "calculatedIncomeNonControlling": -122480000, "calculatedEbitda": 7370000}, {"date": "2005-12-31", "symbol": "CET", "reportedCurrency": "USD", "cik": "0000018748", "fillingDate": "2005-12-31", "acceptedDate": "2005-12-30 19:00:00", "calendarYear": "2005", "period": "FY", "revenue": 8670000, "costOfRevenue": 0, "grossProfit": 8670000, "grossProfitRatio": 1, "researchAndDevelopmentExpenses": 0, "generalAndAdministrativeExpenses": 2770000, "sellingAndMarketingExpenses": 0, "sellingGeneralAndAdministrativeExpenses": 2770000, "otherExpenses": 210000, "operatingExpenses": 2980000, "costAndExpenses": 2980000, "interestIncome": 0, "interestExpense": 31670000, "depreciationAndAmortization": 100000, "ebitda": 99790000, "ebitdaratio": 11.5098039216, "operatingIncome": 5680000, "operatingIncomeRatio": 0.6551326413, "totalOtherIncomeExpensesNet": 62340000, "incomeBeforeTax": 68020000, "incomeBeforeTaxRatio": 7.84544406, "incomeTaxExpense": 94010000, "netIncome": 68020000, "netIncomeRatio": 7.84544406, "eps": 3.28, "epsdiluted": 3.28, "weightedAverageShsOut": 20760000, "weightedAverageShsOutDil": 20760000, "link": "", "finalLink": "", "calculatedOtherExpenses": 220000, "calculatedOperatingExpenses": 2990000, "calculatedNetInterest": -31670000, "calculatedOtherIncome": 94010000, "calculatedIncomeNonControlling": -94010000, "calculatedEbitda": 5780000}, {"date": "2004-12-31", "symbol": "CET", "reportedCurrency": "USD", "cik": "0000018748", "fillingDate": "2004-12-31", "acceptedDate": "2004-12-30 19:00:00", "calendarYear": "2004", "period": "FY", "revenue": 4850000, "costOfRevenue": 0, "grossProfit": 4850000, "grossProfitRatio": 1, "researchAndDevelopmentExpenses": 0, "generalAndAdministrativeExpenses": 2520000, "sellingAndMarketingExpenses": 0, "sellingGeneralAndAdministrativeExpenses": 2520000, "otherExpenses": 260000, "operatingExpenses": 2780000, "costAndExpenses": 2780000, "interestIncome": 0, "interestExpense": 25100000, "depreciationAndAmortization": 92520000, "ebitda": 94600000, "ebitdaratio": 19.5051546392, "operatingIncome": 2080000, "operatingIncomeRatio": 0.4288659794, "totalOtherIncomeExpensesNet": 67420000, "incomeBeforeTax": 69500000, "incomeBeforeTaxRatio": 14.3298969072, "incomeTaxExpense": 0, "netIncome": 69500000, "netIncomeRatio": 14.3298969072, "eps": 3.47, "epsdiluted": 3.47, "weightedAverageShsOut": 20020000, "weightedAverageShsOutDil": 20020000, "link": "", "finalLink": "", "calculatedOtherExpenses": 250000, "calculatedOperatingExpenses": 2770000, "calculatedNetInterest": -25100000, "calculatedOtherIncome": 92520000, "calculatedIncomeNonControlling": 0, "calculatedEbitda": 94600000}, {"date": "2003-12-31", "symbol": "CET", "reportedCurrency": "USD", "cik": "0000018748", "fillingDate": "2003-12-31", "acceptedDate": "2003-12-30 19:00:00", "calendarYear": "2003", "period": "FY", "revenue": 4050000, "costOfRevenue": 0, "grossProfit": 4050000, "grossProfitRatio": 1, "researchAndDevelopmentExpenses": 0, "generalAndAdministrativeExpenses": 2090000, "sellingAndMarketingExpenses": 0, "sellingGeneralAndAdministrativeExpenses": 2090000, "otherExpenses": 230000, "operatingExpenses": 2320000, "costAndExpenses": 2320000, "interestIncome": 0, "interestExpense": 24760000, "depreciationAndAmortization": 159410000, "ebitda": 161150000, "ebitdaratio": 39.7901234568, "operatingIncome": 1740000, "operatingIncomeRatio": 0.4296296296, "totalOtherIncomeExpensesNet": 134650000, "incomeBeforeTax": 136390000, "incomeBeforeTaxRatio": 33.6765432099, "incomeTaxExpense": 0, "netIncome": 136390000, "netIncomeRatio": 33.6765432099, "eps": 6.93, "epsdiluted": 6.93, "weightedAverageShsOut": 19690000, "weightedAverageShsOutDil": 19690000, "link": "", "finalLink": "", "calculatedOtherExpenses": 220000, "calculatedOperatingExpenses": 2310000, "calculatedNetInterest": -24760000, "calculatedOtherIncome": 159410000, "calculatedIncomeNonControlling": 0, "calculatedEbitda": 161150000}, {"date": "2002-12-31", "symbol": "CET", "reportedCurrency": "USD", "cik": "0000018748", "fillingDate": "2002-12-31", "acceptedDate": "2002-12-30 19:00:00", "calendarYear": "2002", "period": "FY", "revenue": 4850000, "costOfRevenue": 0, "grossProfit": 4850000, "grossProfitRatio": 1, "researchAndDevelopmentExpenses": 0, "generalAndAdministrativeExpenses": 2060000, "sellingAndMarketingExpenses": 0, "sellingGeneralAndAdministrativeExpenses": 2060000, "otherExpenses": 210000, "operatingExpenses": 2270000, "costAndExpenses": 2270000, "interestIncome": 0, "interestExpense": 22870000, "depreciationAndAmortization": -139650000, "ebitda": -137060000, "ebitdaratio": -28.2597938144, "operatingIncome": 2590000, "operatingIncomeRatio": 0.5340206186, "totalOtherIncomeExpensesNet": -162520000, "incomeBeforeTax": -159930000, "incomeBeforeTaxRatio": -32.975257732, "incomeTaxExpense": 0, "netIncome": -159930000, "netIncomeRatio": -32.975257732, "eps": -8.27, "epsdiluted": -8.27, "weightedAverageShsOut": 19340000, "weightedAverageShsOutDil": 19340000, "link": "", "finalLink": "", "calculatedOtherExpenses": 200000, "calculatedOperatingExpenses": 2260000, "calculatedNetInterest": -22870000, "calculatedOtherIncome": -139650000, "calculatedIncomeNonControlling": 0, "calculatedEbitda": -137060000}, {"date": "2001-12-31", "symbol": "CET", "reportedCurrency": "USD", "cik": "0000018748", "fillingDate": "2001-12-31", "acceptedDate": "2001-12-30 19:00:00", "calendarYear": "2001", "period": "FY", "revenue": 5840000, "costOfRevenue": 0, "grossProfit": 5840000, "grossProfitRatio": 1, "researchAndDevelopmentExpenses": 0, "generalAndAdministrativeExpenses": 2220000, "sellingAndMarketingExpenses": 0, "sellingGeneralAndAdministrativeExpenses": 2220000, "otherExpenses": 280000, "operatingExpenses": 2500000, "costAndExpenses": 2500000, "interestIncome": 0, "interestExpense": 13660000, "depreciationAndAmortization": -31060000, "ebitda": -27720000, "ebitdaratio": -4.7465753425, "operatingIncome": 3340000, "operatingIncomeRatio": 0.5719178082, "totalOtherIncomeExpensesNet": -44720000, "incomeBeforeTax": -41380000, "incomeBeforeTaxRatio": -7.0856164384, "incomeTaxExpense": 0, "netIncome": -41380000, "netIncomeRatio": -7.0856164384, "eps": -2.19, "epsdiluted": -2.19, "weightedAverageShsOut": 18910000, "weightedAverageShsOutDil": 18910000, "link": "", "finalLink": "", "calculatedOtherExpenses": 280000, "calculatedOperatingExpenses": 2500000, "calculatedNetInterest": -13660000, "calculatedOtherIncome": -31060000, "calculatedIncomeNonControlling": 0, "calculatedEbitda": -27720000}, {"date": "2000-12-31", "symbol": "CET", "reportedCurrency": "USD", "cik": "0000018748", "fillingDate": "2000-12-31", "acceptedDate": "2000-12-30 19:00:00", "calendarYear": "2000", "period": "FY", "revenue": 7850000, "costOfRevenue": 0, "grossProfit": 7850000, "grossProfitRatio": 1, "researchAndDevelopmentExpenses": 0, "generalAndAdministrativeExpenses": 2230000, "sellingAndMarketingExpenses": 0, "sellingGeneralAndAdministrativeExpenses": 2230000, "otherExpenses": 210000, "operatingExpenses": 2440000, "costAndExpenses": 2440000, "interestIncome": 0, "interestExpense": 65920000, "depreciationAndAmortization": 100830000, "ebitda": 106230000, "ebitdaratio": 13.5324840764, "operatingIncome": 5400000, "operatingIncomeRatio": 0.6878980892, "totalOtherIncomeExpensesNet": 34910000, "incomeBeforeTax": 40310000, "incomeBeforeTaxRatio": 5.1350318471, "incomeTaxExpense": 0, "netIncome": 40310000, "netIncomeRatio": 5.1350318471, "eps": 2.23, "epsdiluted": 2.23, "weightedAverageShsOut": 18100000, "weightedAverageShsOutDil": 18100000, "link": "", "finalLink": "", "calculatedOtherExpenses": 220000, "calculatedOperatingExpenses": 2450000, "calculatedNetInterest": -65920000, "calculatedOtherIncome": 100830000, "calculatedIncomeNonControlling": 0, "calculatedEbitda": 106230000}, {"date": "1999-12-31", "symbol": "CET", "reportedCurrency": "USD", "cik": "0000018748", "fillingDate": "1999-12-31", "acceptedDate": "1999-12-30 19:00:00", "calendarYear": "1999", "period": "FY", "revenue": 6770000, "costOfRevenue": 0, "grossProfit": 6770000, "grossProfitRatio": 1, "researchAndDevelopmentExpenses": 0, "generalAndAdministrativeExpenses": 2060000, "sellingAndMarketingExpenses": 0, "sellingGeneralAndAdministrativeExpenses": 2060000, "otherExpenses": 190000, "operatingExpenses": 2250000, "costAndExpenses": 2250000, "interestIncome": 0, "interestExpense": 43210000, "depreciationAndAmortization": 178950000, "ebitda": 183470000, "ebitdaratio": 27.1004431315, "operatingIncome": 4520000, "operatingIncomeRatio": 0.6676514032, "totalOtherIncomeExpensesNet": 135740000, "incomeBeforeTax": 140260000, "incomeBeforeTaxRatio": 20.717872969, "incomeTaxExpense": 0, "netIncome": 140260000, "netIncomeRatio": 20.717872969, "eps": 8.32, "epsdiluted": 8.32, "weightedAverageShsOut": 16850000, "weightedAverageShsOutDil": 16850000, "link": "", "finalLink": "", "calculatedOtherExpenses": 190000, "calculatedOperatingExpenses": 2250000, "calculatedNetInterest": -43210000, "calculatedOtherIncome": 178950000, "calculatedIncomeNonControlling": 0, "calculatedEbitda": 183470000}, {"date": "1998-12-31", "symbol": "CET", "reportedCurrency": "USD", "cik": "0000018748", "fillingDate": "1998-12-31", "acceptedDate": "1998-12-30 19:00:00", "calendarYear": "1998", "period": "FY", "revenue": 7000000, "costOfRevenue": 0, "grossProfit": 7000000, "grossProfitRatio": 1, "researchAndDevelopmentExpenses": 0, "generalAndAdministrativeExpenses": 2060000, "sellingAndMarketingExpenses": 0, "sellingGeneralAndAdministrativeExpenses": 2060000, "otherExpenses": 160000, "operatingExpenses": 2220000, "costAndExpenses": 2220000, "interestIncome": 0, "interestExpense": 22910000, "depreciationAndAmortization": 73810000, "ebitda": 78590000, "ebitdaratio": 11.2271428571, "operatingIncome": 4780000, "operatingIncomeRatio": 0.6828571429, "totalOtherIncomeExpensesNet": 50900000, "incomeBeforeTax": 55680000, "incomeBeforeTaxRatio": 7.9542857143, "incomeTaxExpense": 0, "netIncome": 55680000, "netIncomeRatio": 7.9542857143, "eps": 3.74, "epsdiluted": 3.74, "weightedAverageShsOut": 14870000, "weightedAverageShsOutDil": 14870000, "link": "", "finalLink": "", "calculatedOtherExpenses": 160000, "calculatedOperatingExpenses": 2220000, "calculatedNetInterest": -22910000, "calculatedOtherIncome": 73810000, "calculatedIncomeNonControlling": 0, "calculatedEbitda": 78590000}, {"date": "1997-12-31", "symbol": "CET", "reportedCurrency": "USD", "cik": "0000018748", "fillingDate": "1997-12-31", "acceptedDate": "1997-12-30 19:00:00", "calendarYear": "1997", "period": "FY", "revenue": 6140000, "costOfRevenue": 0, "grossProfit": 6140000, "grossProfitRatio": 1, "researchAndDevelopmentExpenses": 0, "generalAndAdministrativeExpenses": 2000000, "sellingAndMarketingExpenses": 0, "sellingGeneralAndAdministrativeExpenses": 2000000, "otherExpenses": 180000, "operatingExpenses": 2180000, "costAndExpenses": 2180000, "interestIncome": 0, "interestExpense": 30130000, "depreciationAndAmortization": 119300000, "ebitda": 123270000, "ebitdaratio": 20.0765472313, "operatingIncome": 3970000, "operatingIncomeRatio": 0.6465798046, "totalOtherIncomeExpensesNet": 89170000, "incomeBeforeTax": 93140000, "incomeBeforeTaxRatio": 15.1693811075, "incomeTaxExpense": 0, "netIncome": 93140000, "netIncomeRatio": 15.1693811075, "eps": 6.56, "epsdiluted": 6.56, "weightedAverageShsOut": 14190000, "weightedAverageShsOutDil": 14190000, "link": "", "finalLink": "", "calculatedOtherExpenses": 170000, "calculatedOperatingExpenses": 2170000, "calculatedNetInterest": -30130000, "calculatedOtherIncome": 119300000, "calculatedIncomeNonControlling": 0, "calculatedEbitda": 123270000}, {"date": "1996-12-31", "symbol": "CET", "reportedCurrency": "USD", "cik": "0000018748", "fillingDate": "1996-12-31", "acceptedDate": "1996-12-30 19:00:00", "calendarYear": "1996", "period": "FY", "revenue": 6030000, "costOfRevenue": 0, "grossProfit": 6030000, "grossProfitRatio": 1, "researchAndDevelopmentExpenses": 0, "generalAndAdministrativeExpenses": 1600000, "sellingAndMarketingExpenses": 0, "sellingGeneralAndAdministrativeExpenses": 1600000, "otherExpenses": 180000, "operatingExpenses": 1780000, "costAndExpenses": 1780000, "interestIncome": 0, "interestExpense": 18150000, "depreciationAndAmortization": 89010000, "ebitda": 93260000, "ebitdaratio": 15.4660033167, "operatingIncome": 4250000, "operatingIncomeRatio": 0.7048092869, "totalOtherIncomeExpensesNet": 70860000, "incomeBeforeTax": 75110000, "incomeBeforeTaxRatio": 12.456053068, "incomeTaxExpense": 0, "netIncome": 75110000, "netIncomeRatio": 12.456053068, "eps": 5.2, "epsdiluted": 5.2, "weightedAverageShsOut": 14440000, "weightedAverageShsOutDil": 14440000, "link": "", "finalLink": "", "calculatedOtherExpenses": 180000, "calculatedOperatingExpenses": 1780000, "calculatedNetInterest": -18150000, "calculatedOtherIncome": 89010000, "calculatedIncomeNonControlling": 0, "calculatedEbitda": 93260000}]}