{"originalCurrency": "USD", "convertedCurrency": "USD", "report": [{"date": "2023-12-31", "symbol": "CF", "reportedCurrency": "USD", "cik": "0001324404", "fillingDate": "2024-02-22", "acceptedDate": "2024-02-22 16:33:13", "calendarYear": "2023", "period": "FY", "revenue": 6631000000, "costOfRevenue": 4125000000, "grossProfit": 2506000000, "grossProfitRatio": 0.3779218821, "researchAndDevelopmentExpenses": 0, "generalAndAdministrativeExpenses": 289000000, "sellingAndMarketingExpenses": 0, "sellingGeneralAndAdministrativeExpenses": 289000000, "otherExpenses": 10000000, "operatingExpenses": 289000000, "costAndExpenses": 4414000000, "interestIncome": 158000000, "interestExpense": 150000000, "depreciationAndAmortization": 869000000, "ebitda": 3086000000, "ebitdaratio": 0.4653898356, "operatingIncome": 2217000000, "operatingIncomeRatio": 0.3343387121, "totalOtherIncomeExpensesNet": 31000000, "incomeBeforeTax": 2248000000, "incomeBeforeTaxRatio": 0.3390137234, "incomeTaxExpense": 410000000, "netIncome": 1525000000, "netIncomeRatio": 0.2299803951, "eps": 7.89, "epsdiluted": 7.87, "weightedAverageShsOut": 193300000, "weightedAverageShsOutDil": 193800000, "link": "https://www.sec.gov/Archives/edgar/data/1324404/000132440424000008/0001324404-24-000008-index.htm", "finalLink": "https://www.sec.gov/Archives/edgar/data/1324404/000132440424000008/cf-20231231.htm", "calculatedOtherExpenses": 0, "calculatedOperatingExpenses": 289000000, "calculatedNetInterest": 8000000, "calculatedOtherIncome": 23000000, "calculatedIncomeNonControlling": 313000000, "calculatedEbitda": 3086000000}, {"date": "2022-12-31", "symbol": "CF", "reportedCurrency": "USD", "cik": "0001324404", "fillingDate": "2023-02-23", "acceptedDate": "2023-02-23 13:19:21", "calendarYear": "2022", "period": "FY", "revenue": 11186000000, "costOfRevenue": 5325000000, "grossProfit": 5861000000, "grossProfitRatio": 0.5239585196, "researchAndDevelopmentExpenses": 0, "generalAndAdministrativeExpenses": 290000000, "sellingAndMarketingExpenses": 0, "sellingGeneralAndAdministrativeExpenses": 290000000, "otherExpenses": 10000000, "operatingExpenses": 300000000, "costAndExpenses": 5625000000, "interestIncome": 65000000, "interestExpense": 344000000, "depreciationAndAmortization": 1158000000, "ebitda": 6555000000, "ebitdaratio": 0.5860003576, "operatingIncome": 5397000000, "operatingIncomeRatio": 0.4824780976, "totalOtherIncomeExpensesNet": -302000000, "incomeBeforeTax": 5095000000, "incomeBeforeTaxRatio": 0.4554800644, "incomeTaxExpense": 1158000000, "netIncome": 3346000000, "netIncomeRatio": 0.2991239049, "eps": 16.46, "epsdiluted": 16.39, "weightedAverageShsOut": 203300000, "weightedAverageShsOutDil": 204200000, "link": "https://www.sec.gov/Archives/edgar/data/1324404/000132440423000006/0001324404-23-000006-index.htm", "finalLink": "https://www.sec.gov/Archives/edgar/data/1324404/000132440423000006/cf-20221231.htm", "calculatedOtherExpenses": 174000000, "calculatedOperatingExpenses": 464000000, "calculatedNetInterest": -279000000, "calculatedOtherIncome": -23000000, "calculatedIncomeNonControlling": 591000000, "calculatedEbitda": 6555000000}, {"date": "2021-12-31", "symbol": "CF", "reportedCurrency": "USD", "cik": "0001324404", "fillingDate": "2022-02-24", "acceptedDate": "2022-02-24 17:00:33", "calendarYear": "2021", "period": "FY", "revenue": 6538000000, "costOfRevenue": 4151000000, "grossProfit": 2387000000, "grossProfitRatio": 0.3650963597, "researchAndDevelopmentExpenses": 0, "generalAndAdministrativeExpenses": 223000000, "sellingAndMarketingExpenses": 0, "sellingGeneralAndAdministrativeExpenses": 223000000, "otherExpenses": -39000000, "operatingExpenses": 184000000, "costAndExpenses": 4335000000, "interestIncome": 1000000, "interestExpense": 184000000, "depreciationAndAmortization": 1426000000, "ebitda": 3155000000, "ebitdaratio": 0.4825634751, "operatingIncome": 1729000000, "operatingIncomeRatio": 0.2644539615, "totalOtherIncomeExpensesNet": -186000000, "incomeBeforeTax": 1543000000, "incomeBeforeTaxRatio": 0.2360048945, "incomeTaxExpense": 283000000, "netIncome": 1260000000, "netIncomeRatio": 0.1927194861, "eps": 5.86, "epsdiluted": 5.83, "weightedAverageShsOut": 215000000, "weightedAverageShsOutDil": 216200000, "link": "https://www.sec.gov/Archives/edgar/data/1324404/000132440422000008/0001324404-22-000008-index.htm", "finalLink": "https://www.sec.gov/Archives/edgar/data/1324404/000132440422000008/cf-20211231.htm", "calculatedOtherExpenses": 435000000, "calculatedOperatingExpenses": 658000000, "calculatedNetInterest": -183000000, "calculatedOtherIncome": -3000000, "calculatedIncomeNonControlling": 0, "calculatedEbitda": 3155000000}, {"date": "2020-12-31", "symbol": "CF", "reportedCurrency": "USD", "cik": "0001324404", "fillingDate": "2021-02-24", "acceptedDate": "2021-02-24 16:34:24", "calendarYear": "2020", "period": "FY", "revenue": 4124000000, "costOfRevenue": 3323000000, "grossProfit": 801000000, "grossProfitRatio": 0.194228904, "researchAndDevelopmentExpenses": 0, "generalAndAdministrativeExpenses": 206000000, "sellingAndMarketingExpenses": 0, "sellingGeneralAndAdministrativeExpenses": 206000000, "otherExpenses": -17000000, "operatingExpenses": 189000000, "costAndExpenses": 3512000000, "interestIncome": 18000000, "interestExpense": 179000000, "depreciationAndAmortization": 911000000, "ebitda": 1534000000, "ebitdaratio": 0.3719689622, "operatingIncome": 623000000, "operatingIncomeRatio": 0.1510669253, "totalOtherIncomeExpensesNet": -160000000, "incomeBeforeTax": 463000000, "incomeBeforeTaxRatio": 0.1122696411, "incomeTaxExpense": 31000000, "netIncome": 432000000, "netIncomeRatio": 0.1047526673, "eps": 2.01, "epsdiluted": 2.01, "weightedAverageShsOut": 214900000, "weightedAverageShsOutDil": 215200000, "link": "https://www.sec.gov/Archives/edgar/data/1324404/000132440421000008/0001324404-21-000008-index.htm", "finalLink": "https://www.sec.gov/Archives/edgar/data/1324404/000132440421000008/cf-20201231.htm", "calculatedOtherExpenses": -28000000, "calculatedOperatingExpenses": 178000000, "calculatedNetInterest": -161000000, "calculatedOtherIncome": 1000000, "calculatedIncomeNonControlling": 0, "calculatedEbitda": 1534000000}, {"date": "2019-12-31", "symbol": "CF", "reportedCurrency": "USD", "cik": "0001324404", "fillingDate": "2020-02-24", "acceptedDate": "2020-02-24 15:15:28", "calendarYear": "2019", "period": "FY", "revenue": 4590000000, "costOfRevenue": 3416000000, "grossProfit": 1174000000, "grossProfitRatio": 0.2557734205, "researchAndDevelopmentExpenses": 0, "generalAndAdministrativeExpenses": 239000000, "sellingAndMarketingExpenses": 0, "sellingGeneralAndAdministrativeExpenses": 239000000, "otherExpenses": -73000000, "operatingExpenses": 166000000, "costAndExpenses": 3582000000, "interestIncome": 20000000, "interestExpense": 237000000, "depreciationAndAmortization": 902000000, "ebitda": 1905000000, "ebitdaratio": 0.4150326797, "operatingIncome": 1003000000, "operatingIncomeRatio": 0.2185185185, "totalOtherIncomeExpensesNet": -231000000, "incomeBeforeTax": 772000000, "incomeBeforeTaxRatio": 0.1681917211, "incomeTaxExpense": 126000000, "netIncome": 493000000, "netIncomeRatio": 0.1074074074, "eps": 2.24, "epsdiluted": 2.22, "weightedAverageShsOut": 220200000, "weightedAverageShsOutDil": 221600000, "link": "https://www.sec.gov/Archives/edgar/data/1324404/000132440420000006/0001324404-20-000006-index.htm", "finalLink": "https://www.sec.gov/Archives/edgar/data/1324404/000132440420000006/cf-12312019x10k.htm", "calculatedOtherExpenses": -68000000, "calculatedOperatingExpenses": 171000000, "calculatedNetInterest": -217000000, "calculatedOtherIncome": -14000000, "calculatedIncomeNonControlling": 153000000, "calculatedEbitda": 1905000000}, {"date": "2018-12-31", "symbol": "CF", "reportedCurrency": "USD", "cik": "0001324404", "fillingDate": "2019-02-22", "acceptedDate": "2019-02-22 14:31:40", "calendarYear": "2018", "period": "FY", "revenue": 4429000000, "costOfRevenue": 3512000000, "grossProfit": 917000000, "grossProfitRatio": 0.2070444796, "researchAndDevelopmentExpenses": 0, "generalAndAdministrativeExpenses": 214000000, "sellingAndMarketingExpenses": 0, "sellingGeneralAndAdministrativeExpenses": 214000000, "otherExpenses": 9000000, "operatingExpenses": 187000000, "costAndExpenses": 3699000000, "interestIncome": 13000000, "interestExpense": 241000000, "depreciationAndAmortization": 888000000, "ebitda": 1676000000, "ebitdaratio": 0.3784149921, "operatingIncome": 766000000, "operatingIncomeRatio": 0.1729510047, "totalOtherIncomeExpensesNet": 45000000, "incomeBeforeTax": 547000000, "incomeBeforeTaxRatio": 0.123504177, "incomeTaxExpense": 119000000, "netIncome": 290000000, "netIncomeRatio": 0.0654775344, "eps": 1.25, "epsdiluted": 1.24, "weightedAverageShsOut": 232600000, "weightedAverageShsOutDil": 233800000, "link": "https://www.sec.gov/Archives/edgar/data/1324404/000132440419000006/0001324404-19-000006-index.htm", "finalLink": "https://www.sec.gov/Archives/edgar/data/1324404/000132440419000006/cf-12312018x10k.htm", "calculatedOtherExpenses": -63000000, "calculatedOperatingExpenses": 151000000, "calculatedNetInterest": -228000000, "calculatedOtherIncome": 9000000, "calculatedIncomeNonControlling": 138000000, "calculatedEbitda": 1654000000}, {"date": "2017-12-31", "symbol": "CF", "reportedCurrency": "USD", "cik": "0001324404", "fillingDate": "2018-02-22", "acceptedDate": "2018-02-22 12:38:53", "calendarYear": "2017", "period": "FY", "revenue": 4130000000, "costOfRevenue": 3700000000, "grossProfit": 430000000, "grossProfitRatio": 0.1041162228, "researchAndDevelopmentExpenses": 0, "generalAndAdministrativeExpenses": 192000000, "sellingAndMarketingExpenses": 0, "sellingGeneralAndAdministrativeExpenses": 192000000, "otherExpenses": 2000000, "operatingExpenses": 210000000, "costAndExpenses": 3910000000, "interestIncome": 12000000, "interestExpense": 315000000, "depreciationAndAmortization": 883000000, "ebitda": 1126000000, "ebitdaratio": 0.2726392252, "operatingIncome": 229000000, "operatingIncomeRatio": 0.0554479419, "totalOtherIncomeExpensesNet": -42000000, "incomeBeforeTax": -125000000, "incomeBeforeTaxRatio": -0.0302663438, "incomeTaxExpense": -575000000, "netIncome": 358000000, "netIncomeRatio": 0.0866828087, "eps": 1.53, "epsdiluted": 1.53, "weightedAverageShsOut": 233500000, "weightedAverageShsOutDil": 233900000, "link": "https://www.sec.gov/Archives/edgar/data/1324404/000132440418000006/0001324404-18-000006-index.htm", "finalLink": "https://www.sec.gov/Archives/edgar/data/1324404/000132440418000006/cf-12312017x10k.htm", "calculatedOtherExpenses": 9000000, "calculatedOperatingExpenses": 201000000, "calculatedNetInterest": -303000000, "calculatedOtherIncome": -51000000, "calculatedIncomeNonControlling": 92000000, "calculatedEbitda": 1112000000}, {"date": "2016-12-31", "symbol": "CF", "reportedCurrency": "USD", "cik": "0001324404", "fillingDate": "2017-02-23", "acceptedDate": "2017-02-23 13:28:58", "calendarYear": "2016", "period": "FY", "revenue": 3685000000, "costOfRevenue": 2845000000, "grossProfit": 840000000, "grossProfitRatio": 0.2279511533, "researchAndDevelopmentExpenses": 0, "generalAndAdministrativeExpenses": 174000000, "sellingAndMarketingExpenses": 0, "sellingGeneralAndAdministrativeExpenses": 174000000, "otherExpenses": 2000000, "operatingExpenses": 382000000, "costAndExpenses": 3227000000, "interestIncome": 5000000, "interestExpense": 200000000, "depreciationAndAmortization": 678000000, "ebitda": 998000000, "ebitdaratio": 0.2708276798, "operatingIncome": 134000000, "operatingIncomeRatio": 0.0363636364, "totalOtherIncomeExpensesNet": -489000000, "incomeBeforeTax": -226000000, "incomeBeforeTaxRatio": -0.0613297151, "incomeTaxExpense": -68000000, "netIncome": -277000000, "netIncomeRatio": -0.0751696065, "eps": -1.19, "epsdiluted": -1.19, "weightedAverageShsOut": 232773109, "weightedAverageShsOutDil": 233100000, "link": "https://www.sec.gov/Archives/edgar/data/1324404/000132440417000007/0001324404-17-000007-index.htm", "finalLink": "https://www.sec.gov/Archives/edgar/data/1324404/000132440417000007/cf-12312016x10k.htm", "calculatedOtherExpenses": 532000000, "calculatedOperatingExpenses": 706000000, "calculatedNetInterest": -195000000, "calculatedOtherIncome": -165000000, "calculatedIncomeNonControlling": 119000000, "calculatedEbitda": 812000000}, {"date": "2015-12-31", "symbol": "CF", "reportedCurrency": "USD", "cik": "0001324404", "fillingDate": "2016-02-25", "acceptedDate": "2016-02-25 14:33:55", "calendarYear": "2015", "period": "FY", "revenue": 4308300000, "costOfRevenue": 2761200000, "grossProfit": 1547100000, "grossProfitRatio": 0.3590975559, "researchAndDevelopmentExpenses": 0, "generalAndAdministrativeExpenses": 169800000, "sellingAndMarketingExpenses": 0, "sellingGeneralAndAdministrativeExpenses": 169800000, "otherExpenses": -3900000, "operatingExpenses": 262100000, "costAndExpenses": 3023300000, "interestIncome": 1600000, "interestExpense": 133200000, "depreciationAndAmortization": 479600000, "ebitda": 1727300000, "ebitdaratio": 0.4009237982, "operatingIncome": 1193100000, "operatingIncomeRatio": 0.2769305759, "totalOtherIncomeExpensesNet": -95800000, "incomeBeforeTax": 1057600000, "incomeBeforeTaxRatio": 0.2454796555, "incomeTaxExpense": 395800000, "netIncome": 699900000, "netIncomeRatio": 0.1624538681, "eps": 2.97, "epsdiluted": 2.96, "weightedAverageShsOut": 235300000, "weightedAverageShsOutDil": 236100000, "link": "https://www.sec.gov/Archives/edgar/data/1324404/000132440416000019/0001324404-16-000019-index.htm", "finalLink": "https://www.sec.gov/Archives/edgar/data/1324404/000132440416000019/cf-12312015x10k.htm", "calculatedOtherExpenses": 184200000, "calculatedOperatingExpenses": 354000000, "calculatedNetInterest": -131600000, "calculatedOtherIncome": -3900000, "calculatedIncomeNonControlling": -38100000, "calculatedEbitda": 1672700000}, {"date": "2014-12-31", "symbol": "CF", "reportedCurrency": "USD", "cik": "0001324404", "fillingDate": "2015-02-26", "acceptedDate": "2015-02-26 14:49:58", "calendarYear": "2014", "period": "FY", "revenue": 4743200000, "costOfRevenue": 2964700000, "grossProfit": 1778500000, "grossProfitRatio": 0.3749578344, "researchAndDevelopmentExpenses": 0, "generalAndAdministrativeExpenses": 151900000, "sellingAndMarketingExpenses": 0, "sellingGeneralAndAdministrativeExpenses": 151900000, "otherExpenses": -1900000, "operatingExpenses": 182600000, "costAndExpenses": 3147300000, "interestIncome": 900000, "interestExpense": 167600000, "depreciationAndAmortization": 392500000, "ebitda": 2019900000, "ebitdaratio": 0.4258517457, "operatingIncome": 2366500000, "operatingIncomeRatio": 0.4989247765, "totalOtherIncomeExpensesNet": 768700000, "incomeBeforeTax": 2187300000, "incomeBeforeTaxRatio": 0.4611443751, "incomeTaxExpense": 773000000, "netIncome": 1390300000, "netIncomeRatio": 0.2931143532, "eps": 5.43, "epsdiluted": 5.42, "weightedAverageShsOut": 256000000, "weightedAverageShsOutDil": 256500000, "link": "https://www.sec.gov/Archives/edgar/data/1324404/000162828015001077/0001628280-15-001077-index.htm", "finalLink": "https://www.sec.gov/Archives/edgar/data/1324404/000162828015001077/cf-12312014x10k.htm", "calculatedOtherExpenses": -739900000, "calculatedOperatingExpenses": -588000000, "calculatedNetInterest": -166700000, "calculatedOtherIncome": -12500000, "calculatedIncomeNonControlling": 24000000, "calculatedEbitda": 2759000000}, {"date": "2013-12-31", "symbol": "CF", "reportedCurrency": "USD", "cik": "0001324404", "fillingDate": "2014-02-27", "acceptedDate": "2014-02-27 16:15:29", "calendarYear": "2013", "period": "FY", "revenue": 5474700000, "costOfRevenue": 2954500000, "grossProfit": 2520200000, "grossProfitRatio": 0.4603357262, "researchAndDevelopmentExpenses": 0, "generalAndAdministrativeExpenses": 166000000, "sellingAndMarketingExpenses": 0, "sellingGeneralAndAdministrativeExpenses": 166000000, "otherExpenses": -54500000, "operatingExpenses": 150200000, "costAndExpenses": 3104700000, "interestIncome": 4700000, "interestExpense": 152200000, "depreciationAndAmortization": 410600000, "ebitda": 2772500000, "ebitdaratio": 0.5064204431, "operatingIncome": 2411700000, "operatingIncomeRatio": 0.4405172886, "totalOtherIncomeExpensesNet": -12800000, "incomeBeforeTax": 2209700000, "incomeBeforeTaxRatio": 0.4036202897, "incomeTaxExpense": 686500000, "netIncome": 1464600000, "netIncomeRatio": 0.267521508, "eps": 4.97, "epsdiluted": 4.95, "weightedAverageShsOut": 294500000, "weightedAverageShsOutDil": 296000000, "link": "https://www.sec.gov/Archives/edgar/data/1324404/000104746914001484/0001047469-14-001484-index.htm", "finalLink": "https://www.sec.gov/Archives/edgar/data/1324404/000104746914001484/a2218347z10-k.htm", "calculatedOtherExpenses": -57500000, "calculatedOperatingExpenses": 108500000, "calculatedNetInterest": -147500000, "calculatedOtherIncome": -54500000, "calculatedIncomeNonControlling": 58600000, "calculatedEbitda": 2822300000}, {"date": "2012-12-31", "symbol": "CF", "reportedCurrency": "USD", "cik": "0001324404", "fillingDate": "2013-02-27", "acceptedDate": "2013-02-27 16:19:44", "calendarYear": "2012", "period": "FY", "revenue": 6104000000, "costOfRevenue": 2990700000, "grossProfit": 3113300000, "grossProfitRatio": 0.510042595, "researchAndDevelopmentExpenses": 21900000, "generalAndAdministrativeExpenses": 151800000, "sellingAndMarketingExpenses": 0, "sellingGeneralAndAdministrativeExpenses": 151800000, "otherExpenses": 1100000, "operatingExpenses": 200900000, "costAndExpenses": 3191600000, "interestIncome": 4300000, "interestExpense": 135300000, "depreciationAndAmortization": 419800000, "ebitda": 3384600000, "ebitdaratio": 0.5544888598, "operatingIncome": 2959400000, "operatingIncomeRatio": 0.4848296199, "totalOtherIncomeExpensesNet": 48100000, "incomeBeforeTax": 2829500000, "incomeBeforeTaxRatio": 0.4635484928, "incomeTaxExpense": 964200000, "netIncome": 1848700000, "netIncomeRatio": 0.3028669725, "eps": 5.79, "epsdiluted": 5.72, "weightedAverageShsOut": 319500000, "weightedAverageShsOutDil": 323500000, "link": "https://www.sec.gov/Archives/edgar/data/1324404/000104746913001819/0001047469-13-001819-index.htm", "finalLink": "https://www.sec.gov/Archives/edgar/data/1324404/000104746913001819/a2212938z10-k.htm", "calculatedOtherExpenses": -19800000, "calculatedOperatingExpenses": 153900000, "calculatedNetInterest": -131000000, "calculatedOtherIncome": 1100000, "calculatedIncomeNonControlling": 16600000, "calculatedEbitda": 3379200000}, {"date": "2011-12-31", "symbol": "CF", "reportedCurrency": "USD", "cik": "0001324404", "fillingDate": "2012-02-27", "acceptedDate": "2012-02-27 16:49:08", "calendarYear": "2011", "period": "FY", "revenue": 6097900000, "costOfRevenue": 3202300000, "grossProfit": 2895600000, "grossProfitRatio": 0.4748519982, "researchAndDevelopmentExpenses": 0, "generalAndAdministrativeExpenses": 0, "sellingAndMarketingExpenses": 0, "sellingGeneralAndAdministrativeExpenses": 130000000, "otherExpenses": 0, "operatingExpenses": 150900000, "costAndExpenses": 3353200000, "interestIncome": 1700000, "interestExpense": 147200000, "depreciationAndAmortization": 416200000, "ebitda": 3212800000, "ebitdaratio": 0.526869906, "operatingIncome": 2790500000, "operatingIncomeRatio": 0.4576165565, "totalOtherIncomeExpensesNet": -3800000, "incomeBeforeTax": 2645600000, "incomeBeforeTaxRatio": 0.4338542777, "incomeTaxExpense": -926500000, "netIncome": 1539200000, "netIncomeRatio": 0.2524147657, "eps": 4.44, "epsdiluted": 4.4, "weightedAverageShsOut": 347000000, "weightedAverageShsOutDil": 350000000, "link": "https://www.sec.gov/Archives/edgar/data/1324404/000104746912001620/0001047469-12-001620-index.htm", "finalLink": "https://www.sec.gov/Archives/edgar/data/1324404/000104746912001620/a2207426z10-k.htm", "calculatedOtherExpenses": -24900000, "calculatedOperatingExpenses": 105100000, "calculatedNetInterest": -145500000, "calculatedOtherIncome": 600000, "calculatedIncomeNonControlling": 2032900000, "calculatedEbitda": 3206700000}, {"date": "2010-12-31", "symbol": "CF", "reportedCurrency": "USD", "cik": "0001324404", "fillingDate": "2011-02-25", "acceptedDate": "2011-02-25 16:51:27", "calendarYear": "2010", "period": "FY", "revenue": 3965000000, "costOfRevenue": 2785500000, "grossProfit": 1179500000, "grossProfitRatio": 0.2974779319, "researchAndDevelopmentExpenses": 0, "generalAndAdministrativeExpenses": 0, "sellingAndMarketingExpenses": 0, "sellingGeneralAndAdministrativeExpenses": 106100000, "otherExpenses": 156100000, "operatingExpenses": 262200000, "costAndExpenses": 3047700000, "interestIncome": 1500000, "interestExpense": 221300000, "depreciationAndAmortization": 394800000, "ebitda": 1313600000, "ebitdaratio": 0.3312988651, "operatingIncome": 895700000, "operatingIncomeRatio": 0.2259016393, "totalOtherIncomeExpensesNet": -9800000, "incomeBeforeTax": 687700000, "incomeBeforeTaxRatio": 0.173442623, "incomeTaxExpense": 273700000, "netIncome": 349200000, "netIncomeRatio": 0.0880706179, "eps": 1.08, "epsdiluted": 1.07, "weightedAverageShsOut": 323500000, "weightedAverageShsOutDil": 327000000, "link": "https://www.sec.gov/Archives/edgar/data/1324404/000104746911001417/0001047469-11-001417-index.htm", "finalLink": "https://www.sec.gov/Archives/edgar/data/1324404/000104746911001417/a2202123z10-k.htm", "calculatedOtherExpenses": 177700000, "calculatedOperatingExpenses": 283800000, "calculatedNetInterest": -219800000, "calculatedOtherIncome": 11800000, "calculatedIncomeNonControlling": 64800000, "calculatedEbitda": 1290500000}, {"date": "2009-12-31", "symbol": "CF", "reportedCurrency": "USD", "cik": "0001324404", "fillingDate": "2010-02-25", "acceptedDate": "2010-02-25 16:45:36", "calendarYear": "2009", "period": "FY", "revenue": 2608400000, "costOfRevenue": 1769000000, "grossProfit": 839400000, "grossProfitRatio": 0.3218064714, "researchAndDevelopmentExpenses": 0, "generalAndAdministrativeExpenses": 0, "sellingAndMarketingExpenses": 0, "sellingGeneralAndAdministrativeExpenses": 62900000, "otherExpenses": 96700000, "operatingExpenses": 159600000, "costAndExpenses": 1928600000, "interestIncome": 4500000, "interestExpense": 1500000, "depreciationAndAmortization": 101000000, "ebitda": 785300000, "ebitdaratio": 0.3010657875, "operatingIncome": 679800000, "operatingIncomeRatio": 0.2606195369, "totalOtherIncomeExpensesNet": 12800000, "incomeBeforeTax": 695600000, "incomeBeforeTaxRatio": 0.26667689, "incomeTaxExpense": 246000000, "netIncome": 365600000, "netIncomeRatio": 0.1401625518, "eps": 1.51, "epsdiluted": 1.48, "weightedAverageShsOut": 242500000, "weightedAverageShsOutDil": 246000000, "link": "https://www.sec.gov/Archives/edgar/data/1324404/000104746910001364/0001047469-10-001364-index.htm", "finalLink": "https://www.sec.gov/Archives/edgar/data/1324404/000104746910001364/a2196589z10-k.htm", "calculatedOtherExpenses": 96700000, "calculatedOperatingExpenses": 159600000, "calculatedNetInterest": 3000000, "calculatedOtherIncome": 12800000, "calculatedIncomeNonControlling": 84000000, "calculatedEbitda": 780800000}, {"date": "2008-12-31", "symbol": "CF", "reportedCurrency": "USD", "cik": "0001324404", "fillingDate": "2009-02-26", "acceptedDate": "2009-02-26 10:57:45", "calendarYear": "2008", "period": "FY", "revenue": 3921100000, "costOfRevenue": 2698400000, "grossProfit": 1222700000, "grossProfitRatio": 0.3118257632, "researchAndDevelopmentExpenses": 0, "generalAndAdministrativeExpenses": 0, "sellingAndMarketingExpenses": 0, "sellingGeneralAndAdministrativeExpenses": 72500000, "otherExpenses": 0, "operatingExpenses": 72500000, "costAndExpenses": 2770900000, "interestIncome": -26100000, "interestExpense": 1600000, "depreciationAndAmortization": 100800000, "ebitda": 1250300000, "ebitdaratio": 0.3188646043, "operatingIncome": 1150200000, "operatingIncomeRatio": 0.2933360537, "totalOtherIncomeExpensesNet": 4900000, "incomeBeforeTax": 1058500000, "incomeBeforeTaxRatio": 0.269949759, "incomeTaxExpense": 378100000, "netIncome": 684600000, "netIncomeRatio": 0.174593864, "eps": 2.47, "epsdiluted": 2.43, "weightedAverageShsOut": 277000000, "weightedAverageShsOutDil": 282000000, "link": "https://www.sec.gov/Archives/edgar/data/1324404/000104746909001858/0001047469-09-001858-index.htm", "finalLink": "https://www.sec.gov/Archives/edgar/data/1324404/000104746909001858/a2190830z10-k.htm", "calculatedOtherExpenses": 0, "calculatedOperatingExpenses": 72500000, "calculatedNetInterest": -27700000, "calculatedOtherIncome": -64000000, "calculatedIncomeNonControlling": -4200000, "calculatedEbitda": 1251000000}, {"date": "2007-12-31", "symbol": "CF", "reportedCurrency": "USD", "cik": "0001324404", "fillingDate": "2008-02-27", "acceptedDate": "2008-02-27 15:25:05", "calendarYear": "2007", "period": "FY", "revenue": 2756700000, "costOfRevenue": 2086700000, "grossProfit": 670000000, "grossProfitRatio": 0.2430442195, "researchAndDevelopmentExpenses": 0, "generalAndAdministrativeExpenses": 0, "sellingAndMarketingExpenses": 0, "sellingGeneralAndAdministrativeExpenses": 68400000, "otherExpenses": 0, "operatingExpenses": 68400000, "costAndExpenses": 2155100000, "interestIncome": -24400000, "interestExpense": 1700000, "depreciationAndAmortization": 84500000, "ebitda": 684500000, "ebitdaratio": 0.2483041318, "operatingIncome": 601600000, "operatingIncomeRatio": 0.218231944, "totalOtherIncomeExpensesNet": 2500000, "incomeBeforeTax": 571300000, "incomeBeforeTaxRatio": 0.2072405412, "incomeTaxExpense": 199500000, "netIncome": 372700000, "netIncomeRatio": 0.1351978815, "eps": 1.34, "epsdiluted": 1.31, "weightedAverageShsOut": 277500000, "weightedAverageShsOutDil": 283500000, "link": "https://www.sec.gov/Archives/edgar/data/1324404/000104746908001816/0001047469-08-001816-index.htm", "finalLink": "https://www.sec.gov/Archives/edgar/data/1324404/000104746908001816/a2182862z10-k.htm", "calculatedOtherExpenses": 0, "calculatedOperatingExpenses": 68400000, "calculatedNetInterest": -26100000, "calculatedOtherIncome": -4200000, "calculatedIncomeNonControlling": -900000, "calculatedEbitda": 686100000}, {"date": "2006-12-31", "symbol": "CF", "reportedCurrency": "USD", "cik": "0001324404", "fillingDate": "2007-02-28", "acceptedDate": "2007-02-28 16:14:48", "calendarYear": "2006", "period": "FY", "revenue": 1949500000, "costOfRevenue": 1802300000, "grossProfit": 147200000, "grossProfitRatio": 0.0755065401, "researchAndDevelopmentExpenses": 0, "generalAndAdministrativeExpenses": 0, "sellingAndMarketingExpenses": 0, "sellingGeneralAndAdministrativeExpenses": 54500000, "otherExpenses": 21400000, "operatingExpenses": 75900000, "costAndExpenses": 1878200000, "interestIncome": -12500000, "interestExpense": 2900000, "depreciationAndAmortization": 94600000, "ebitda": 186400000, "ebitdaratio": 0.0956142601, "operatingIncome": 71300000, "operatingIncomeRatio": 0.0365734804, "totalOtherIncomeExpensesNet": -20500000, "incomeBeforeTax": 53000000, "incomeBeforeTaxRatio": 0.0271864581, "incomeTaxExpense": 19700000, "netIncome": 33300000, "netIncomeRatio": 0.0170813029, "eps": 0.12, "epsdiluted": 0.12, "weightedAverageShsOut": 275000000, "weightedAverageShsOutDil": 275500000, "link": "https://www.sec.gov/Archives/edgar/data/1324404/000110465907014916/0001104659-07-014916-index.htm", "finalLink": "https://www.sec.gov/Archives/edgar/data/1324404/000110465907014916/a07-1577_110k.htm", "calculatedOtherExpenses": 21400000, "calculatedOperatingExpenses": 75900000, "calculatedNetInterest": -15400000, "calculatedOtherIncome": -2900000, "calculatedIncomeNonControlling": 0, "calculatedEbitda": 165900000}, {"date": "2005-12-31", "symbol": "CF", "reportedCurrency": "USD", "cik": "0001324404", "fillingDate": "2006-03-20", "acceptedDate": "2006-03-20 14:22:33", "calendarYear": "2005", "period": "FY", "revenue": 1908400000, "costOfRevenue": 1699200000, "grossProfit": 209200000, "grossProfitRatio": 0.1096206246, "researchAndDevelopmentExpenses": 0, "generalAndAdministrativeExpenses": 0, "sellingAndMarketingExpenses": 0, "sellingGeneralAndAdministrativeExpenses": 71100000, "otherExpenses": 2200000, "operatingExpenses": 73300000, "costAndExpenses": 1772500000, "interestIncome": -14600000, "interestExpense": 14000000, "depreciationAndAmortization": 97500000, "ebitda": 261800000, "ebitdaratio": 0.1371829805, "operatingIncome": 135900000, "operatingIncomeRatio": 0.0712114861, "totalOtherIncomeExpensesNet": -28400000, "incomeBeforeTax": 92500000, "incomeBeforeTaxRatio": 0.0484699224, "incomeTaxExpense": 128700000, "netIncome": -39000000, "netIncomeRatio": -0.0204359673, "eps": -0.14, "epsdiluted": -0.14, "weightedAverageShsOut": 275000000, "weightedAverageShsOutDil": 275000000, "link": "https://www.sec.gov/Archives/edgar/data/1324404/000104746906003695/0001047469-06-003695-index.htm", "finalLink": "https://www.sec.gov/Archives/edgar/data/1324404/000104746906003695/a2168347z10-k.htm", "calculatedOtherExpenses": 2200000, "calculatedOperatingExpenses": 73300000, "calculatedNetInterest": -28600000, "calculatedOtherIncome": -14800000, "calculatedIncomeNonControlling": 2800000, "calculatedEbitda": 233400000}, {"date": "2004-12-31", "symbol": "CF", "reportedCurrency": "USD", "cik": "0001324404", "fillingDate": "2004-12-31", "acceptedDate": "2004-12-31 00:00:00", "calendarYear": "2004", "period": "FY", "revenue": 1650652000, "costOfRevenue": 1434545000, "grossProfit": 216107000, "grossProfitRatio": 0.1309222053, "researchAndDevelopmentExpenses": 0, "generalAndAdministrativeExpenses": 0, "sellingAndMarketingExpenses": 0, "sellingGeneralAndAdministrativeExpenses": 66873000, "otherExpenses": 0, "operatingExpenses": 66873000, "costAndExpenses": 1501418000, "interestIncome": 0, "interestExpense": 0, "depreciationAndAmortization": 108642000, "ebitda": 258148000, "ebitdaratio": 0.156391535, "operatingIncome": 149234000, "operatingIncomeRatio": 0.0904091232, "totalOtherIncomeExpensesNet": -162000, "incomeBeforeTax": 109022000, "incomeBeforeTaxRatio": 0.0660478405, "incomeTaxExpense": 41400000, "netIncome": 67732000, "netIncomeRatio": 0.0410334825, "eps": 0.25, "epsdiluted": 0.25, "weightedAverageShsOut": 275000000, "weightedAverageShsOutDil": 275000000, "link": null, "finalLink": null, "calculatedOtherExpenses": 0, "calculatedOperatingExpenses": 66873000, "calculatedNetInterest": 0, "calculatedOtherIncome": -40212000, "calculatedIncomeNonControlling": -110000, "calculatedEbitda": 257876000}, {"date": "2003-12-31", "symbol": "CF", "reportedCurrency": "USD", "cik": "0001324404", "fillingDate": "2003-12-31", "acceptedDate": "2003-12-31 00:00:00", "calendarYear": "2003", "period": "FY", "revenue": 1390100000, "costOfRevenue": 1355700000, "grossProfit": 34400000, "grossProfitRatio": 0.0247464211, "researchAndDevelopmentExpenses": 0, "generalAndAdministrativeExpenses": 0, "sellingAndMarketingExpenses": 0, "sellingGeneralAndAdministrativeExpenses": 38400000, "otherExpenses": 1600000, "operatingExpenses": 40000000, "costAndExpenses": 1395700000, "interestIncome": 0, "interestExpense": 0, "depreciationAndAmortization": 0, "ebitda": -5600000, "ebitdaratio": -0.0040284872, "operatingIncome": -5600000, "operatingIncomeRatio": -0.0040284872, "totalOtherIncomeExpensesNet": -27000000, "incomeBeforeTax": -32600000, "incomeBeforeTaxRatio": -0.0234515502, "incomeTaxExpense": 12600000, "netIncome": -18400000, "netIncomeRatio": -0.0132364578, "eps": -0.0669, "epsdiluted": -0.0669, "weightedAverageShsOut": 275000000, "weightedAverageShsOutDil": 275000000, "link": null, "finalLink": null, "calculatedOtherExpenses": 1600000, "calculatedOperatingExpenses": 40000000, "calculatedNetInterest": 0, "calculatedOtherIncome": -27000000, "calculatedIncomeNonControlling": -26800000, "calculatedEbitda": -5600000}, {"date": "2002-12-31", "symbol": "CF", "reportedCurrency": "USD", "cik": "0001324404", "fillingDate": "2002-12-31", "acceptedDate": "2002-12-31 00:00:00", "calendarYear": "2002", "period": "FY", "revenue": 1014100000, "costOfRevenue": 986300000, "grossProfit": 27800000, "grossProfitRatio": 0.0274134701, "researchAndDevelopmentExpenses": 0, "generalAndAdministrativeExpenses": 0, "sellingAndMarketingExpenses": 0, "sellingGeneralAndAdministrativeExpenses": 37300000, "otherExpenses": 9300000, "operatingExpenses": 46600000, "costAndExpenses": 1032900000, "interestIncome": 0, "interestExpense": 0, "depreciationAndAmortization": 0, "ebitda": -18800000, "ebitdaratio": -0.0185386057, "operatingIncome": -18800000, "operatingIncomeRatio": -0.0185386057, "totalOtherIncomeExpensesNet": -27600000, "incomeBeforeTax": -46400000, "incomeBeforeTaxRatio": -0.0457548565, "incomeTaxExpense": 16600000, "netIncome": -28100000, "netIncomeRatio": -0.0277092989, "eps": -0.1, "epsdiluted": -0.1, "weightedAverageShsOut": 275000000, "weightedAverageShsOutDil": 275000000, "link": null, "finalLink": null, "calculatedOtherExpenses": 9300000, "calculatedOperatingExpenses": 46600000, "calculatedNetInterest": 0, "calculatedOtherIncome": -27600000, "calculatedIncomeNonControlling": -34900000, "calculatedEbitda": -18800000}, {"date": "2001-12-31", "symbol": "CF", "reportedCurrency": "USD", "cik": "0001324404", "fillingDate": "2001-12-31", "acceptedDate": "2001-12-31 00:00:00", "calendarYear": "2001", "period": "FY", "revenue": 1159600000, "costOfRevenue": 1244700000, "grossProfit": -85100000, "grossProfitRatio": -0.073387375, "researchAndDevelopmentExpenses": 0, "generalAndAdministrativeExpenses": 0, "sellingAndMarketingExpenses": 0, "sellingGeneralAndAdministrativeExpenses": 36100000, "otherExpenses": 13100000, "operatingExpenses": 49200000, "costAndExpenses": 1293900000, "interestIncome": 0, "interestExpense": 0, "depreciationAndAmortization": 0, "ebitda": -134300000, "ebitdaratio": -0.1158157986, "operatingIncome": -134300000, "operatingIncomeRatio": -0.1158157986, "totalOtherIncomeExpensesNet": -14100000, "incomeBeforeTax": -148400000, "incomeBeforeTaxRatio": -0.1279751638, "incomeTaxExpense": 59300000, "netIncome": -74200000, "netIncomeRatio": -0.0639875819, "eps": -0.27, "epsdiluted": -0.27, "weightedAverageShsOut": 275000000, "weightedAverageShsOutDil": 275000000, "link": null, "finalLink": null, "calculatedOtherExpenses": 13100000, "calculatedOperatingExpenses": 49200000, "calculatedNetInterest": 0, "calculatedOtherIncome": -14100000, "calculatedIncomeNonControlling": -133500000, "calculatedEbitda": -134300000}]}