{"originalCurrency": "USD", "convertedCurrency": "USD", "report": [{"date": "2023-12-31", "symbol": "CFG", "reportedCurrency": "USD", "cik": "0000759944", "fillingDate": "2024-02-16", "acceptedDate": "2024-02-16 16:02:40", "calendarYear": "2023", "period": "FY", "revenue": 8224000000, "costOfRevenue": 15920000, "grossProfit": 8208080000, "grossProfitRatio": 0.9980642023, "researchAndDevelopmentExpenses": 0, "generalAndAdministrativeExpenses": 2989000000, "sellingAndMarketingExpenses": 187000000, "sellingGeneralAndAdministrativeExpenses": 3176000000, "otherExpenses": -11375880000, "operatingExpenses": -8199880000, "costAndExpenses": 15920000, "interestIncome": 10204000000, "interestExpense": 3963000000, "depreciationAndAmortization": 478000000, "ebitda": 8200000, "ebitdaratio": 0.0009970817, "operatingIncome": 8200000, "operatingIncomeRatio": 0.0009970817, "totalOtherIncomeExpensesNet": 2021800000, "incomeBeforeTax": 2030000000, "incomeBeforeTaxRatio": 0.2468385214, "incomeTaxExpense": 422000000, "netIncome": 1608000000, "netIncomeRatio": 0.1955252918, "eps": 3.14, "epsdiluted": 3.13, "weightedAverageShsOut": 475089384, "weightedAverageShsOutDil": 476693148, "link": "https://www.sec.gov/Archives/edgar/data/759944/000075994424000039/0000759944-24-000039-index.htm", "finalLink": "https://www.sec.gov/Archives/edgar/data/759944/000075994424000039/cfg-20231231.htm", "calculatedOtherExpenses": 5023880000, "calculatedOperatingExpenses": 8199880000, "calculatedNetInterest": 6241000000, "calculatedOtherIncome": -4219200000, "calculatedIncomeNonControlling": 0, "calculatedEbitda": 486200000}, {"date": "2022-12-31", "symbol": "CFG", "reportedCurrency": "USD", "cik": "0000759944", "fillingDate": "2023-02-17", "acceptedDate": "2023-02-17 07:57:56", "calendarYear": "2022", "period": "FY", "revenue": 8021000000, "costOfRevenue": 5490000, "grossProfit": 8015510000, "grossProfitRatio": 0.9993155467, "researchAndDevelopmentExpenses": 0, "generalAndAdministrativeExpenses": 2549000000, "sellingAndMarketingExpenses": 166000000, "sellingGeneralAndAdministrativeExpenses": 2549000000, "otherExpenses": -1964000000, "operatingExpenses": 585000000, "costAndExpenses": 585000000, "interestIncome": 7060000000, "interestExpense": 1048000000, "depreciationAndAmortization": 565000000, "ebitda": 4268000000, "ebitdaratio": 0.532103229, "operatingIncome": 3703000000, "operatingIncomeRatio": 0.4616631343, "totalOtherIncomeExpensesNet": -1048000000, "incomeBeforeTax": 2655000000, "incomeBeforeTaxRatio": 0.331006109, "incomeTaxExpense": 582000000, "netIncome": 2073000000, "netIncomeRatio": 0.2584465777, "eps": 4.12, "epsdiluted": 4.1, "weightedAverageShsOut": 475959815, "weightedAverageShsOutDil": 477803142, "link": "https://www.sec.gov/Archives/edgar/data/759944/000075994423000029/0000759944-23-000029-index.htm", "finalLink": "https://www.sec.gov/Archives/edgar/data/759944/000075994423000029/cfg-20221231.htm", "calculatedOtherExpenses": 1763510000, "calculatedOperatingExpenses": 4312510000, "calculatedNetInterest": 6012000000, "calculatedOtherIncome": -7060000000, "calculatedIncomeNonControlling": 0, "calculatedEbitda": 4268000000}, {"date": "2021-12-31", "symbol": "CFG", "reportedCurrency": "USD", "cik": "0000759944", "fillingDate": "2022-02-23", "acceptedDate": "2022-02-23 16:10:35", "calendarYear": "2021", "period": "FY", "revenue": 6647000000, "costOfRevenue": 0, "grossProfit": 6647000000, "grossProfitRatio": 1, "researchAndDevelopmentExpenses": 0, "generalAndAdministrativeExpenses": 2132000000, "sellingAndMarketingExpenses": 111000000, "sellingGeneralAndAdministrativeExpenses": 2132000000, "otherExpenses": -5802000000, "operatingExpenses": -3670000000, "costAndExpenses": -3670000000, "interestIncome": 4851000000, "interestExpense": 339000000, "depreciationAndAmortization": 625000000, "ebitda": 3602000000, "ebitdaratio": 0.5418986009, "operatingIncome": 2977000000, "operatingIncomeRatio": 0.4478712201, "totalOtherIncomeExpensesNet": 2977000000, "incomeBeforeTax": 2977000000, "incomeBeforeTaxRatio": 0.4478712201, "incomeTaxExpense": 658000000, "netIncome": 2319000000, "netIncomeRatio": 0.3488791936, "eps": 5.18, "epsdiluted": 5.16, "weightedAverageShsOut": 425669451, "weightedAverageShsOutDil": 427435818, "link": "https://www.sec.gov/Archives/edgar/data/759944/000075994422000025/0000759944-22-000025-index.htm", "finalLink": "https://www.sec.gov/Archives/edgar/data/759944/000075994422000025/cfg-20211231.htm", "calculatedOtherExpenses": 1538000000, "calculatedOperatingExpenses": 3670000000, "calculatedNetInterest": 4512000000, "calculatedOtherIncome": -4512000000, "calculatedIncomeNonControlling": 0, "calculatedEbitda": 3602000000}, {"date": "2020-12-31", "symbol": "CFG", "reportedCurrency": "USD", "cik": "0000759944", "fillingDate": "2021-02-23", "acceptedDate": "2021-02-23 16:04:16", "calendarYear": "2020", "period": "FY", "revenue": 6905000000, "costOfRevenue": 0, "grossProfit": 6905000000, "grossProfitRatio": 1, "researchAndDevelopmentExpenses": 0, "generalAndAdministrativeExpenses": 2123000000, "sellingAndMarketingExpenses": 100000000, "sellingGeneralAndAdministrativeExpenses": 2123000000, "otherExpenses": -7730000000, "operatingExpenses": -5607000000, "costAndExpenses": -5607000000, "interestIncome": 5357000000, "interestExpense": 771000000, "depreciationAndAmortization": 578000000, "ebitda": 1876000000, "ebitdaratio": 0.2716871832, "operatingIncome": 1298000000, "operatingIncomeRatio": 0.1879797248, "totalOtherIncomeExpensesNet": 1298000000, "incomeBeforeTax": 1298000000, "incomeBeforeTaxRatio": 0.1879797248, "incomeTaxExpense": 241000000, "netIncome": 843000000, "netIncomeRatio": 0.1220854453, "eps": 1.97, "epsdiluted": 1.97, "weightedAverageShsOut": 427062537, "weightedAverageShsOutDil": 428157780, "link": "https://www.sec.gov/Archives/edgar/data/759944/000075994421000034/0000759944-21-000034-index.htm", "finalLink": "https://www.sec.gov/Archives/edgar/data/759944/000075994421000034/cfg-20201231.htm", "calculatedOtherExpenses": 3484000000, "calculatedOperatingExpenses": 5607000000, "calculatedNetInterest": 4586000000, "calculatedOtherIncome": -4586000000, "calculatedIncomeNonControlling": 214000000, "calculatedEbitda": 1876000000}, {"date": "2019-12-31", "symbol": "CFG", "reportedCurrency": "USD", "cik": "0000759944", "fillingDate": "2020-02-24", "acceptedDate": "2020-02-24 16:44:55", "calendarYear": "2019", "period": "FY", "revenue": 6491000000, "costOfRevenue": 0, "grossProfit": 6491000000, "grossProfitRatio": 1, "researchAndDevelopmentExpenses": 0, "generalAndAdministrativeExpenses": 2026000000, "sellingAndMarketingExpenses": 112000000, "sellingGeneralAndAdministrativeExpenses": 2026000000, "otherExpenses": -302000000, "operatingExpenses": 1724000000, "costAndExpenses": 1724000000, "interestIncome": 6189000000, "interestExpense": 1575000000, "depreciationAndAmortization": 633000000, "ebitda": 2884000000, "ebitdaratio": 0.4443075027, "operatingIncome": 2251000000, "operatingIncomeRatio": 0.3467878601, "totalOtherIncomeExpensesNet": 2251000000, "incomeBeforeTax": 2251000000, "incomeBeforeTaxRatio": 0.3467878601, "incomeTaxExpense": 460000000, "netIncome": 1791000000, "netIncomeRatio": 0.2759205053, "eps": 3.82, "epsdiluted": 3.81, "weightedAverageShsOut": 449731453, "weightedAverageShsOutDil": 451213701, "link": "https://www.sec.gov/Archives/edgar/data/759944/000075994420000030/0000759944-20-000030-index.htm", "finalLink": "https://www.sec.gov/Archives/edgar/data/759944/000075994420000030/citizens10-kx2019.htm", "calculatedOtherExpenses": 2214000000, "calculatedOperatingExpenses": 4240000000, "calculatedNetInterest": 4614000000, "calculatedOtherIncome": -4614000000, "calculatedIncomeNonControlling": 0, "calculatedEbitda": 2884000000}, {"date": "2018-12-31", "symbol": "CFG", "reportedCurrency": "USD", "cik": "0000759944", "fillingDate": "2019-02-21", "acceptedDate": "2019-02-21 16:07:49", "calendarYear": "2018", "period": "FY", "revenue": 6128000000, "costOfRevenue": 0, "grossProfit": 6128000000, "grossProfitRatio": 1, "researchAndDevelopmentExpenses": 0, "generalAndAdministrativeExpenses": 1880000000, "sellingAndMarketingExpenses": 129000000, "sellingGeneralAndAdministrativeExpenses": 1880000000, "otherExpenses": -215000000, "operatingExpenses": 1665000000, "costAndExpenses": 1665000000, "interestIncome": 5758000000, "interestExpense": 1226000000, "depreciationAndAmortization": 189000000, "ebitda": 3598000000, "ebitdaratio": 0.5871409922, "operatingIncome": 3409000000, "operatingIncomeRatio": 0.5562989556, "totalOtherIncomeExpensesNet": -1226000000, "incomeBeforeTax": 2183000000, "incomeBeforeTaxRatio": 0.3562336815, "incomeTaxExpense": 462000000, "netIncome": 1721000000, "netIncomeRatio": 0.2808420366, "eps": 3.59, "epsdiluted": 3.58, "weightedAverageShsOut": 478822072, "weightedAverageShsOutDil": 480430741, "link": "https://www.sec.gov/Archives/edgar/data/759944/000075994419000024/0000759944-19-000024-index.htm", "finalLink": "https://www.sec.gov/Archives/edgar/data/759944/000075994419000024/citizens10-kx2018.htm", "calculatedOtherExpenses": 839000000, "calculatedOperatingExpenses": 2719000000, "calculatedNetInterest": 4532000000, "calculatedOtherIncome": -5758000000, "calculatedIncomeNonControlling": 0, "calculatedEbitda": 3598000000}, {"date": "2017-12-31", "symbol": "CFG", "reportedCurrency": "USD", "cik": "0000759944", "fillingDate": "2018-02-22", "acceptedDate": "2018-02-22 13:24:06", "calendarYear": "2017", "period": "FY", "revenue": 5707000000, "costOfRevenue": 0, "grossProfit": 5707000000, "grossProfitRatio": 1, "researchAndDevelopmentExpenses": 0, "generalAndAdministrativeExpenses": 1761000000, "sellingAndMarketingExpenses": 105000000, "sellingGeneralAndAdministrativeExpenses": 1761000000, "otherExpenses": -251000000, "operatingExpenses": 1510000000, "costAndExpenses": 1510000000, "interestIncome": 4920000000, "interestExpense": 747000000, "depreciationAndAmortization": 180000000, "ebitda": 3161000000, "ebitdaratio": 0.5538811985, "operatingIncome": 2981000000, "operatingIncomeRatio": 0.5223409848, "totalOtherIncomeExpensesNet": -1069000000, "incomeBeforeTax": 1912000000, "incomeBeforeTaxRatio": 0.3350271596, "incomeTaxExpense": 260000000, "netIncome": 1652000000, "netIncomeRatio": 0.2894690731, "eps": 3.26, "epsdiluted": 3.25, "weightedAverageShsOut": 502157440, "weightedAverageShsOutDil": 503685091, "link": "https://www.sec.gov/Archives/edgar/data/759944/000075994418000016/0000759944-18-000016-index.htm", "finalLink": "https://www.sec.gov/Archives/edgar/data/759944/000075994418000016/citizens10-kx2017.htm", "calculatedOtherExpenses": 965000000, "calculatedOperatingExpenses": 2726000000, "calculatedNetInterest": 4173000000, "calculatedOtherIncome": -5242000000, "calculatedIncomeNonControlling": 0, "calculatedEbitda": 3161000000}, {"date": "2016-12-31", "symbol": "CFG", "reportedCurrency": "USD", "cik": "0000759944", "fillingDate": "2017-02-24", "acceptedDate": "2017-02-24 11:24:02", "calendarYear": "2016", "period": "FY", "revenue": 5255000000, "costOfRevenue": 0, "grossProfit": 5255000000, "grossProfitRatio": 1, "researchAndDevelopmentExpenses": 0, "generalAndAdministrativeExpenses": 1709000000, "sellingAndMarketingExpenses": 98000000, "sellingGeneralAndAdministrativeExpenses": 1709000000, "otherExpenses": -246000000, "operatingExpenses": 1463000000, "costAndExpenses": 1463000000, "interestIncome": 4266000000, "interestExpense": 508000000, "depreciationAndAmortization": 170000000, "ebitda": 2565000000, "ebitdaratio": 0.4881065652, "operatingIncome": 2395000000, "operatingIncomeRatio": 0.4557564225, "totalOtherIncomeExpensesNet": -861000000, "incomeBeforeTax": 1534000000, "incomeBeforeTaxRatio": 0.2919124643, "incomeTaxExpense": 489000000, "netIncome": 1045000000, "netIncomeRatio": 0.1988582303, "eps": 1.97, "epsdiluted": 1.97, "weightedAverageShsOut": 522093545, "weightedAverageShsOutDil": 523930718, "link": "https://www.sec.gov/Archives/edgar/data/759944/000075994417000012/0000759944-17-000012-index.htm", "finalLink": "https://www.sec.gov/Archives/edgar/data/759944/000075994417000012/citizens10-kx2016.htm", "calculatedOtherExpenses": 1151000000, "calculatedOperatingExpenses": 2860000000, "calculatedNetInterest": 3758000000, "calculatedOtherIncome": -4619000000, "calculatedIncomeNonControlling": 0, "calculatedEbitda": 2565000000}, {"date": "2015-12-31", "symbol": "CFG", "reportedCurrency": "USD", "cik": "0000759944", "fillingDate": "2016-02-26", "acceptedDate": "2016-02-26 14:29:14", "calendarYear": "2015", "period": "FY", "revenue": 4824000000, "costOfRevenue": 0, "grossProfit": 4824000000, "grossProfitRatio": 1, "researchAndDevelopmentExpenses": 0, "generalAndAdministrativeExpenses": 1636000000, "sellingAndMarketingExpenses": 101000000, "sellingGeneralAndAdministrativeExpenses": 1636000000, "otherExpenses": -225000000, "operatingExpenses": 1411000000, "costAndExpenses": 1411000000, "interestIncome": 3854000000, "interestExpense": 452000000, "depreciationAndAmortization": 146000000, "ebitda": 2186000000, "ebitdaratio": 0.4531509121, "operatingIncome": 2040000000, "operatingIncomeRatio": 0.4228855721, "totalOtherIncomeExpensesNet": -777000000, "incomeBeforeTax": 1263000000, "incomeBeforeTaxRatio": 0.2618159204, "incomeTaxExpense": 423000000, "netIncome": 840000000, "netIncomeRatio": 0.1741293532, "eps": 1.55, "epsdiluted": 1.55, "weightedAverageShsOut": 535599731, "weightedAverageShsOutDil": 538220898, "link": "https://www.sec.gov/Archives/edgar/data/759944/000075994416000099/0000759944-16-000099-index.htm", "finalLink": "https://www.sec.gov/Archives/edgar/data/759944/000075994416000099/citizens10k-2015.htm", "calculatedOtherExpenses": 1148000000, "calculatedOperatingExpenses": 2784000000, "calculatedNetInterest": 3402000000, "calculatedOtherIncome": -4179000000, "calculatedIncomeNonControlling": 0, "calculatedEbitda": 2186000000}, {"date": "2014-12-31", "symbol": "CFG", "reportedCurrency": "USD", "cik": "0000759944", "fillingDate": "2015-03-03", "acceptedDate": "2015-03-02 21:23:05", "calendarYear": "2014", "period": "FY", "revenue": 4691000000, "costOfRevenue": 0, "grossProfit": 4691000000, "grossProfitRatio": 1, "researchAndDevelopmentExpenses": 0, "generalAndAdministrativeExpenses": 1678000000, "sellingAndMarketingExpenses": 86000000, "sellingGeneralAndAdministrativeExpenses": 1678000000, "otherExpenses": -255000000, "operatingExpenses": 1423000000, "costAndExpenses": 1423000000, "interestIncome": 3664000000, "interestExpense": 363000000, "depreciationAndAmortization": 145000000, "ebitda": 2017000000, "ebitdaratio": 0.4299722874, "operatingIncome": 1872000000, "operatingIncomeRatio": 0.3990620337, "totalOtherIncomeExpensesNet": -604000000, "incomeBeforeTax": 1268000000, "incomeBeforeTaxRatio": 0.2703048391, "incomeTaxExpense": 403000000, "netIncome": 865000000, "netIncomeRatio": 0.1843956512, "eps": 1.55, "epsdiluted": 1.55, "weightedAverageShsOut": 556674146, "weightedAverageShsOutDil": 557724936, "link": "https://www.sec.gov/Archives/edgar/data/759944/000075994415000016/0000759944-15-000016-index.htm", "finalLink": "https://www.sec.gov/Archives/edgar/data/759944/000075994415000016/citizens2014-10k.htm", "calculatedOtherExpenses": 1141000000, "calculatedOperatingExpenses": 2819000000, "calculatedNetInterest": 3301000000, "calculatedOtherIncome": -3905000000, "calculatedIncomeNonControlling": 0, "calculatedEbitda": 2017000000}, {"date": "2013-12-31", "symbol": "CFG", "reportedCurrency": "USD", "cik": "0000759944", "fillingDate": "2013-12-31", "acceptedDate": "2013-12-30 19:00:00", "calendarYear": "2013", "period": "FY", "revenue": 4690000000, "costOfRevenue": 0, "grossProfit": 4690000000, "grossProfitRatio": 1, "researchAndDevelopmentExpenses": 0, "generalAndAdministrativeExpenses": 1737000000, "sellingAndMarketingExpenses": 76000000, "sellingGeneralAndAdministrativeExpenses": 1813000000, "otherExpenses": -256000000, "operatingExpenses": 1557000000, "costAndExpenses": 1557000000, "interestIncome": 3501000000, "interestExpense": 443000000, "depreciationAndAmortization": 404000000, "ebitda": -2621000000, "ebitdaratio": -0.5588486141, "operatingIncome": -3025000000, "operatingIncomeRatio": -0.644989339, "totalOtherIncomeExpensesNet": -443000000, "incomeBeforeTax": -3468000000, "incomeBeforeTaxRatio": -0.739445629, "incomeTaxExpense": -42000000, "netIncome": -3426000000, "netIncomeRatio": -0.7304904051, "eps": -6.12, "epsdiluted": -6.12, "weightedAverageShsOut": 559803921, "weightedAverageShsOutDil": 559998324, "link": "", "finalLink": "", "calculatedOtherExpenses": 5902000000, "calculatedOperatingExpenses": 7715000000, "calculatedNetInterest": 3058000000, "calculatedOtherIncome": -3501000000, "calculatedIncomeNonControlling": 0, "calculatedEbitda": -2621000000}, {"date": "2012-12-31", "symbol": "CFG", "reportedCurrency": "USD", "cik": "0000759944", "fillingDate": "2012-12-31", "acceptedDate": "2012-12-30 19:00:00", "calendarYear": "2012", "period": "FY", "revenue": 4894000000, "costOfRevenue": 0, "grossProfit": 4894000000, "grossProfitRatio": 1, "researchAndDevelopmentExpenses": 0, "generalAndAdministrativeExpenses": 1841000000, "sellingAndMarketingExpenses": 86000000, "sellingGeneralAndAdministrativeExpenses": 1927000000, "otherExpenses": -271000000, "operatingExpenses": 1656000000, "costAndExpenses": 1656000000, "interestIncome": 3846000000, "interestExpense": 619000000, "depreciationAndAmortization": 467000000, "ebitda": 2110000000, "ebitdaratio": 0.4311401716, "operatingIncome": 1643000000, "operatingIncomeRatio": 0.3357172047, "totalOtherIncomeExpensesNet": -619000000, "incomeBeforeTax": 1024000000, "incomeBeforeTaxRatio": 0.2092357989, "incomeTaxExpense": 381000000, "netIncome": 643000000, "netIncomeRatio": 0.1313853698, "eps": 1.15, "epsdiluted": 1.15, "weightedAverageShsOut": 559998324, "weightedAverageShsOutDil": 559998324, "link": "", "finalLink": "", "calculatedOtherExpenses": 1324000000, "calculatedOperatingExpenses": 3251000000, "calculatedNetInterest": 3227000000, "calculatedOtherIncome": -3846000000, "calculatedIncomeNonControlling": 0, "calculatedEbitda": 2110000000}, {"date": "2011-12-31", "symbol": "CFG", "reportedCurrency": "USD", "cik": "0000759944", "fillingDate": "2011-12-31", "acceptedDate": "2011-12-30 19:00:00", "calendarYear": "2011", "period": "FY", "revenue": 5031000000, "costOfRevenue": 0, "grossProfit": 5031000000, "grossProfitRatio": 1, "researchAndDevelopmentExpenses": 0, "generalAndAdministrativeExpenses": 1740000000, "sellingAndMarketingExpenses": 102000000, "sellingGeneralAndAdministrativeExpenses": 1842000000, "otherExpenses": -370000000, "operatingExpenses": 1472000000, "costAndExpenses": 1472000000, "interestIncome": 4204000000, "interestExpense": 884000000, "depreciationAndAmortization": 434000000, "ebitda": 2096000000, "ebitdaratio": 0.4166169748, "operatingIncome": 1662000000, "operatingIncomeRatio": 0.3303518187, "totalOtherIncomeExpensesNet": -884000000, "incomeBeforeTax": 778000000, "incomeBeforeTaxRatio": 0.1546412244, "incomeTaxExpense": 272000000, "netIncome": 506000000, "netIncomeRatio": 0.1005764262, "eps": 0.9, "epsdiluted": 0.9, "weightedAverageShsOut": 559998324, "weightedAverageShsOutDil": 559998324, "link": "", "finalLink": "", "calculatedOtherExpenses": 1527000000, "calculatedOperatingExpenses": 3369000000, "calculatedNetInterest": 3320000000, "calculatedOtherIncome": -4204000000, "calculatedIncomeNonControlling": 0, "calculatedEbitda": 2096000000}]}