{"originalCurrency": "USD", "convertedCurrency": "USD", "report": [{"date": "2023-12-31", "symbol": "CFR", "reportedCurrency": "USD", "cik": "0000039263", "fillingDate": "2024-02-06", "acceptedDate": "2024-02-06 16:20:36", "calendarYear": "2023", "period": "FY", "revenue": 1987206000, "costOfRevenue": -230510000, "grossProfit": 2217716000, "grossProfitRatio": 1.115997033, "researchAndDevelopmentExpenses": 0, "generalAndAdministrativeExpenses": 739613000, "sellingAndMarketingExpenses": 48608000, "sellingGeneralAndAdministrativeExpenses": 788221000, "otherExpenses": -2293564000, "operatingExpenses": -1505343000, "costAndExpenses": -1735853000, "interestIncome": 2217716000, "interestExpense": 659052000, "depreciationAndAmortization": 76442000, "ebitda": 712373000, "ebitdaratio": 0.3584796946, "operatingIncome": 712373000, "operatingIncomeRatio": 0.3584796946, "totalOtherIncomeExpensesNet": 712373000, "incomeBeforeTax": 712373000, "incomeBeforeTaxRatio": 0.3584796946, "incomeTaxExpense": 114400000, "netIncome": 597973000, "netIncomeRatio": 0.3009114304, "eps": 9.11, "epsdiluted": 9.08, "weightedAverageShsOut": 64204239, "weightedAverageShsOutDil": 64404833, "link": "https://www.sec.gov/Archives/edgar/data/39263/000003926324000013/0000039263-24-000013-index.htm", "finalLink": "https://www.sec.gov/Archives/edgar/data/39263/000003926324000013/cfr-20231231.htm", "calculatedOtherExpenses": 717122000, "calculatedOperatingExpenses": 1505343000, "calculatedNetInterest": 1558664000, "calculatedOtherIncome": -1558664000, "calculatedIncomeNonControlling": 0, "calculatedEbitda": 788815000}, {"date": "2022-12-31", "symbol": "CFR", "reportedCurrency": "USD", "cik": "0000039263", "fillingDate": "2023-02-03", "acceptedDate": "2023-02-03 14:58:34", "calendarYear": "2022", "period": "FY", "revenue": 220380000, "costOfRevenue": 0, "grossProfit": 220380000, "grossProfitRatio": 1, "researchAndDevelopmentExpenses": 0, "generalAndAdministrativeExpenses": 596307000, "sellingAndMarketingExpenses": 39994000, "sellingGeneralAndAdministrativeExpenses": 596307000, "otherExpenses": -210310000, "operatingExpenses": 88608000, "costAndExpenses": 88608000, "interestIncome": 1291283000, "interestExpense": 184438000, "depreciationAndAmortization": 480000, "ebitda": 1015334000, "ebitdaratio": 4.6071966603, "operatingIncome": 1014854000, "operatingIncomeRatio": 4.6050186042, "totalOtherIncomeExpensesNet": -346027000, "incomeBeforeTax": 668827000, "incomeBeforeTaxRatio": 3.0348806607, "incomeTaxExpense": 89677000, "netIncome": 579150000, "netIncomeRatio": 2.627960795, "eps": 8.84, "epsdiluted": 8.79, "weightedAverageShsOut": 64156870, "weightedAverageShsOutDil": 64520517, "link": "https://www.sec.gov/Archives/edgar/data/39263/000003926323000008/0000039263-23-000008-index.htm", "finalLink": "https://www.sec.gov/Archives/edgar/data/39263/000003926323000008/cfr-20221231.htm", "calculatedOtherExpenses": -1390781000, "calculatedOperatingExpenses": -794474000, "calculatedNetInterest": 1106845000, "calculatedOtherIncome": -1452872000, "calculatedIncomeNonControlling": 0, "calculatedEbitda": 1015334000}, {"date": "2021-12-31", "symbol": "CFR", "reportedCurrency": "USD", "cik": "0000039263", "fillingDate": "2022-02-04", "acceptedDate": "2022-02-04 15:54:33", "calendarYear": "2021", "period": "FY", "revenue": 1371595000, "costOfRevenue": 0, "grossProfit": 1371595000, "grossProfitRatio": 1, "researchAndDevelopmentExpenses": 0, "generalAndAdministrativeExpenses": 489758000, "sellingAndMarketingExpenses": 34539000, "sellingGeneralAndAdministrativeExpenses": 489758000, "otherExpenses": -1371815000, "operatingExpenses": -882057000, "costAndExpenses": -882057000, "interestIncome": 984867000, "interestExpense": 23902000, "depreciationAndAmortization": 697000, "ebitda": 490235000, "ebitdaratio": 0.3574196465, "operatingIncome": 489538000, "operatingIncomeRatio": 0.356911479, "totalOtherIncomeExpensesNet": 489538000, "incomeBeforeTax": 489538000, "incomeBeforeTaxRatio": 0.356911479, "incomeTaxExpense": 46459000, "netIncome": 443079000, "netIncomeRatio": 0.3230392353, "eps": 6.79, "epsdiluted": 6.74, "weightedAverageShsOut": 63612658, "weightedAverageShsOutDil": 64102120, "link": "https://www.sec.gov/Archives/edgar/data/39263/000003926322000008/0000039263-22-000008-index.htm", "finalLink": "https://www.sec.gov/Archives/edgar/data/39263/000003926322000008/cfr-20211231.htm", "calculatedOtherExpenses": 392299000, "calculatedOperatingExpenses": 882057000, "calculatedNetInterest": 960965000, "calculatedOtherIncome": -960965000, "calculatedIncomeNonControlling": 0, "calculatedEbitda": 490235000}, {"date": "2020-12-31", "symbol": "CFR", "reportedCurrency": "USD", "cik": "0000039263", "fillingDate": "2021-02-05", "acceptedDate": "2021-02-05 16:39:34", "calendarYear": "2020", "period": "FY", "revenue": 1441455000, "costOfRevenue": 0, "grossProfit": 1441455000, "grossProfitRatio": 1, "researchAndDevelopmentExpenses": 0, "generalAndAdministrativeExpenses": 473506000, "sellingAndMarketingExpenses": 34390000, "sellingGeneralAndAdministrativeExpenses": 473506000, "otherExpenses": -1563640000, "operatingExpenses": -1090134000, "costAndExpenses": -1090134000, "interestIncome": 976001000, "interestExpense": 45034000, "depreciationAndAmortization": 918000, "ebitda": 352239000, "ebitdaratio": 0.2443635077, "operatingIncome": 351321000, "operatingIncomeRatio": 0.2437266512, "totalOtherIncomeExpensesNet": 351321000, "incomeBeforeTax": 351321000, "incomeBeforeTaxRatio": 0.2437266512, "incomeTaxExpense": 20170000, "netIncome": 331151000, "netIncomeRatio": 0.2297338453, "eps": 5.11, "epsdiluted": 5.09, "weightedAverageShsOut": 62727053, "weightedAverageShsOutDil": 63003837, "link": "https://www.sec.gov/Archives/edgar/data/39263/000003926321000007/0000039263-21-000007-index.htm", "finalLink": "https://www.sec.gov/Archives/edgar/data/39263/000003926321000007/cfr-20201231.htm", "calculatedOtherExpenses": 616628000, "calculatedOperatingExpenses": 1090134000, "calculatedNetInterest": 930967000, "calculatedOtherIncome": -930967000, "calculatedIncomeNonControlling": 0, "calculatedEbitda": 352239000}, {"date": "2019-12-31", "symbol": "CFR", "reportedCurrency": "USD", "cik": "0000039263", "fillingDate": "2020-02-04", "acceptedDate": "2020-02-04 15:22:51", "calendarYear": "2019", "period": "FY", "revenue": 1367907000, "costOfRevenue": 0, "grossProfit": 1367907000, "grossProfitRatio": 1, "researchAndDevelopmentExpenses": 0, "generalAndAdministrativeExpenses": 471385000, "sellingAndMarketingExpenses": 38001000, "sellingGeneralAndAdministrativeExpenses": 471385000, "otherExpenses": -1339823000, "operatingExpenses": -868438000, "costAndExpenses": -868438000, "interestIncome": 1004005000, "interestExpense": 129780000, "depreciationAndAmortization": 1168000, "ebitda": 500637000, "ebitdaratio": 0.3659876, "operatingIncome": 499469000, "operatingIncomeRatio": 0.3651337408, "totalOtherIncomeExpensesNet": 499469000, "incomeBeforeTax": 499469000, "incomeBeforeTaxRatio": 0.3651337408, "incomeTaxExpense": 55870000, "netIncome": 443599000, "netIncomeRatio": 0.3242903209, "eps": 6.88, "epsdiluted": 6.81, "weightedAverageShsOut": 62741769, "weightedAverageShsOutDil": 63441870, "link": "https://www.sec.gov/Archives/edgar/data/39263/000003926320000010/0000039263-20-000010-index.htm", "finalLink": "https://www.sec.gov/Archives/edgar/data/39263/000003926320000010/a20191231-10k.htm", "calculatedOtherExpenses": 397053000, "calculatedOperatingExpenses": 868438000, "calculatedNetInterest": 874225000, "calculatedOtherIncome": -874225000, "calculatedIncomeNonControlling": 0, "calculatedEbitda": 500637000}, {"date": "2018-12-31", "symbol": "CFR", "reportedCurrency": "USD", "cik": "0000039263", "fillingDate": "2019-02-06", "acceptedDate": "2019-02-06 16:43:39", "calendarYear": "2018", "period": "FY", "revenue": 1309178000, "costOfRevenue": 0, "grossProfit": 1309178000, "grossProfitRatio": 1, "researchAndDevelopmentExpenses": 0, "generalAndAdministrativeExpenses": 444032000, "sellingAndMarketingExpenses": 32514000, "sellingGeneralAndAdministrativeExpenses": 444032000, "otherExpenses": -1198767000, "operatingExpenses": -707191000, "costAndExpenses": -707191000, "interestIncome": 957892000, "interestExpense": 93306000, "depreciationAndAmortization": 1424000, "ebitda": 652159000, "ebitdaratio": 0.4981438735, "operatingIncome": 601987000, "operatingIncomeRatio": 0.4598205897, "totalOtherIncomeExpensesNet": -93306000, "incomeBeforeTax": 508681000, "incomeBeforeTaxRatio": 0.3885499145, "incomeTaxExpense": 53763000, "netIncome": 454918000, "netIncomeRatio": 0.3474836882, "eps": 7.14, "epsdiluted": 7.03, "weightedAverageShsOut": 63705000, "weightedAverageShsOutDil": 64687000, "link": "https://www.sec.gov/Archives/edgar/data/39263/000003926319000009/0000039263-19-000009-index.htm", "finalLink": "https://www.sec.gov/Archives/edgar/data/39263/000003926319000009/a20181231-10k.htm", "calculatedOtherExpenses": 263159000, "calculatedOperatingExpenses": 707191000, "calculatedNetInterest": 864586000, "calculatedOtherIncome": -957892000, "calculatedIncomeNonControlling": 0, "calculatedEbitda": 603411000}, {"date": "2017-12-31", "symbol": "CFR", "reportedCurrency": "USD", "cik": "0000039263", "fillingDate": "2018-02-07", "acceptedDate": "2018-02-07 16:47:48", "calendarYear": "2017", "period": "FY", "revenue": 1202892000, "costOfRevenue": 0, "grossProfit": 1202892000, "grossProfitRatio": 1, "researchAndDevelopmentExpenses": 0, "generalAndAdministrativeExpenses": 431771000, "sellingAndMarketingExpenses": 29337000, "sellingGeneralAndAdministrativeExpenses": 431771000, "otherExpenses": -1153666000, "operatingExpenses": -721895000, "costAndExpenses": -721895000, "interestIncome": 866422000, "interestExpense": 26525000, "depreciationAndAmortization": 1703000, "ebitda": 482700000, "ebitdaratio": 0.4012829082, "operatingIncome": 480997000, "operatingIncomeRatio": 0.3998671535, "totalOtherIncomeExpensesNet": -72634000, "incomeBeforeTax": 408363000, "incomeBeforeTaxRatio": 0.3394843427, "incomeTaxExpense": 44214000, "netIncome": 364149000, "netIncomeRatio": 0.3027279257, "eps": 5.56, "epsdiluted": 5.51, "weightedAverageShsOut": 63694000, "weightedAverageShsOutDil": 64662000, "link": "https://www.sec.gov/Archives/edgar/data/39263/000003926318000016/0000039263-18-000016-index.htm", "finalLink": "https://www.sec.gov/Archives/edgar/data/39263/000003926318000016/a20171231-10k.htm", "calculatedOtherExpenses": 290124000, "calculatedOperatingExpenses": 721895000, "calculatedNetInterest": 839897000, "calculatedOtherIncome": -912531000, "calculatedIncomeNonControlling": 0, "calculatedEbitda": 482700000}, {"date": "2016-12-31", "symbol": "CFR", "reportedCurrency": "USD", "cik": "0000039263", "fillingDate": "2017-02-03", "acceptedDate": "2017-02-03 16:12:50", "calendarYear": "2016", "period": "FY", "revenue": 1126044000, "costOfRevenue": 0, "grossProfit": 1126044000, "grossProfitRatio": 1, "researchAndDevelopmentExpenses": 0, "generalAndAdministrativeExpenses": 424280000, "sellingAndMarketingExpenses": 27677000, "sellingGeneralAndAdministrativeExpenses": 451957000, "otherExpenses": -1224514000, "operatingExpenses": -772557000, "costAndExpenses": -772557000, "interestIncome": 788412000, "interestExpense": 12076000, "depreciationAndAmortization": 48177000, "ebitda": 401664000, "ebitdaratio": 0.3567036457, "operatingIncome": 353487000, "operatingIncomeRatio": 0.3139193495, "totalOtherIncomeExpensesNet": -12076000, "incomeBeforeTax": 341411000, "incomeBeforeTaxRatio": 0.3031950794, "incomeTaxExpense": 37150000, "netIncome": 304261000, "netIncomeRatio": 0.2702034734, "eps": 4.73, "epsdiluted": 4.7, "weightedAverageShsOut": 62376260, "weightedAverageShsOutDil": 62968875, "link": "https://www.sec.gov/Archives/edgar/data/39263/000003926317000017/0000039263-17-000017-index.htm", "finalLink": "https://www.sec.gov/Archives/edgar/data/39263/000003926317000017/a20161231-10k.htm", "calculatedOtherExpenses": 320600000, "calculatedOperatingExpenses": 772557000, "calculatedNetInterest": 776336000, "calculatedOtherIncome": -788412000, "calculatedIncomeNonControlling": 0, "calculatedEbitda": 401664000}, {"date": "2015-12-31", "symbol": "CFR", "reportedCurrency": "USD", "cik": "0000039263", "fillingDate": "2016-02-04", "acceptedDate": "2016-02-04 11:19:11", "calendarYear": "2015", "period": "FY", "revenue": 1065362000, "costOfRevenue": 0, "grossProfit": 1065362000, "grossProfitRatio": 1, "researchAndDevelopmentExpenses": 0, "generalAndAdministrativeExpenses": 394769000, "sellingAndMarketingExpenses": 28858000, "sellingGeneralAndAdministrativeExpenses": 394769000, "otherExpenses": -1088833000, "operatingExpenses": -694064000, "costAndExpenses": -694064000, "interestIncome": 736632000, "interestExpense": 12864000, "depreciationAndAmortization": 3325000, "ebitda": 374623000, "ebitdaratio": 0.3516391611, "operatingIncome": 371298000, "operatingIncomeRatio": 0.3485181563, "totalOtherIncomeExpensesNet": -51499000, "incomeBeforeTax": 319799000, "incomeBeforeTaxRatio": 0.3001787186, "incomeTaxExpense": 40471000, "netIncome": 279328000, "netIncomeRatio": 0.262190692, "eps": 4.31, "epsdiluted": 4.28, "weightedAverageShsOut": 62758000, "weightedAverageShsOutDil": 63473000, "link": "https://www.sec.gov/Archives/edgar/data/39263/000003926316000073/0000039263-16-000073-index.htm", "finalLink": "https://www.sec.gov/Archives/edgar/data/39263/000003926316000073/a20151231-10k.htm", "calculatedOtherExpenses": 299295000, "calculatedOperatingExpenses": 694064000, "calculatedNetInterest": 723768000, "calculatedOtherIncome": -775267000, "calculatedIncomeNonControlling": 0, "calculatedEbitda": 374623000}, {"date": "2014-12-31", "symbol": "CFR", "reportedCurrency": "USD", "cik": "0000039263", "fillingDate": "2015-02-05", "acceptedDate": "2015-02-05 15:18:40", "calendarYear": "2014", "period": "FY", "revenue": 1007078000, "costOfRevenue": 0, "grossProfit": 1007078000, "grossProfitRatio": 1, "researchAndDevelopmentExpenses": 0, "generalAndAdministrativeExpenses": 365732000, "sellingAndMarketingExpenses": 28998000, "sellingGeneralAndAdministrativeExpenses": 365732000, "otherExpenses": -986075000, "operatingExpenses": -620343000, "costAndExpenses": -620343000, "interestIncome": 686934000, "interestExpense": 14537000, "depreciationAndAmortization": 3520000, "ebitda": 390255000, "ebitdaratio": 0.3875121887, "operatingIncome": 386735000, "operatingIncomeRatio": 0.3840169282, "totalOtherIncomeExpensesNet": -50711000, "incomeBeforeTax": 336024000, "incomeBeforeTaxRatio": 0.333662338, "incomeTaxExpense": 58047000, "netIncome": 277977000, "netIncomeRatio": 0.276023307, "eps": 4.32, "epsdiluted": 4.29, "weightedAverageShsOut": 62072000, "weightedAverageShsOutDil": 62974000, "link": "https://www.sec.gov/Archives/edgar/data/39263/000003926315000011/0000039263-15-000011-index.htm", "finalLink": "https://www.sec.gov/Archives/edgar/data/39263/000003926315000011/a20141231-10k.htm", "calculatedOtherExpenses": 254611000, "calculatedOperatingExpenses": 620343000, "calculatedNetInterest": 672397000, "calculatedOtherIncome": -723108000, "calculatedIncomeNonControlling": 0, "calculatedEbitda": 390255000}, {"date": "2013-12-31", "symbol": "CFR", "reportedCurrency": "USD", "cik": "0000039263", "fillingDate": "2014-02-06", "acceptedDate": "2014-02-06 13:13:30", "calendarYear": "2013", "period": "FY", "revenue": 923373000, "costOfRevenue": 0, "grossProfit": 923373000, "grossProfitRatio": 1, "researchAndDevelopmentExpenses": 0, "generalAndAdministrativeExpenses": 347781000, "sellingAndMarketingExpenses": 26232000, "sellingGeneralAndAdministrativeExpenses": 347781000, "otherExpenses": -922998000, "operatingExpenses": -575217000, "costAndExpenses": -575217000, "interestIncome": 620555000, "interestExpense": 21945000, "depreciationAndAmortization": 3141000, "ebitda": 351297000, "ebitdaratio": 0.3804497208, "operatingIncome": 348156000, "operatingIncomeRatio": 0.3770480618, "totalOtherIncomeExpensesNet": -57275000, "incomeBeforeTax": 290881000, "incomeBeforeTaxRatio": 0.3150200407, "incomeTaxExpense": 53015000, "netIncome": 237866000, "netIncomeRatio": 0.2576055397, "eps": 3.82, "epsdiluted": 3.8, "weightedAverageShsOut": 60350000, "weightedAverageShsOutDil": 61116000, "link": "https://www.sec.gov/Archives/edgar/data/39263/000003926314000013/0000039263-14-000013-index.htm", "finalLink": "https://www.sec.gov/Archives/edgar/data/39263/000003926314000013/a20131231-10k.htm", "calculatedOtherExpenses": 227436000, "calculatedOperatingExpenses": 575217000, "calculatedNetInterest": 598610000, "calculatedOtherIncome": -655885000, "calculatedIncomeNonControlling": 0, "calculatedEbitda": 351297000}, {"date": "2012-12-31", "symbol": "CFR", "reportedCurrency": "USD", "cik": "0000039263", "fillingDate": "2013-02-08", "acceptedDate": "2013-02-08 15:03:32", "calendarYear": "2012", "period": "FY", "revenue": 893648000, "costOfRevenue": 0, "grossProfit": 893648000, "grossProfitRatio": 1, "researchAndDevelopmentExpenses": 0, "generalAndAdministrativeExpenses": 327474000, "sellingAndMarketingExpenses": 23773000, "sellingGeneralAndAdministrativeExpenses": 327474000, "otherExpenses": -852016000, "operatingExpenses": -524542000, "costAndExpenses": -524542000, "interestIncome": 604861000, "interestExpense": 26751000, "depreciationAndAmortization": 3896000, "ebitda": 373002000, "ebitdaratio": 0.4173925304, "operatingIncome": 369106000, "operatingIncomeRatio": 0.413032872, "totalOtherIncomeExpensesNet": -60631000, "incomeBeforeTax": 308475000, "incomeBeforeTaxRatio": 0.3451862478, "incomeTaxExpense": 70523000, "netIncome": 237952000, "netIncomeRatio": 0.2662703883, "eps": 3.87, "epsdiluted": 3.86, "weightedAverageShsOut": 61298000, "weightedAverageShsOutDil": 61643000, "link": "https://www.sec.gov/Archives/edgar/data/39263/000119312513045916/0001193125-13-045916-index.htm", "finalLink": "https://www.sec.gov/Archives/edgar/data/39263/000119312513045916/d446300d10k.htm", "calculatedOtherExpenses": 197068000, "calculatedOperatingExpenses": 524542000, "calculatedNetInterest": 578110000, "calculatedOtherIncome": -638741000, "calculatedIncomeNonControlling": 0, "calculatedEbitda": 373002000}, {"date": "2011-12-31", "symbol": "CFR", "reportedCurrency": "USD", "cik": "0000039263", "fillingDate": "2012-02-03", "acceptedDate": "2012-02-03 16:02:33", "calendarYear": "2011", "period": "FY", "revenue": 871778000, "costOfRevenue": 0, "grossProfit": 871778000, "grossProfitRatio": 1, "researchAndDevelopmentExpenses": 0, "generalAndAdministrativeExpenses": 317681000, "sellingAndMarketingExpenses": 0, "sellingGeneralAndAdministrativeExpenses": 317681000, "otherExpenses": -828742000, "operatingExpenses": -511061000, "costAndExpenses": -511061000, "interestIncome": 581776000, "interestExpense": 41241000, "depreciationAndAmortization": 4387000, "ebitda": 365104000, "ebitdaratio": 0.4188038698, "operatingIncome": 360717000, "operatingIncomeRatio": 0.4137716253, "totalOtherIncomeExpensesNet": -74482000, "incomeBeforeTax": 286235000, "incomeBeforeTaxRatio": 0.3283347366, "incomeTaxExpense": 68700000, "netIncome": 217535000, "netIncomeRatio": 0.2495302703, "eps": 3.55, "epsdiluted": 3.54, "weightedAverageShsOut": 61101000, "weightedAverageShsOutDil": 61278000, "link": "https://www.sec.gov/Archives/edgar/data/39263/000119312512038799/0001193125-12-038799-index.htm", "finalLink": "https://www.sec.gov/Archives/edgar/data/39263/000119312512038799/d265142d10k.htm", "calculatedOtherExpenses": 193380000, "calculatedOperatingExpenses": 511061000, "calculatedNetInterest": 540535000, "calculatedOtherIncome": -615017000, "calculatedIncomeNonControlling": 0, "calculatedEbitda": 365104000}, {"date": "2010-12-31", "symbol": "CFR", "reportedCurrency": "USD", "cik": "0000039263", "fillingDate": "2011-02-03", "acceptedDate": "2011-02-03 13:08:51", "calendarYear": "2010", "period": "FY", "revenue": 845492000, "costOfRevenue": 0, "grossProfit": 845492000, "grossProfitRatio": 1, "researchAndDevelopmentExpenses": 0, "generalAndAdministrativeExpenses": 312392000, "sellingAndMarketingExpenses": 0, "sellingGeneralAndAdministrativeExpenses": 312392000, "otherExpenses": -805201000, "operatingExpenses": -492809000, "costAndExpenses": -492809000, "interestIncome": 563459000, "interestExpense": 53880000, "depreciationAndAmortization": 5125000, "ebitda": 357808000, "ebitdaratio": 0.4231950154, "operatingIncome": 352683000, "operatingIncomeRatio": 0.417133456, "totalOtherIncomeExpensesNet": -86343000, "incomeBeforeTax": 266340000, "incomeBeforeTaxRatio": 0.3150118511, "incomeTaxExpense": 57576000, "netIncome": 208764000, "netIncomeRatio": 0.2469142227, "eps": 3.44, "epsdiluted": 3.44, "weightedAverageShsOut": 60411000, "weightedAverageShsOutDil": 60586000, "link": "https://www.sec.gov/Archives/edgar/data/39263/000119312511022877/0001193125-11-022877-index.htm", "finalLink": "https://www.sec.gov/Archives/edgar/data/39263/000119312511022877/d10k.htm", "calculatedOtherExpenses": 180417000, "calculatedOperatingExpenses": 492809000, "calculatedNetInterest": 509579000, "calculatedOtherIncome": -595922000, "calculatedIncomeNonControlling": 0, "calculatedEbitda": 357808000}, {"date": "2009-12-31", "symbol": "CFR", "reportedCurrency": "USD", "cik": "0000039263", "fillingDate": "2010-02-02", "acceptedDate": "2010-02-02 12:37:26", "calendarYear": "2009", "period": "FY", "revenue": 1408101000, "costOfRevenue": 577716000, "grossProfit": 830385000, "grossProfitRatio": 0.5897197715, "researchAndDevelopmentExpenses": 0, "generalAndAdministrativeExpenses": 311679000, "sellingAndMarketingExpenses": 0, "sellingGeneralAndAdministrativeExpenses": 311679000, "otherExpenses": -793030000, "operatingExpenses": -481351000, "costAndExpenses": 577716000, "interestIncome": 1114395000, "interestExpense": 86357000, "depreciationAndAmortization": 6537000, "ebitda": 355571000, "ebitdaratio": 0.2525181077, "operatingIncome": 349034000, "operatingIncomeRatio": 0.2478756851, "totalOtherIncomeExpensesNet": -116279000, "incomeBeforeTax": 232755000, "incomeBeforeTaxRatio": 0.1652970916, "incomeTaxExpense": 53721000, "netIncome": 179034000, "netIncomeRatio": 0.127145709, "eps": 3, "epsdiluted": 3, "weightedAverageShsOut": 59456000, "weightedAverageShsOutDil": 59514000, "link": "https://www.sec.gov/Archives/edgar/data/39263/000119312510019149/0001193125-10-019149-index.htm", "finalLink": "https://www.sec.gov/Archives/edgar/data/39263/000119312510019149/d10k.htm", "calculatedOtherExpenses": 169672000, "calculatedOperatingExpenses": 481351000, "calculatedNetInterest": 1028038000, "calculatedOtherIncome": -1144317000, "calculatedIncomeNonControlling": 0, "calculatedEbitda": 355571000}, {"date": "2008-12-31", "symbol": "CFR", "reportedCurrency": "USD", "cik": "0000039263", "fillingDate": "2009-02-03", "acceptedDate": "2009-02-03 12:40:53", "calendarYear": "2008", "period": "FY", "revenue": 821347000, "costOfRevenue": 0, "grossProfit": 821347000, "grossProfitRatio": 1, "researchAndDevelopmentExpenses": 0, "generalAndAdministrativeExpenses": 273162000, "sellingAndMarketingExpenses": 0, "sellingGeneralAndAdministrativeExpenses": 273162000, "otherExpenses": -656004000, "operatingExpenses": -382842000, "costAndExpenses": -382842000, "interestIncome": 675651000, "interestExpense": 141626000, "depreciationAndAmortization": 33567000, "ebitda": 472072000, "ebitdaratio": 0.5747534233, "operatingIncome": 438505000, "operatingIncomeRatio": 0.533885191, "totalOtherIncomeExpensesNet": -141626000, "incomeBeforeTax": 296879000, "incomeBeforeTaxRatio": 0.361453807, "incomeTaxExpense": 89624000, "netIncome": 207255000, "netIncomeRatio": 0.2523354928, "eps": 3.51, "epsdiluted": 3.5, "weightedAverageShsOut": 58845451, "weightedAverageShsOutDil": 59169578, "link": "https://www.sec.gov/Archives/edgar/data/39263/000119312509017234/0001193125-09-017234-index.htm", "finalLink": "https://www.sec.gov/Archives/edgar/data/39263/000119312509017234/d10k.htm", "calculatedOtherExpenses": 109680000, "calculatedOperatingExpenses": 382842000, "calculatedNetInterest": 534025000, "calculatedOtherIncome": -675651000, "calculatedIncomeNonControlling": 0, "calculatedEbitda": 472072000}, {"date": "2007-12-31", "symbol": "CFR", "reportedCurrency": "USD", "cik": "0000039263", "fillingDate": "2008-02-01", "acceptedDate": "2008-02-01 16:48:34", "calendarYear": "2007", "period": "FY", "revenue": 786968000, "costOfRevenue": 0, "grossProfit": 786968000, "grossProfitRatio": 1, "researchAndDevelopmentExpenses": 0, "generalAndAdministrativeExpenses": 257077000, "sellingAndMarketingExpenses": 0, "sellingGeneralAndAdministrativeExpenses": 257077000, "otherExpenses": -484073000, "operatingExpenses": -226996000, "costAndExpenses": -226996000, "interestIncome": 768847000, "interestExpense": 250110000, "depreciationAndAmortization": 31357000, "ebitda": 591329000, "ebitdaratio": 0.7514015818, "operatingIncome": 559972000, "operatingIncomeRatio": 0.7115562513, "totalOtherIncomeExpensesNet": -250110000, "incomeBeforeTax": 309862000, "incomeBeforeTaxRatio": 0.3937415498, "incomeTaxExpense": 97791000, "netIncome": 212071000, "netIncomeRatio": 0.2694785557, "eps": 3.6, "epsdiluted": 3.55, "weightedAverageShsOut": 58908611, "weightedAverageShsOutDil": 59738310, "link": "https://www.sec.gov/Archives/edgar/data/39263/000095013408001518/0000950134-08-001518-index.htm", "finalLink": "https://www.sec.gov/Archives/edgar/data/39263/000095013408001518/d53308e10vk.htm", "calculatedOtherExpenses": -30081000, "calculatedOperatingExpenses": 226996000, "calculatedNetInterest": 518737000, "calculatedOtherIncome": -768847000, "calculatedIncomeNonControlling": 0, "calculatedEbitda": 591329000}, {"date": "2006-12-31", "symbol": "CFR", "reportedCurrency": "USD", "cik": "0000039263", "fillingDate": "2007-02-02", "acceptedDate": "2007-02-02 16:27:57", "calendarYear": "2006", "period": "FY", "revenue": 709910000, "costOfRevenue": 0, "grossProfit": 709910000, "grossProfitRatio": 1, "researchAndDevelopmentExpenses": 0, "generalAndAdministrativeExpenses": 237015000, "sellingAndMarketingExpenses": 0, "sellingGeneralAndAdministrativeExpenses": 237015000, "otherExpenses": -446722000, "operatingExpenses": -209707000, "costAndExpenses": -209707000, "interestIncome": 683959000, "interestExpense": 214796000, "depreciationAndAmortization": 25169000, "ebitda": 525372000, "ebitdaratio": 0.7400543731, "operatingIncome": 500203000, "operatingIncomeRatio": 0.7046005832, "totalOtherIncomeExpensesNet": -214796000, "incomeBeforeTax": 285407000, "incomeBeforeTaxRatio": 0.402032652, "incomeTaxExpense": 91816000, "netIncome": 193591000, "netIncomeRatio": 0.2726979476, "eps": 3.49, "epsdiluted": 3.42, "weightedAverageShsOut": 55470201, "weightedAverageShsOutDil": 56605556, "link": "https://www.sec.gov/Archives/edgar/data/39263/000095013407001881/0000950134-07-001881-index.htm", "finalLink": "https://www.sec.gov/Archives/edgar/data/39263/000095013407001881/d43054e10vk.htm", "calculatedOtherExpenses": -27308000, "calculatedOperatingExpenses": 209707000, "calculatedNetInterest": 469163000, "calculatedOtherIncome": -683959000, "calculatedIncomeNonControlling": 0, "calculatedEbitda": 525372000}, {"date": "2005-12-31", "symbol": "CFR", "reportedCurrency": "USD", "cik": "0000039263", "fillingDate": "2006-02-03", "acceptedDate": "2006-02-03 17:18:21", "calendarYear": "2005", "period": "FY", "revenue": 621645000, "costOfRevenue": 0, "grossProfit": 621645000, "grossProfitRatio": 1, "researchAndDevelopmentExpenses": 0, "generalAndAdministrativeExpenses": 207636000, "sellingAndMarketingExpenses": 0, "sellingGeneralAndAdministrativeExpenses": 207636000, "otherExpenses": -466332000, "operatingExpenses": -258696000, "costAndExpenses": -258696000, "interestIncome": 509827000, "interestExpense": 118561000, "depreciationAndAmortization": 26343000, "ebitda": 389292000, "ebitdaratio": 0.6262287962, "operatingIncome": 362949000, "operatingIncomeRatio": 0.5838525203, "totalOtherIncomeExpensesNet": -118561000, "incomeBeforeTax": 244388000, "incomeBeforeTaxRatio": 0.3931311279, "incomeTaxExpense": 78965000, "netIncome": 165423000, "netIncomeRatio": 0.266105253, "eps": 3.15, "epsdiluted": 3.07, "weightedAverageShsOut": 52515238, "weightedAverageShsOutDil": 53883713, "link": "https://www.sec.gov/Archives/edgar/data/39263/000095013406001846/0000950134-06-001846-index.htm", "finalLink": "https://www.sec.gov/Archives/edgar/data/39263/000095013406001846/d32463e10vk.htm", "calculatedOtherExpenses": 51060000, "calculatedOperatingExpenses": 258696000, "calculatedNetInterest": 391266000, "calculatedOtherIncome": -509827000, "calculatedIncomeNonControlling": 0, "calculatedEbitda": 389292000}, {"date": "2004-12-31", "symbol": "CFR", "reportedCurrency": "USD", "cik": "0000039263", "fillingDate": "2005-02-04", "acceptedDate": "2005-02-04 14:42:55", "calendarYear": "2004", "period": "FY", "revenue": 556548000, "costOfRevenue": 0, "grossProfit": 556548000, "grossProfitRatio": 1, "researchAndDevelopmentExpenses": 0, "generalAndAdministrativeExpenses": 198215000, "sellingAndMarketingExpenses": 9619000, "sellingGeneralAndAdministrativeExpenses": 207834000, "otherExpenses": -623057000, "operatingExpenses": -415223000, "costAndExpenses": -415223000, "interestIncome": 393544000, "interestExpense": 62106000, "depreciationAndAmortization": 25859000, "ebitda": 296983000, "ebitdaratio": 0.5336161481, "operatingIncome": 141325000, "operatingIncomeRatio": 0.253931377, "totalOtherIncomeExpensesNet": 67693000, "incomeBeforeTax": 209018000, "incomeBeforeTaxRatio": 0.3755614969, "incomeTaxExpense": 67693000, "netIncome": 141325000, "netIncomeRatio": 0.253931377, "eps": 2.74, "epsdiluted": 2.66, "weightedAverageShsOut": 51578467, "weightedAverageShsOutDil": 53129699, "link": "https://www.sec.gov/Archives/edgar/data/39263/000095013405002090/0000950134-05-002090-index.htm", "finalLink": "https://www.sec.gov/Archives/edgar/data/39263/000095013405002090/d22132e10vk.htm", "calculatedOtherExpenses": 207389000, "calculatedOperatingExpenses": 415223000, "calculatedNetInterest": 331438000, "calculatedOtherIncome": -263745000, "calculatedIncomeNonControlling": 0, "calculatedEbitda": 167184000}, {"date": "2003-12-31", "symbol": "CFR", "reportedCurrency": "USD", "cik": "0000039263", "fillingDate": "2004-02-18", "acceptedDate": "2004-02-18 16:19:31", "calendarYear": "2003", "period": "FY", "revenue": 529119000, "costOfRevenue": 0, "grossProfit": 529119000, "grossProfitRatio": 1, "researchAndDevelopmentExpenses": 0, "generalAndAdministrativeExpenses": 184938000, "sellingAndMarketingExpenses": 0, "sellingGeneralAndAdministrativeExpenses": 184938000, "otherExpenses": -583556000, "operatingExpenses": -398618000, "costAndExpenses": -398618000, "interestIncome": 368946000, "interestExpense": 55188000, "depreciationAndAmortization": 27751000, "ebitda": 275479000, "ebitdaratio": 0.5206371346, "operatingIncome": 130501000, "operatingIncomeRatio": 0.2466382799, "totalOtherIncomeExpensesNet": 62039000, "incomeBeforeTax": 192540000, "incomeBeforeTaxRatio": 0.3638878967, "incomeTaxExpense": 62039000, "netIncome": 130501000, "netIncomeRatio": 0.2466382799, "eps": 2.54, "epsdiluted": 2.48, "weightedAverageShsOut": 51378346, "weightedAverageShsOutDil": 52621371, "link": "https://www.sec.gov/Archives/edgar/data/39263/000095013404002238/0000950134-04-002238-index.htm", "finalLink": "https://www.sec.gov/Archives/edgar/data/39263/000095013404002238/d12709e10vk.htm", "calculatedOtherExpenses": 213680000, "calculatedOperatingExpenses": 398618000, "calculatedNetInterest": 313758000, "calculatedOtherIncome": -251719000, "calculatedIncomeNonControlling": 0, "calculatedEbitda": 158252000}, {"date": "2002-12-31", "symbol": "CFR", "reportedCurrency": "USD", "cik": "0000039263", "fillingDate": "2003-03-28", "acceptedDate": "2003-03-28 16:08:03", "calendarYear": "2002", "period": "FY", "revenue": 514742000, "costOfRevenue": 0, "grossProfit": 514742000, "grossProfitRatio": 1, "researchAndDevelopmentExpenses": 0, "generalAndAdministrativeExpenses": 173841000, "sellingAndMarketingExpenses": 0, "sellingGeneralAndAdministrativeExpenses": 173841000, "otherExpenses": -566350000, "operatingExpenses": -392509000, "costAndExpenses": -392509000, "interestIncome": 389898000, "interestExpense": 75865000, "depreciationAndAmortization": 31494000, "ebitda": 282166000, "ebitdaratio": 0.5481697627, "operatingIncome": 122233000, "operatingIncomeRatio": 0.2374645939, "totalOtherIncomeExpensesNet": 57821000, "incomeBeforeTax": 180054000, "incomeBeforeTaxRatio": 0.3497946544, "incomeTaxExpense": 57821000, "netIncome": 116986000, "netIncomeRatio": 0.2272711378, "eps": 2.29, "epsdiluted": 2.29, "weightedAverageShsOut": 51085590, "weightedAverageShsOutDil": 52625455, "link": "https://www.sec.gov/Archives/edgar/data/39263/000095013403004843/0000950134-03-004843-index.htm", "finalLink": "https://www.sec.gov/Archives/edgar/data/39263/000095013403004843/d04006e10vk.htm", "calculatedOtherExpenses": 218668000, "calculatedOperatingExpenses": 392509000, "calculatedNetInterest": 314033000, "calculatedOtherIncome": -256212000, "calculatedIncomeNonControlling": 5247000, "calculatedEbitda": 153727000}, {"date": "2001-12-31", "symbol": "CFR", "reportedCurrency": "USD", "cik": "0000039263", "fillingDate": "2002-03-29", "acceptedDate": "2002-03-29 00:00:00", "calendarYear": "2001", "period": "FY", "revenue": 509108000, "costOfRevenue": 0, "grossProfit": 509108000, "grossProfitRatio": 1, "researchAndDevelopmentExpenses": 0, "generalAndAdministrativeExpenses": 180264000, "sellingAndMarketingExpenses": 0, "sellingGeneralAndAdministrativeExpenses": 180264000, "otherExpenses": -425132000, "operatingExpenses": -244868000, "costAndExpenses": -244868000, "interestIncome": 460976000, "interestExpense": 144759000, "depreciationAndAmortization": 38330000, "ebitda": 302570000, "ebitdaratio": 0.5943139766, "operatingIncome": 264240000, "operatingIncomeRatio": 0.5190254327, "totalOtherIncomeExpensesNet": -147769000, "incomeBeforeTax": 116471000, "incomeBeforeTaxRatio": 0.2287746411, "incomeTaxExpense": 38565000, "netIncome": 80916000, "netIncomeRatio": 0.1589368071, "eps": 1.57, "epsdiluted": 1.57, "weightedAverageShsOut": 51538854, "weightedAverageShsOutDil": 53425984, "link": "https://www.sec.gov/Archives/edgar/data/39263/000095013402002984/0000950134-02-002984-index.htm", "finalLink": "https://www.sec.gov/Archives/edgar/data/39263/000095013402002984/d95136e10-k.txt", "calculatedOtherExpenses": 64604000, "calculatedOperatingExpenses": 244868000, "calculatedNetInterest": 316217000, "calculatedOtherIncome": -463986000, "calculatedIncomeNonControlling": -3010000, "calculatedEbitda": 302570000}, {"date": "2000-12-31", "symbol": "CFR", "reportedCurrency": "USD", "cik": "0000039263", "fillingDate": "2001-03-28", "acceptedDate": "2001-03-28 00:00:00", "calendarYear": "2000", "period": "FY", "revenue": 493628000, "costOfRevenue": 0, "grossProfit": 493628000, "grossProfitRatio": 1, "researchAndDevelopmentExpenses": 0, "generalAndAdministrativeExpenses": 167806000, "sellingAndMarketingExpenses": 0, "sellingGeneralAndAdministrativeExpenses": 167806000, "otherExpenses": -305621000, "operatingExpenses": -137815000, "costAndExpenses": -137815000, "interestIncome": 512331000, "interestExpense": 189568000, "depreciationAndAmortization": 35507000, "ebitda": 391320000, "ebitdaratio": 0.7927427131, "operatingIncome": 355813000, "operatingIncomeRatio": 0.7208120285, "totalOtherIncomeExpensesNet": -189568000, "incomeBeforeTax": 166245000, "incomeBeforeTaxRatio": 0.3367819492, "incomeTaxExpense": 57428000, "netIncome": 108817000, "netIncomeRatio": 0.2204433298, "eps": 2.09, "epsdiluted": 2.03, "weightedAverageShsOut": 52065550, "weightedAverageShsOutDil": 53604433, "link": "https://www.sec.gov/Archives/edgar/data/39263/000095013401002735/0000950134-01-002735-index.htm", "finalLink": "https://www.sec.gov/Archives/edgar/data/39263/000095013401002735/h85149e10-k405.txt", "calculatedOtherExpenses": -29991000, "calculatedOperatingExpenses": 137815000, "calculatedNetInterest": 322763000, "calculatedOtherIncome": -512331000, "calculatedIncomeNonControlling": 0, "calculatedEbitda": 391320000}, {"date": "1999-12-31", "symbol": "CFR", "reportedCurrency": "USD", "cik": "0000039263", "fillingDate": "2000-03-30", "acceptedDate": "2000-03-30 00:00:00", "calendarYear": "1999", "period": "FY", "revenue": 454100000, "costOfRevenue": 0, "grossProfit": 454100000, "grossProfitRatio": 1, "researchAndDevelopmentExpenses": 0, "generalAndAdministrativeExpenses": 152600000, "sellingAndMarketingExpenses": 0, "sellingGeneralAndAdministrativeExpenses": 152600000, "otherExpenses": -307500000, "operatingExpenses": -154900000, "costAndExpenses": -154900000, "interestIncome": 447600000, "interestExpense": 150600000, "depreciationAndAmortization": 37400000, "ebitda": 336600000, "ebitdaratio": 0.7412464215, "operatingIncome": 299200000, "operatingIncomeRatio": 0.658885708, "totalOtherIncomeExpensesNet": -150600000, "incomeBeforeTax": 148600000, "incomeBeforeTaxRatio": 0.3272406959, "incomeTaxExpense": 51000000, "netIncome": 97600000, "netIncomeRatio": 0.214930632, "eps": 1.83, "epsdiluted": 1.78, "weightedAverageShsOut": 53333333, "weightedAverageShsOutDil": 54831461, "link": "https://www.sec.gov/Archives/edgar/data/39263/000095013400002787/0000950134-00-002787-index.html", "finalLink": "https://www.sec.gov/Archives/edgar/data/39263/000095013400002787/", "calculatedOtherExpenses": 2300000, "calculatedOperatingExpenses": 154900000, "calculatedNetInterest": 297000000, "calculatedOtherIncome": -447600000, "calculatedIncomeNonControlling": 0, "calculatedEbitda": 336600000}, {"date": "1998-12-31", "symbol": "CFR", "reportedCurrency": "USD", "cik": "0000039263", "fillingDate": "1999-03-31", "acceptedDate": "1999-03-31 00:00:00", "calendarYear": "1998", "period": "FY", "revenue": 406700000, "costOfRevenue": 0, "grossProfit": 406700000, "grossProfitRatio": 1, "researchAndDevelopmentExpenses": 0, "generalAndAdministrativeExpenses": 132700000, "sellingAndMarketingExpenses": 0, "sellingGeneralAndAdministrativeExpenses": 132700000, "otherExpenses": -261700000, "operatingExpenses": -129000000, "costAndExpenses": -129000000, "interestIncome": 428100000, "interestExpense": 160100000, "depreciationAndAmortization": 29100000, "ebitda": 306800000, "ebitdaratio": 0.7543643964, "operatingIncome": 277700000, "operatingIncomeRatio": 0.6828128842, "totalOtherIncomeExpensesNet": -160100000, "incomeBeforeTax": 117600000, "incomeBeforeTaxRatio": 0.2891566265, "incomeTaxExpense": 42000000, "netIncome": 75600000, "netIncomeRatio": 0.1858864028, "eps": 1.42, "epsdiluted": 1.38, "weightedAverageShsOut": 53239437, "weightedAverageShsOutDil": 54782609, "link": "https://www.sec.gov/Archives/edgar/data/39263/000089056699000410/0000890566-99-000410-index.htm", "finalLink": "https://www.sec.gov/Archives/edgar/data/39263/0000890566-99-000410.txt", "calculatedOtherExpenses": -3700000, "calculatedOperatingExpenses": 129000000, "calculatedNetInterest": 268000000, "calculatedOtherIncome": -428100000, "calculatedIncomeNonControlling": 0, "calculatedEbitda": 306800000}, {"date": "1997-12-31", "symbol": "CFR", "reportedCurrency": "USD", "cik": "0000039263", "fillingDate": "1998-03-31", "acceptedDate": "1998-03-31 00:00:00", "calendarYear": "1997", "period": "FY", "revenue": 306500000, "costOfRevenue": 0, "grossProfit": 306500000, "grossProfitRatio": 1, "researchAndDevelopmentExpenses": 0, "generalAndAdministrativeExpenses": 98600000, "sellingAndMarketingExpenses": 0, "sellingGeneralAndAdministrativeExpenses": 98600000, "otherExpenses": -178900000, "operatingExpenses": -80300000, "costAndExpenses": -80300000, "interestIncome": 324700000, "interestExpense": 127500000, "depreciationAndAmortization": 13900000, "ebitda": 240100000, "ebitdaratio": 0.783360522, "operatingIncome": 226200000, "operatingIncomeRatio": 0.7380097879, "totalOtherIncomeExpensesNet": -127500000, "incomeBeforeTax": 98700000, "incomeBeforeTaxRatio": 0.3220228385, "incomeTaxExpense": 35200000, "netIncome": 63500000, "netIncomeRatio": 0.207177814, "eps": 1.38, "epsdiluted": 1.34, "weightedAverageShsOut": 52898551, "weightedAverageShsOutDil": 54477612, "link": "https://www.sec.gov/Archives/edgar/data/39263/000089056698000521/0000890566-98-000521-index.htm", "finalLink": "https://www.sec.gov/Archives/edgar/data/39263/0000890566-98-000521.txt", "calculatedOtherExpenses": -18300000, "calculatedOperatingExpenses": 80300000, "calculatedNetInterest": 197200000, "calculatedOtherIncome": -324700000, "calculatedIncomeNonControlling": 0, "calculatedEbitda": 240100000}, {"date": "1996-12-31", "symbol": "CFR", "reportedCurrency": "USD", "cik": "0000039263", "fillingDate": "1997-03-31", "acceptedDate": "1997-03-31 00:00:00", "calendarYear": "1996", "period": "FY", "revenue": 273600000, "costOfRevenue": 0, "grossProfit": 273600000, "grossProfitRatio": 1, "researchAndDevelopmentExpenses": 0, "generalAndAdministrativeExpenses": 87100000, "sellingAndMarketingExpenses": 0, "sellingGeneralAndAdministrativeExpenses": 87100000, "otherExpenses": -163500000, "operatingExpenses": -76400000, "costAndExpenses": -76400000, "interestIncome": 290500000, "interestExpense": 111400000, "depreciationAndAmortization": 25300000, "ebitda": 222500000, "ebitdaratio": 0.8132309942, "operatingIncome": 197200000, "operatingIncomeRatio": 0.7207602339, "totalOtherIncomeExpensesNet": -111400000, "incomeBeforeTax": 85800000, "incomeBeforeTaxRatio": 0.3135964912, "incomeTaxExpense": 30800000, "netIncome": 55000000, "netIncomeRatio": 0.2010233918, "eps": 1.19, "epsdiluted": 1.16, "weightedAverageShsOut": 52857143, "weightedAverageShsOutDil": 54224138, "link": "https://www.sec.gov/Archives/edgar/data/39263/000003926397000004/0000039263-97-000004-index.htm", "finalLink": "https://www.sec.gov/Archives/edgar/data/39263/0000039263-97-000004.txt", "calculatedOtherExpenses": -10700000, "calculatedOperatingExpenses": 76400000, "calculatedNetInterest": 179100000, "calculatedOtherIncome": -290500000, "calculatedIncomeNonControlling": 0, "calculatedEbitda": 222500000}, {"date": "1995-12-31", "symbol": "CFR", "reportedCurrency": "USD", "cik": "0000039263", "fillingDate": "1996-03-29", "acceptedDate": "1996-03-29 00:00:00", "calendarYear": "1995", "period": "FY", "revenue": 240000000, "costOfRevenue": 0, "grossProfit": 240000000, "grossProfitRatio": 1, "researchAndDevelopmentExpenses": 0, "generalAndAdministrativeExpenses": 69100000, "sellingAndMarketingExpenses": 0, "sellingGeneralAndAdministrativeExpenses": 69100000, "otherExpenses": -134000000, "operatingExpenses": -64900000, "costAndExpenses": -64900000, "interestIncome": 256100000, "interestExpense": 103800000, "depreciationAndAmortization": 21000000, "ebitda": 196100000, "ebitdaratio": 0.8170833333, "operatingIncome": 175100000, "operatingIncomeRatio": 0.7295833333, "totalOtherIncomeExpensesNet": -103800000, "incomeBeforeTax": 71300000, "incomeBeforeTaxRatio": 0.2970833333, "incomeTaxExpense": 25000000, "netIncome": 46300000, "netIncomeRatio": 0.1929166667, "eps": 1.02, "epsdiluted": 1.01, "weightedAverageShsOut": 45392157, "weightedAverageShsOutDil": 45615764, "link": "https://www.sec.gov/Archives/edgar/data/39263/000003926396000007/0000039263-96-000007-index.html", "finalLink": "https://www.sec.gov/Archives/edgar/data/39263/", "calculatedOtherExpenses": -4200000, "calculatedOperatingExpenses": 64900000, "calculatedNetInterest": 152300000, "calculatedOtherIncome": -256100000, "calculatedIncomeNonControlling": 0, "calculatedEbitda": 196100000}, {"date": "1994-12-31", "symbol": "CFR", "reportedCurrency": "USD", "cik": "0000039263", "fillingDate": "1995-03-30", "acceptedDate": "1995-03-30 00:00:00", "calendarYear": "1994", "period": "FY", "revenue": 213100000, "costOfRevenue": 0, "grossProfit": 213100000, "grossProfitRatio": 1, "researchAndDevelopmentExpenses": 0, "generalAndAdministrativeExpenses": 62900000, "sellingAndMarketingExpenses": 0, "sellingGeneralAndAdministrativeExpenses": 62900000, "otherExpenses": -149200000, "operatingExpenses": -86300000, "costAndExpenses": -86300000, "interestIncome": 205500000, "interestExpense": 69200000, "depreciationAndAmortization": 5600000, "ebitda": 132400000, "ebitdaratio": 0.6213045519, "operatingIncome": 126800000, "operatingIncomeRatio": 0.5950258095, "totalOtherIncomeExpensesNet": -69200000, "incomeBeforeTax": 57600000, "incomeBeforeTaxRatio": 0.2702956359, "incomeTaxExpense": 20200000, "netIncome": 37400000, "netIncomeRatio": 0.175504458, "eps": 0.83, "epsdiluted": 0.83, "weightedAverageShsOut": 44924925, "weightedAverageShsOutDil": 44924925, "link": "https://www.sec.gov/Archives/edgar/data/39263/000003926395000005/0000039263-95-000005-index.html", "finalLink": "https://www.sec.gov/Archives/edgar/data/39263/", "calculatedOtherExpenses": 23400000, "calculatedOperatingExpenses": 86300000, "calculatedNetInterest": 136300000, "calculatedOtherIncome": -205500000, "calculatedIncomeNonControlling": 0, "calculatedEbitda": 132400000}, {"date": "1993-12-31", "symbol": "CFR", "reportedCurrency": "USD", "cik": "0000039263", "fillingDate": "1994-03-30", "acceptedDate": "1994-03-30 00:00:00", "calendarYear": "1993", "period": "FY", "revenue": 204000000, "costOfRevenue": 0, "grossProfit": 204000000, "grossProfitRatio": 1, "researchAndDevelopmentExpenses": 0, "generalAndAdministrativeExpenses": 65700000, "sellingAndMarketingExpenses": 0, "sellingGeneralAndAdministrativeExpenses": 65700000, "otherExpenses": -161500000, "operatingExpenses": -95800000, "costAndExpenses": -95800000, "interestIncome": 189600000, "interestExpense": 61800000, "depreciationAndAmortization": 11200000, "ebitda": 119400000, "ebitdaratio": 0.5852941176, "operatingIncome": 108200000, "operatingIncomeRatio": 0.5303921569, "totalOtherIncomeExpensesNet": -70200000, "incomeBeforeTax": 38000000, "incomeBeforeTaxRatio": 0.1862745098, "incomeTaxExpense": -700000, "netIncome": 47100000, "netIncomeRatio": 0.2308823529, "eps": 1.95, "epsdiluted": 1.93, "weightedAverageShsOut": 44204545, "weightedAverageShsOutDil": 44204545, "link": "https://www.sec.gov/Archives/edgar/data/39263/000003926394000003/0000039263-94-000003-index.htm", "finalLink": "https://www.sec.gov/Archives/edgar/data/39263/0000039263-94-000003.txt", "calculatedOtherExpenses": 30100000, "calculatedOperatingExpenses": 95800000, "calculatedNetInterest": 127800000, "calculatedOtherIncome": -198000000, "calculatedIncomeNonControlling": -8400000, "calculatedEbitda": 119400000}, {"date": "1992-12-31", "symbol": "CFR", "reportedCurrency": "USD", "cik": "0000039263", "fillingDate": "1992-12-31", "acceptedDate": "1992-12-30 19:00:00", "calendarYear": "1992", "period": "FY", "revenue": 178500000, "costOfRevenue": 0, "grossProfit": 178500000, "grossProfitRatio": 1, "researchAndDevelopmentExpenses": 0, "generalAndAdministrativeExpenses": 55900000, "sellingAndMarketingExpenses": 0, "sellingGeneralAndAdministrativeExpenses": 55900000, "otherExpenses": -128800000, "operatingExpenses": -72900000, "costAndExpenses": -72900000, "interestIncome": 190000000, "interestExpense": 73300000, "depreciationAndAmortization": 8800000, "ebitda": 114400000, "ebitdaratio": 0.6408963585, "operatingIncome": 105600000, "operatingIncomeRatio": 0.5915966387, "totalOtherIncomeExpensesNet": -79800000, "incomeBeforeTax": 25800000, "incomeBeforeTaxRatio": 0.1445378151, "incomeTaxExpense": 8200000, "netIncome": 24100000, "netIncomeRatio": 0.1350140056, "eps": 0.57, "epsdiluted": 0.57, "weightedAverageShsOut": 42280702, "weightedAverageShsOutDil": 42280702, "link": "", "finalLink": "", "calculatedOtherExpenses": 17000000, "calculatedOperatingExpenses": 72900000, "calculatedNetInterest": 116700000, "calculatedOtherIncome": -196500000, "calculatedIncomeNonControlling": -6500000, "calculatedEbitda": 114400000}, {"date": "1991-12-31", "symbol": "CFR", "reportedCurrency": "USD", "cik": "0000039263", "fillingDate": "1991-12-31", "acceptedDate": "1991-12-30 19:00:00", "calendarYear": "1991", "period": "FY", "revenue": 166000000, "costOfRevenue": 0, "grossProfit": 166000000, "grossProfitRatio": 1, "researchAndDevelopmentExpenses": 0, "generalAndAdministrativeExpenses": 53200000, "sellingAndMarketingExpenses": 0, "sellingGeneralAndAdministrativeExpenses": 53200000, "otherExpenses": -95700000, "operatingExpenses": -42500000, "costAndExpenses": -42500000, "interestIncome": 231200000, "interestExpense": 122700000, "depreciationAndAmortization": 7500000, "ebitda": 131000000, "ebitdaratio": 0.7891566265, "operatingIncome": 123500000, "operatingIncomeRatio": 0.7439759036, "totalOtherIncomeExpensesNet": -122700000, "incomeBeforeTax": 800000, "incomeBeforeTaxRatio": 0.0048192771, "incomeTaxExpense": 600000, "netIncome": 200000, "netIncomeRatio": 0.0012048193, "eps": 0.01, "epsdiluted": 0.01, "weightedAverageShsOut": 38000000, "weightedAverageShsOutDil": 38000000, "link": "", "finalLink": "", "calculatedOtherExpenses": -10700000, "calculatedOperatingExpenses": 42500000, "calculatedNetInterest": 108500000, "calculatedOtherIncome": -231200000, "calculatedIncomeNonControlling": 0, "calculatedEbitda": 131000000}, {"date": "1990-12-31", "symbol": "CFR", "reportedCurrency": "USD", "cik": "0000039263", "fillingDate": "1990-12-31", "acceptedDate": "1990-12-30 19:00:00", "calendarYear": "1990", "period": "FY", "revenue": 160600000, "costOfRevenue": 0, "grossProfit": 160600000, "grossProfitRatio": 1, "researchAndDevelopmentExpenses": 0, "generalAndAdministrativeExpenses": 52200000, "sellingAndMarketingExpenses": 0, "sellingGeneralAndAdministrativeExpenses": 52200000, "otherExpenses": -57900000, "operatingExpenses": -5700000, "costAndExpenses": -5700000, "interestIncome": 272900000, "interestExpense": 162900000, "depreciationAndAmortization": 8200000, "ebitda": 163100000, "ebitdaratio": 1.0155666252, "operatingIncome": 154900000, "operatingIncomeRatio": 0.9645080946, "totalOtherIncomeExpensesNet": -162900000, "incomeBeforeTax": -8000000, "incomeBeforeTaxRatio": -0.0498132005, "incomeTaxExpense": 200000, "netIncome": -8200000, "netIncomeRatio": -0.0510585305, "eps": -0.22, "epsdiluted": -0.22, "weightedAverageShsOut": 37272727, "weightedAverageShsOutDil": 37272727, "link": "", "finalLink": "", "calculatedOtherExpenses": -46500000, "calculatedOperatingExpenses": 5700000, "calculatedNetInterest": 110000000, "calculatedOtherIncome": -272900000, "calculatedIncomeNonControlling": 0, "calculatedEbitda": 163100000}, {"date": "1989-12-31", "symbol": "CFR", "reportedCurrency": "USD", "cik": "0000039263", "fillingDate": "1989-12-31", "acceptedDate": "1989-12-30 19:00:00", "calendarYear": "1989", "period": "FY", "revenue": 157500000, "costOfRevenue": 0, "grossProfit": 157500000, "grossProfitRatio": 1, "researchAndDevelopmentExpenses": 0, "generalAndAdministrativeExpenses": 51900000, "sellingAndMarketingExpenses": 0, "sellingGeneralAndAdministrativeExpenses": 51900000, "otherExpenses": -14100000, "operatingExpenses": 37800000, "costAndExpenses": 37800000, "interestIncome": 299400000, "interestExpense": 192400000, "depreciationAndAmortization": 7000000, "ebitda": 202300000, "ebitdaratio": 1.2844444444, "operatingIncome": 195300000, "operatingIncomeRatio": 1.24, "totalOtherIncomeExpensesNet": -192400000, "incomeBeforeTax": 2900000, "incomeBeforeTaxRatio": 0.0184126984, "incomeTaxExpense": 200000, "netIncome": 2700000, "netIncomeRatio": 0.0171428571, "eps": 0.07, "epsdiluted": 0.07, "weightedAverageShsOut": 38571429, "weightedAverageShsOutDil": 38571429, "link": "", "finalLink": "", "calculatedOtherExpenses": -89700000, "calculatedOperatingExpenses": -37800000, "calculatedNetInterest": 107000000, "calculatedOtherIncome": -299400000, "calculatedIncomeNonControlling": 0, "calculatedEbitda": 202300000}, {"date": "1988-12-31", "symbol": "CFR", "reportedCurrency": "USD", "cik": "0000039263", "fillingDate": "1988-12-31", "acceptedDate": "1988-12-30 19:00:00", "calendarYear": "1988", "period": "FY", "revenue": 0, "costOfRevenue": 0, "grossProfit": 0, "grossProfitRatio": 0, "researchAndDevelopmentExpenses": 0, "generalAndAdministrativeExpenses": 0, "sellingAndMarketingExpenses": 0, "sellingGeneralAndAdministrativeExpenses": 0, "otherExpenses": 2400000, "operatingExpenses": 2400000, "costAndExpenses": 2400000, "interestIncome": 0, "interestExpense": 0, "depreciationAndAmortization": 0, "ebitda": 2400000, "ebitdaratio": 0, "operatingIncome": 2400000, "operatingIncomeRatio": 0, "totalOtherIncomeExpensesNet": 0, "incomeBeforeTax": 0, "incomeBeforeTaxRatio": 0, "incomeTaxExpense": -2400000, "netIncome": 2400000, "netIncomeRatio": 0, "eps": 0.07, "epsdiluted": 0.07, "weightedAverageShsOut": 34285714, "weightedAverageShsOutDil": 34285714, "link": "", "finalLink": "", "calculatedOtherExpenses": -2400000, "calculatedOperatingExpenses": -2400000, "calculatedNetInterest": 0, "calculatedOtherIncome": -2400000, "calculatedIncomeNonControlling": 0, "calculatedEbitda": 2400000}, {"date": "1987-12-31", "symbol": "CFR", "reportedCurrency": "USD", "cik": "0000039263", "fillingDate": "1987-12-31", "acceptedDate": "1987-12-30 19:00:00", "calendarYear": "1987", "period": "FY", "revenue": 0, "costOfRevenue": 0, "grossProfit": 0, "grossProfitRatio": 0, "researchAndDevelopmentExpenses": 0, "generalAndAdministrativeExpenses": 0, "sellingAndMarketingExpenses": 0, "sellingGeneralAndAdministrativeExpenses": 0, "otherExpenses": 2000000, "operatingExpenses": 2000000, "costAndExpenses": 2000000, "interestIncome": 0, "interestExpense": 0, "depreciationAndAmortization": 0, "ebitda": 2000000, "ebitdaratio": 0, "operatingIncome": 2000000, "operatingIncomeRatio": 0, "totalOtherIncomeExpensesNet": 0, "incomeBeforeTax": 0, "incomeBeforeTaxRatio": 0, "incomeTaxExpense": -2000000, "netIncome": 2000000, "netIncomeRatio": 0, "eps": 0.06, "epsdiluted": 0.06, "weightedAverageShsOut": 33333333, "weightedAverageShsOutDil": 33333333, "link": "", "finalLink": "", "calculatedOtherExpenses": -2000000, "calculatedOperatingExpenses": -2000000, "calculatedNetInterest": 0, "calculatedOtherIncome": -2000000, "calculatedIncomeNonControlling": 0, "calculatedEbitda": 2000000}, {"date": "1986-12-31", "symbol": "CFR", "reportedCurrency": "USD", "cik": "0000039263", "fillingDate": "1986-12-31", "acceptedDate": "1986-12-30 19:00:00", "calendarYear": "1986", "period": "FY", "revenue": 0, "costOfRevenue": 0, "grossProfit": 0, "grossProfitRatio": 0, "researchAndDevelopmentExpenses": 0, "generalAndAdministrativeExpenses": 0, "sellingAndMarketingExpenses": 0, "sellingGeneralAndAdministrativeExpenses": 0, "otherExpenses": -6600000, "operatingExpenses": -6600000, "costAndExpenses": -6600000, "interestIncome": 0, "interestExpense": 0, "depreciationAndAmortization": 0, "ebitda": -6600000, "ebitdaratio": 0, "operatingIncome": -6600000, "operatingIncomeRatio": 0, "totalOtherIncomeExpensesNet": 0, "incomeBeforeTax": 0, "incomeBeforeTaxRatio": 0, "incomeTaxExpense": 6600000, "netIncome": -6600000, "netIncomeRatio": 0, "eps": -0.21, "epsdiluted": -0.21, "weightedAverageShsOut": 31428571, "weightedAverageShsOutDil": 31428571, "link": "", "finalLink": "", "calculatedOtherExpenses": 6600000, "calculatedOperatingExpenses": 6600000, "calculatedNetInterest": 0, "calculatedOtherIncome": 6600000, "calculatedIncomeNonControlling": 0, "calculatedEbitda": -6600000}, {"date": "1985-12-31", "symbol": "CFR", "reportedCurrency": "USD", "cik": "0000039263", "fillingDate": "1985-12-31", "acceptedDate": "1985-12-30 19:00:00", "calendarYear": "1985", "period": "FY", "revenue": 0, "costOfRevenue": 0, "grossProfit": 0, "grossProfitRatio": 0, "researchAndDevelopmentExpenses": 0, "generalAndAdministrativeExpenses": 0, "sellingAndMarketingExpenses": 0, "sellingGeneralAndAdministrativeExpenses": 0, "otherExpenses": 10300000, "operatingExpenses": 10300000, "costAndExpenses": 10300000, "interestIncome": 0, "interestExpense": 0, "depreciationAndAmortization": 0, "ebitda": 10300000, "ebitdaratio": 0, "operatingIncome": 10300000, "operatingIncomeRatio": 0, "totalOtherIncomeExpensesNet": 0, "incomeBeforeTax": 0, "incomeBeforeTaxRatio": 0, "incomeTaxExpense": -10300000, "netIncome": 10300000, "netIncomeRatio": 0, "eps": 0.33, "epsdiluted": 0.33, "weightedAverageShsOut": 31212121, "weightedAverageShsOutDil": 31212121, "link": "", "finalLink": "", "calculatedOtherExpenses": -10300000, "calculatedOperatingExpenses": -10300000, "calculatedNetInterest": 0, "calculatedOtherIncome": -10300000, "calculatedIncomeNonControlling": 0, "calculatedEbitda": 10300000}]}