{"originalCurrency": "USD", "convertedCurrency": "USD", "report": [{"date": "2023-12-31", "symbol": "CGABL", "reportedCurrency": "USD", "cik": "0001527166", "fillingDate": "2024-02-22", "acceptedDate": "2024-02-22 16:50:30", "calendarYear": "2023", "period": "FY", "revenue": 2643100000, "costOfRevenue": 1703400000, "grossProfit": 939700000, "grossProfitRatio": 0.3555294919, "researchAndDevelopmentExpenses": 0, "generalAndAdministrativeExpenses": 652100000, "sellingAndMarketingExpenses": 0, "sellingGeneralAndAdministrativeExpenses": 652100000, "otherExpenses": -1403000000, "operatingExpenses": 1403000000, "costAndExpenses": 3106400000, "interestIncome": 724500000, "interestExpense": 123800000, "depreciationAndAmortization": 180600000, "ebitda": -282700000, "ebitdaratio": -0.106957739, "operatingIncome": -463300000, "operatingIncomeRatio": -0.1752865953, "totalOtherIncomeExpensesNet": -137600000, "incomeBeforeTax": -600900000, "incomeBeforeTaxRatio": -0.2273466763, "incomeTaxExpense": -104200000, "netIncome": -608400000, "netIncomeRatio": -0.2301842533, "eps": -1.68, "epsdiluted": -1.68, "weightedAverageShsOut": 361395823, "weightedAverageShsOutDil": 361395823, "link": "https://www.sec.gov/Archives/edgar/data/1527166/000152716624000019/0001527166-24-000019-index.htm", "finalLink": "https://www.sec.gov/Archives/edgar/data/1527166/000152716624000019/cg-20231231.htm", "calculatedOtherExpenses": 750900000, "calculatedOperatingExpenses": 1403000000, "calculatedNetInterest": 600700000, "calculatedOtherIncome": -738300000, "calculatedIncomeNonControlling": 111700000, "calculatedEbitda": -282700000}, {"date": "2022-12-31", "symbol": "CGABL", "reportedCurrency": "USD", "cik": "0001527166", "fillingDate": "2023-02-09", "acceptedDate": "2023-02-09 16:38:24", "calendarYear": "2022", "period": "FY", "revenue": 3355300000, "costOfRevenue": 4940100000, "grossProfit": -1584800000, "grossProfitRatio": -0.4723273627, "researchAndDevelopmentExpenses": 0, "generalAndAdministrativeExpenses": 575800000, "sellingAndMarketingExpenses": 0, "sellingGeneralAndAdministrativeExpenses": 575800000, "otherExpenses": 1207000000, "operatingExpenses": 1782800000, "costAndExpenses": 2824700000, "interestIncome": 418200000, "interestExpense": 322000000, "depreciationAndAmortization": 147400000, "ebitda": 1871800000, "ebitdaratio": 0.5578636784, "operatingIncome": 1724400000, "operatingIncomeRatio": 0.5139331803, "totalOtherIncomeExpensesNet": -151900000, "incomeBeforeTax": 1572500000, "incomeBeforeTaxRatio": 0.4686615206, "incomeTaxExpense": 287800000, "netIncome": 1225000000, "netIncomeRatio": 0.3650940303, "eps": 3.39, "epsdiluted": 3.35, "weightedAverageShsOut": 361278064, "weightedAverageShsOutDil": 365707722, "link": "https://www.sec.gov/Archives/edgar/data/1527166/000152716623000014/0001527166-23-000014-index.htm", "finalLink": "https://www.sec.gov/Archives/edgar/data/1527166/000152716623000014/cg-20221231.htm", "calculatedOtherExpenses": -3885000000, "calculatedOperatingExpenses": -3309200000, "calculatedNetInterest": 96200000, "calculatedOtherIncome": -248100000, "calculatedIncomeNonControlling": 59700000, "calculatedEbitda": 1871800000}, {"date": "2021-12-31", "symbol": "CGABL", "reportedCurrency": "USD", "cik": "0001527166", "fillingDate": "2022-02-10", "acceptedDate": "2022-02-10 16:42:24", "calendarYear": "2021", "period": "FY", "revenue": 5531800000, "costOfRevenue": 4941600000, "grossProfit": 590200000, "grossProfitRatio": 0.1066922159, "researchAndDevelopmentExpenses": 0, "generalAndAdministrativeExpenses": 431700000, "sellingAndMarketingExpenses": 0, "sellingGeneralAndAdministrativeExpenses": 431700000, "otherExpenses": 1072600000, "operatingExpenses": 1504300000, "costAndExpenses": 1504300000, "interestIncome": 322000000, "interestExpense": 291800000, "depreciationAndAmortization": 52000000, "ebitda": 4009000000, "ebitdaratio": 0.724718898, "operatingIncome": 3957000000, "operatingIncomeRatio": 0.7153187028, "totalOtherIncomeExpensesNet": 70500000, "incomeBeforeTax": 4027500000, "incomeBeforeTaxRatio": 0.7280631982, "incomeTaxExpense": 982300000, "netIncome": 2974700000, "netIncomeRatio": 0.5377453993, "eps": 8.37, "epsdiluted": 8.2, "weightedAverageShsOut": 355241653, "weightedAverageShsOutDil": 362574564, "link": "https://www.sec.gov/Archives/edgar/data/1527166/000152716622000007/0001527166-22-000007-index.htm", "finalLink": "https://www.sec.gov/Archives/edgar/data/1527166/000152716622000007/cg-20211231.htm", "calculatedOtherExpenses": -3798500000, "calculatedOperatingExpenses": -3366800000, "calculatedNetInterest": 30200000, "calculatedOtherIncome": 40300000, "calculatedIncomeNonControlling": 70500000, "calculatedEbitda": 4009000000}, {"date": "2020-12-31", "symbol": "CGABL", "reportedCurrency": "USD", "cik": "0001527166", "fillingDate": "2021-02-11", "acceptedDate": "2021-02-11 16:24:15", "calendarYear": "2020", "period": "FY", "revenue": 1876700000, "costOfRevenue": 994700000, "grossProfit": 882000000, "grossProfitRatio": 0.4699738903, "researchAndDevelopmentExpenses": 0, "generalAndAdministrativeExpenses": 349300000, "sellingAndMarketingExpenses": 0, "sellingGeneralAndAdministrativeExpenses": 349300000, "otherExpenses": 947400000, "operatingExpenses": 1296700000, "costAndExpenses": 1296700000, "interestIncome": 301200000, "interestExpense": 257500000, "depreciationAndAmortization": 52100000, "ebitda": 597500000, "ebitdaratio": 0.3183780039, "operatingIncome": 545400000, "operatingIncomeRatio": 0.2906165077, "totalOtherIncomeExpensesNet": 34600000, "incomeBeforeTax": 580000000, "incomeBeforeTaxRatio": 0.3090531252, "incomeTaxExpense": 197200000, "netIncome": 348200000, "netIncomeRatio": 0.1855384451, "eps": 0.99, "epsdiluted": 0.97, "weightedAverageShsOut": 350464315, "weightedAverageShsOutDil": 358393802, "link": "https://www.sec.gov/Archives/edgar/data/1527166/000152716621000010/0001527166-21-000010-index.htm", "finalLink": "https://www.sec.gov/Archives/edgar/data/1527166/000152716621000010/cg-20201231.htm", "calculatedOtherExpenses": -12700000, "calculatedOperatingExpenses": 336600000, "calculatedNetInterest": 43700000, "calculatedOtherIncome": -9100000, "calculatedIncomeNonControlling": 34600000, "calculatedEbitda": 597500000}, {"date": "2019-12-31", "symbol": "CGABL", "reportedCurrency": "USD", "cik": "0001527166", "fillingDate": "2020-02-12", "acceptedDate": "2020-02-12 16:22:12", "calendarYear": "2019", "period": "FY", "revenue": 2702500000, "costOfRevenue": 634100000, "grossProfit": 2068400000, "grossProfitRatio": 0.7653654024, "researchAndDevelopmentExpenses": 0, "generalAndAdministrativeExpenses": 494400000, "sellingAndMarketingExpenses": 0, "sellingGeneralAndAdministrativeExpenses": 494400000, "otherExpenses": 974700000, "operatingExpenses": 1469100000, "costAndExpenses": 1469100000, "interestIncome": 289600000, "interestExpense": 213900000, "depreciationAndAmortization": 65600000, "ebitda": 495500000, "ebitdaratio": 0.1833487512, "operatingIncome": 429900000, "operatingIncomeRatio": 0.1590749306, "totalOtherIncomeExpensesNet": 803500000, "incomeBeforeTax": 1233400000, "incomeBeforeTaxRatio": 0.4563922294, "incomeTaxExpense": 49000000, "netIncome": 1184400000, "netIncomeRatio": 0.4382608696, "eps": 10.47, "epsdiluted": 9.66, "weightedAverageShsOut": 113082733, "weightedAverageShsOutDil": 122632889, "link": "https://www.sec.gov/Archives/edgar/data/1527166/000152716620000006/0001527166-20-000006-index.htm", "finalLink": "https://www.sec.gov/Archives/edgar/data/1527166/000152716620000006/cg2019123110-k.htm", "calculatedOtherExpenses": 1144100000, "calculatedOperatingExpenses": 1638500000, "calculatedNetInterest": 75700000, "calculatedOtherIncome": 727800000, "calculatedIncomeNonControlling": 0, "calculatedEbitda": 495500000}, {"date": "2018-12-31", "symbol": "CGABL", "reportedCurrency": "USD", "cik": "0001527166", "fillingDate": "2019-02-13", "acceptedDate": "2019-02-13 17:01:19", "calendarYear": "2018", "period": "FY", "revenue": 1808600000, "costOfRevenue": 2110700000, "grossProfit": -302100000, "grossProfitRatio": -0.1670352759, "researchAndDevelopmentExpenses": 0, "generalAndAdministrativeExpenses": 460700000, "sellingAndMarketingExpenses": 0, "sellingGeneralAndAdministrativeExpenses": 460700000, "otherExpenses": 987700000, "operatingExpenses": 1448400000, "costAndExpenses": 1448400000, "interestIncome": 315800000, "interestExpense": 246800000, "depreciationAndAmortization": 46900000, "ebitda": 441500000, "ebitdaratio": 0.2441114674, "operatingIncome": 394600000, "operatingIncomeRatio": 0.2181798076, "totalOtherIncomeExpensesNet": -34400000, "incomeBeforeTax": 360200000, "incomeBeforeTaxRatio": 0.1991595709, "incomeTaxExpense": 31300000, "netIncome": 116500000, "netIncomeRatio": 0.0644144642, "eps": 1.03, "epsdiluted": 1.03, "weightedAverageShsOut": 113292821, "weightedAverageShsOutDil": 113389443, "link": "https://www.sec.gov/Archives/edgar/data/1527166/000152716619000008/0001527166-19-000008-index.htm", "finalLink": "https://www.sec.gov/Archives/edgar/data/1527166/000152716619000008/cg2018123110-k.htm", "calculatedOtherExpenses": -1157400000, "calculatedOperatingExpenses": -696700000, "calculatedNetInterest": 69000000, "calculatedOtherIncome": -103400000, "calculatedIncomeNonControlling": 212400000, "calculatedEbitda": 441500000}, {"date": "2017-12-31", "symbol": "CGABL", "reportedCurrency": "USD", "cik": "0001527166", "fillingDate": "2019-08-14", "acceptedDate": "2019-08-14 17:07:13", "calendarYear": "2017", "period": "FY", "revenue": 2310700000, "costOfRevenue": 2163800000, "grossProfit": 146900000, "grossProfitRatio": 0.0635738088, "researchAndDevelopmentExpenses": 0, "generalAndAdministrativeExpenses": 276800000, "sellingAndMarketingExpenses": 0, "sellingGeneralAndAdministrativeExpenses": 276800000, "otherExpenses": 901600000, "operatingExpenses": 1178400000, "costAndExpenses": 2440600000, "interestIncome": 214400000, "interestExpense": 465600000, "depreciationAndAmortization": 41300000, "ebitda": 875900000, "ebitdaratio": 0.3790626217, "operatingIncome": -71400000, "operatingIncomeRatio": -0.0308997274, "totalOtherIncomeExpensesNet": 1203700000, "incomeBeforeTax": 1132300000, "incomeBeforeTaxRatio": 0.4900246678, "incomeTaxExpense": 124900000, "netIncome": 244100000, "netIncomeRatio": 0.1056389839, "eps": 2.58, "epsdiluted": 2.38, "weightedAverageShsOut": 100042058, "weightedAverageShsOutDil": 100082548, "link": "https://www.sec.gov/Archives/edgar/data/1610462/000155479519000248/0001554795-19-000248-index.html", "finalLink": "https://www.sec.gov/Archives/edgar/data/1610462/000155479519000248/blcs0809form10k2017.htm", "calculatedOtherExpenses": -58500000, "calculatedOperatingExpenses": 218300000, "calculatedNetInterest": -251200000, "calculatedOtherIncome": 1454900000, "calculatedIncomeNonControlling": 763300000, "calculatedEbitda": -30100000}, {"date": "2016-12-31", "symbol": "CGABL", "reportedCurrency": "USD", "cik": "0001527166", "fillingDate": "2017-04-14", "acceptedDate": "2017-04-14 15:02:03", "calendarYear": "2016", "period": "FY", "revenue": 1536900000, "costOfRevenue": 1542400000, "grossProfit": -5500000, "grossProfitRatio": -0.0035786323, "researchAndDevelopmentExpenses": 0, "generalAndAdministrativeExpenses": 521100000, "sellingAndMarketingExpenses": 0, "sellingGeneralAndAdministrativeExpenses": 521100000, "otherExpenses": 970500000, "operatingExpenses": 1491600000, "costAndExpenses": 2063500000, "interestIncome": 190800000, "interestExpense": 397400000, "depreciationAndAmortization": 72000000, "ebitda": 505800000, "ebitdaratio": 0.3291040406, "operatingIncome": -11200000, "operatingIncomeRatio": -0.0072873967, "totalOtherIncomeExpensesNet": 56500000, "incomeBeforeTax": 45300000, "incomeBeforeTaxRatio": 0.029474917, "incomeTaxExpense": 30000000, "netIncome": 6400000, "netIncomeRatio": 0.0041642267, "eps": 0.08, "epsdiluted": -0.08, "weightedAverageShsOut": 76830732, "weightedAverageShsOutDil": 308522990, "link": "https://www.sec.gov/Archives/edgar/data/1610462/000155479517000159/0001554795-17-000159-index.html", "finalLink": "https://www.sec.gov/Archives/edgar/data/1610462/000155479517000159/cbnt0411form10k.htm", "calculatedOtherExpenses": -515400000, "calculatedOperatingExpenses": 5700000, "calculatedNetInterest": -206600000, "calculatedOtherIncome": 263100000, "calculatedIncomeNonControlling": 8900000, "calculatedEbitda": 60800000}, {"date": "2015-12-31", "symbol": "CGABL", "reportedCurrency": "USD", "cik": "0001527166", "fillingDate": "2017-01-12", "acceptedDate": "2017-01-11 19:14:28", "calendarYear": "2015", "period": "FY", "revenue": 2117800000, "costOfRevenue": 1665700000, "grossProfit": 452100000, "grossProfitRatio": 0.2134762489, "researchAndDevelopmentExpenses": 0, "generalAndAdministrativeExpenses": 705800000, "sellingAndMarketingExpenses": 0, "sellingGeneralAndAdministrativeExpenses": 705800000, "otherExpenses": 1002800000, "operatingExpenses": 1708600000, "costAndExpenses": 2378500000, "interestIncome": 994100000, "interestExpense": 1241900000, "depreciationAndAmortization": 322800000, "ebitda": 1548400000, "ebitdaratio": 0.7311360846, "operatingIncome": -7400000, "operatingIncomeRatio": -0.0034941921, "totalOtherIncomeExpensesNet": 409600000, "incomeBeforeTax": 409200000, "incomeBeforeTaxRatio": 0.1932193786, "incomeTaxExpense": 2100000, "netIncome": -16700000, "netIncomeRatio": -0.0078855416, "eps": -0.27, "epsdiluted": -0.0559, "weightedAverageShsOut": 60898260, "weightedAverageShsOutDil": 298739382, "link": "https://www.sec.gov/Archives/edgar/data/1610462/000155479517000002/0001554795-17-000002-index.html", "finalLink": "https://www.sec.gov/Archives/edgar/data/1610462/000155479517000002/cbnt0105form10k.htm", "calculatedOtherExpenses": -246300000, "calculatedOperatingExpenses": 459500000, "calculatedNetInterest": -247800000, "calculatedOtherIncome": 664400000, "calculatedIncomeNonControlling": 423800000, "calculatedEbitda": 315400000}, {"date": "2014-12-31", "symbol": "CGABL", "reportedCurrency": "USD", "cik": "0001527166", "fillingDate": "2015-02-26", "acceptedDate": "2015-02-26 16:27:28", "calendarYear": "2014", "period": "FY", "revenue": 2621400000, "costOfRevenue": 2181200000, "grossProfit": 440200000, "grossProfitRatio": 0.167925536, "researchAndDevelopmentExpenses": 0, "generalAndAdministrativeExpenses": 526800000, "sellingAndMarketingExpenses": 0, "sellingGeneralAndAdministrativeExpenses": 526800000, "otherExpenses": 1102700000, "operatingExpenses": 1629500000, "costAndExpenses": 2708000000, "interestIncome": 976600000, "interestExpense": 1273000000, "depreciationAndAmortization": 192100000, "ebitda": 1627700000, "ebitdaratio": 0.6209277485, "operatingIncome": 1172300000, "operatingIncomeRatio": 0.4472037842, "totalOtherIncomeExpensesNet": -180400000, "incomeBeforeTax": 991900000, "incomeBeforeTaxRatio": 0.3783855955, "incomeTaxExpense": 76800000, "netIncome": 85800000, "netIncomeRatio": 0.032730602, "eps": 1.35, "epsdiluted": 1.23, "weightedAverageShsOut": 68461157, "weightedAverageShsOutDil": 68477009, "link": "https://www.sec.gov/Archives/edgar/data/1527166/000162828015001092/0001628280-15-001092-index.htm", "finalLink": "https://www.sec.gov/Archives/edgar/data/1527166/000162828015001092/cg201410-k.htm", "calculatedOtherExpenses": -1258900000, "calculatedOperatingExpenses": -732100000, "calculatedNetInterest": -296400000, "calculatedOtherIncome": 116000000, "calculatedIncomeNonControlling": 829300000, "calculatedEbitda": 1364400000}, {"date": "2013-12-31", "symbol": "CGABL", "reportedCurrency": "USD", "cik": "0001527166", "fillingDate": "2014-02-27", "acceptedDate": "2014-02-26 19:42:06", "calendarYear": "2013", "period": "FY", "revenue": 2984300000, "costOfRevenue": 2261400000, "grossProfit": 722900000, "grossProfitRatio": 0.2422343598, "researchAndDevelopmentExpenses": 0, "generalAndAdministrativeExpenses": 496400000, "sellingAndMarketingExpenses": 0, "sellingGeneralAndAdministrativeExpenses": 496400000, "otherExpenses": 1043900000, "operatingExpenses": 1540300000, "costAndExpenses": 2757800000, "interestIncome": 1055000000, "interestExpense": 969900000, "depreciationAndAmortization": 163600000, "ebitda": 1333800000, "ebitdaratio": 0.4469389807, "operatingIncome": 1683400000, "operatingIncomeRatio": 0.5640853802, "totalOtherIncomeExpensesNet": -239400000, "incomeBeforeTax": 1444000000, "incomeBeforeTaxRatio": 0.4838655631, "incomeTaxExpense": 96200000, "netIncome": 104100000, "netIncomeRatio": 0.034882552, "eps": 2.24, "epsdiluted": 2.05, "weightedAverageShsOut": 50582096, "weightedAverageShsOutDil": 278250489, "link": "https://www.sec.gov/Archives/edgar/data/1527166/000119312514070322/0001193125-14-070322-index.htm", "finalLink": "https://www.sec.gov/Archives/edgar/data/1527166/000119312514070322/d633340d10k.htm", "calculatedOtherExpenses": -1456900000, "calculatedOperatingExpenses": -960500000, "calculatedNetInterest": 85100000, "calculatedOtherIncome": -324500000, "calculatedIncomeNonControlling": 1243700000, "calculatedEbitda": 1847000000}, {"date": "2012-12-31", "symbol": "CGABL", "reportedCurrency": "USD", "cik": "0001527166", "fillingDate": "2013-03-14", "acceptedDate": "2013-03-14 17:11:58", "calendarYear": "2012", "period": "FY", "revenue": 3630700000, "costOfRevenue": 1151000000, "grossProfit": 2479700000, "grossProfitRatio": 0.6829812433, "researchAndDevelopmentExpenses": 0, "generalAndAdministrativeExpenses": 357500000, "sellingAndMarketingExpenses": 0, "sellingGeneralAndAdministrativeExpenses": 357500000, "otherExpenses": 833300000, "operatingExpenses": 1190800000, "costAndExpenses": 1508500000, "interestIncome": 918000000, "interestExpense": 782700000, "depreciationAndAmortization": 107800000, "ebitda": 951200000, "ebitdaratio": 0.2619880464, "operatingIncome": 1464600000, "operatingIncomeRatio": 0.403393285, "totalOtherIncomeExpensesNet": 975300000, "incomeBeforeTax": 2439900000, "incomeBeforeTaxRatio": 0.6720191699, "incomeTaxExpense": 40400000, "netIncome": 20300000, "netIncomeRatio": 0.0055912083, "eps": 0.48, "epsdiluted": 0.41, "weightedAverageShsOut": 49086578, "weightedAverageShsOutDil": 259698987, "link": "https://www.sec.gov/Archives/edgar/data/1527166/000119312513107699/0001193125-13-107699-index.htm", "finalLink": "https://www.sec.gov/Archives/edgar/data/1527166/000119312513107699/d447222d10k.htm", "calculatedOtherExpenses": 657600000, "calculatedOperatingExpenses": 1015100000, "calculatedNetInterest": 135300000, "calculatedOtherIncome": 840000000, "calculatedIncomeNonControlling": 2379200000, "calculatedEbitda": 1572400000}, {"date": "2011-12-31", "symbol": "CGABL", "reportedCurrency": "USD", "cik": "0001527166", "fillingDate": "2011-12-31", "acceptedDate": "2011-12-30 19:00:00", "calendarYear": "2011", "period": "FY", "revenue": 2845300000, "costOfRevenue": 477900000, "grossProfit": 2367400000, "grossProfitRatio": 0.8320388008, "researchAndDevelopmentExpenses": 0, "generalAndAdministrativeExpenses": 0, "sellingAndMarketingExpenses": 0, "sellingGeneralAndAdministrativeExpenses": 323500000, "otherExpenses": 32000000, "operatingExpenses": 355500000, "costAndExpenses": 833400000, "interestIncome": 513700000, "interestExpense": 513700000, "depreciationAndAmortization": 83100000, "ebitda": 3136500000, "ebitdaratio": 1.1023442168, "operatingIncome": 1498200000, "operatingIncomeRatio": 0.5265525604, "totalOtherIncomeExpensesNet": -315400000, "incomeBeforeTax": 1182800000, "incomeBeforeTaxRatio": 0.4157030893, "incomeTaxExpense": 28500000, "netIncome": 2511200000, "netIncomeRatio": 0.882578287, "eps": 4.46, "epsdiluted": 4.46, "weightedAverageShsOut": 304500000, "weightedAverageShsOutDil": 304500000, "link": "", "finalLink": "", "calculatedOtherExpenses": 545700000, "calculatedOperatingExpenses": 869200000, "calculatedNetInterest": 0, "calculatedOtherIncome": -315400000, "calculatedIncomeNonControlling": -1356900000, "calculatedEbitda": 1581300000}, {"date": "2010-12-31", "symbol": "CGABL", "reportedCurrency": "USD", "cik": "0001527166", "fillingDate": "2010-12-31", "acceptedDate": "2010-12-30 19:00:00", "calendarYear": "2010", "period": "FY", "revenue": 2798900000, "costOfRevenue": 429000000, "grossProfit": 2369900000, "grossProfitRatio": 0.8467254993, "researchAndDevelopmentExpenses": 0, "generalAndAdministrativeExpenses": 0, "sellingAndMarketingExpenses": 0, "sellingGeneralAndAdministrativeExpenses": 177200000, "otherExpenses": 216500000, "operatingExpenses": 393700000, "costAndExpenses": 822700000, "interestIncome": 251100000, "interestExpense": 251100000, "depreciationAndAmortization": 24500000, "ebitda": 3347100000, "ebitdaratio": 1.1958626603, "operatingIncome": 1725100000, "operatingIncomeRatio": 0.6163492801, "totalOtherIncomeExpensesNet": -245400000, "incomeBeforeTax": 1479700000, "incomeBeforeTaxRatio": 0.5286719783, "incomeTaxExpense": 20300000, "netIncome": 3051200000, "netIncomeRatio": 1.090142556, "eps": 5.01, "epsdiluted": 5.01, "weightedAverageShsOut": 304500000, "weightedAverageShsOutDil": 304500000, "link": "", "finalLink": "", "calculatedOtherExpenses": 467600000, "calculatedOperatingExpenses": 644800000, "calculatedNetInterest": 0, "calculatedOtherIncome": -245400000, "calculatedIncomeNonControlling": -1591800000, "calculatedEbitda": 1749600000}, {"date": "2009-12-31", "symbol": "CGABL", "reportedCurrency": "USD", "cik": "0001527166", "fillingDate": "2009-12-31", "acceptedDate": "2009-12-30 19:00:00", "calendarYear": "2009", "period": "FY", "revenue": 1317800000, "costOfRevenue": 348400000, "grossProfit": 969400000, "grossProfitRatio": 0.7356199727, "researchAndDevelopmentExpenses": 0, "generalAndAdministrativeExpenses": 0, "sellingAndMarketingExpenses": 0, "sellingGeneralAndAdministrativeExpenses": 236600000, "otherExpenses": -10700000, "operatingExpenses": 225900000, "costAndExpenses": 574300000, "interestIncome": 31300000, "interestExpense": 31300000, "depreciationAndAmortization": 28600000, "ebitda": 1432400000, "ebitdaratio": 1.0869631204, "operatingIncome": 712200000, "operatingIncomeRatio": 0.5404461982, "totalOtherIncomeExpensesNet": -33800000, "incomeBeforeTax": 678400000, "incomeBeforeTaxRatio": 0.5147973896, "incomeTaxExpense": 14800000, "netIncome": 1357700000, "netIncomeRatio": 1.0302777356, "eps": 4.46, "epsdiluted": 2.28, "weightedAverageShsOut": 304500000, "weightedAverageShsOutDil": 304500000, "link": "", "finalLink": "", "calculatedOtherExpenses": 20600000, "calculatedOperatingExpenses": 257200000, "calculatedNetInterest": 0, "calculatedOtherIncome": -33800000, "calculatedIncomeNonControlling": -694100000, "calculatedEbitda": 740800000}]}