{"originalCurrency": "USD", "convertedCurrency": "USD", "report": [{"date": "2023-12-31", "symbol": "CGNX", "reportedCurrency": "USD", "cik": "0000851205", "fillingDate": "2024-02-15", "acceptedDate": "2024-02-15 06:32:50", "calendarYear": "2023", "period": "FY", "revenue": 837547000, "costOfRevenue": 236306000, "grossProfit": 601241000, "grossProfitRatio": 0.7178594157, "researchAndDevelopmentExpenses": 139400000, "generalAndAdministrativeExpenses": 0, "sellingAndMarketingExpenses": 0, "sellingGeneralAndAdministrativeExpenses": 339139000, "otherExpenses": 592000, "operatingExpenses": 478539000, "costAndExpenses": 714845000, "interestIncome": 16047000, "interestExpense": 0, "depreciationAndAmortization": 21880000, "ebitda": 132528000, "ebitdaratio": 0.1582335081, "operatingIncome": 130702000, "operatingIncomeRatio": 0.1560533319, "totalOtherIncomeExpensesNet": 12646000, "incomeBeforeTax": 135348000, "incomeBeforeTaxRatio": 0.1616004833, "incomeTaxExpense": 22114000, "netIncome": 113234000, "netIncomeRatio": 0.1351971889, "eps": 0.66, "epsdiluted": 0.65, "weightedAverageShsOut": 172249000, "weightedAverageShsOutDil": 173399000, "link": "https://www.sec.gov/Archives/edgar/data/851205/000085120524000027/0000851205-24-000027-index.htm", "finalLink": "https://www.sec.gov/Archives/edgar/data/851205/000085120524000027/cgnx-20231231.htm", "calculatedOtherExpenses": -8000000, "calculatedOperatingExpenses": 470539000, "calculatedNetInterest": 16047000, "calculatedOtherIncome": -11401000, "calculatedIncomeNonControlling": 0, "calculatedEbitda": 152582000}, {"date": "2022-12-31", "symbol": "CGNX", "reportedCurrency": "USD", "cik": "0000851205", "fillingDate": "2023-02-16", "acceptedDate": "2023-02-16 16:07:17", "calendarYear": "2022", "period": "FY", "revenue": 1006090000, "costOfRevenue": 284185000, "grossProfit": 721905000, "grossProfitRatio": 0.7175352106, "researchAndDevelopmentExpenses": 141133000, "generalAndAdministrativeExpenses": 0, "sellingAndMarketingExpenses": 0, "sellingGeneralAndAdministrativeExpenses": 312107000, "otherExpenses": -412000, "operatingExpenses": 453240000, "costAndExpenses": 737425000, "interestIncome": 6897000, "interestExpense": 16319000, "depreciationAndAmortization": 40406000, "ebitda": 286635000, "ebitdaratio": 0.2848999592, "operatingIncome": 246229000, "operatingIncomeRatio": 0.2447385423, "totalOtherIncomeExpensesNet": 4466000, "incomeBeforeTax": 250695000, "incomeBeforeTaxRatio": 0.249177509, "incomeTaxExpense": 35170000, "netIncome": 215525000, "netIncomeRatio": 0.2142203978, "eps": 1.24, "epsdiluted": 1.23, "weightedAverageShsOut": 173407000, "weightedAverageShsOutDil": 174869000, "link": "https://www.sec.gov/Archives/edgar/data/851205/000085120523000004/0000851205-23-000004-index.htm", "finalLink": "https://www.sec.gov/Archives/edgar/data/851205/000085120523000004/cgnx-20221231.htm", "calculatedOtherExpenses": 22436000, "calculatedOperatingExpenses": 475676000, "calculatedNetInterest": -9422000, "calculatedOtherIncome": 13888000, "calculatedIncomeNonControlling": 0, "calculatedEbitda": 286635000}, {"date": "2021-12-31", "symbol": "CGNX", "reportedCurrency": "USD", "cik": "0000851205", "fillingDate": "2022-02-17", "acceptedDate": "2022-02-17 16:07:08", "calendarYear": "2021", "period": "FY", "revenue": 1037098000, "costOfRevenue": 277271000, "grossProfit": 759827000, "grossProfitRatio": 0.7326472522, "researchAndDevelopmentExpenses": 135372000, "generalAndAdministrativeExpenses": 0, "sellingAndMarketingExpenses": 0, "sellingGeneralAndAdministrativeExpenses": 309354000, "otherExpenses": -591000, "operatingExpenses": 444726000, "costAndExpenses": 721997000, "interestIncome": 6424000, "interestExpense": 0, "depreciationAndAmortization": -3799000, "ebitda": 311302000, "ebitdaratio": 0.3001664259, "operatingIncome": 315101000, "operatingIncomeRatio": 0.303829532, "totalOtherIncomeExpensesNet": 3799000, "incomeBeforeTax": 318900000, "incomeBeforeTaxRatio": 0.3074926381, "incomeTaxExpense": 39019000, "netIncome": 279881000, "netIncomeRatio": 0.2698693855, "eps": 1.59, "epsdiluted": 1.56, "weightedAverageShsOut": 176463000, "weightedAverageShsOutDil": 179916000, "link": "https://www.sec.gov/Archives/edgar/data/851205/000085120522000008/0000851205-22-000008-index.htm", "finalLink": "https://www.sec.gov/Archives/edgar/data/851205/000085120522000008/cgnx-20211231.htm", "calculatedOtherExpenses": 0, "calculatedOperatingExpenses": 444726000, "calculatedNetInterest": 6424000, "calculatedOtherIncome": -2625000, "calculatedIncomeNonControlling": 0, "calculatedEbitda": 311302000}, {"date": "2020-12-31", "symbol": "CGNX", "reportedCurrency": "USD", "cik": "0000851205", "fillingDate": "2021-02-11", "acceptedDate": "2021-02-11 16:07:11", "calendarYear": "2020", "period": "FY", "revenue": 811020000, "costOfRevenue": 206421000, "grossProfit": 604599000, "grossProfitRatio": 0.7454797662, "researchAndDevelopmentExpenses": 130982000, "generalAndAdministrativeExpenses": 0, "sellingAndMarketingExpenses": 0, "sellingGeneralAndAdministrativeExpenses": 267593000, "otherExpenses": -309000, "operatingExpenses": 398575000, "costAndExpenses": 604996000, "interestIncome": 8875000, "interestExpense": 0, "depreciationAndAmortization": 80802000, "ebitda": 251331000, "ebitdaratio": 0.3098949471, "operatingIncome": 170529000, "operatingIncomeRatio": 0.2102648517, "totalOtherIncomeExpensesNet": 16382000, "incomeBeforeTax": 186911000, "incomeBeforeTaxRatio": 0.2304641069, "incomeTaxExpense": 10725000, "netIncome": 176186000, "netIncomeRatio": 0.2172400187, "eps": 1.02, "epsdiluted": 1, "weightedAverageShsOut": 173489000, "weightedAverageShsOutDil": 176592000, "link": "https://www.sec.gov/Archives/edgar/data/851205/000085120521000005/0000851205-21-000005-index.htm", "finalLink": "https://www.sec.gov/Archives/edgar/data/851205/000085120521000005/cgnx-20201231.htm", "calculatedOtherExpenses": 35495000, "calculatedOperatingExpenses": 434070000, "calculatedNetInterest": 8875000, "calculatedOtherIncome": 7507000, "calculatedIncomeNonControlling": 0, "calculatedEbitda": 251331000}, {"date": "2019-12-31", "symbol": "CGNX", "reportedCurrency": "USD", "cik": "0000851205", "fillingDate": "2020-02-13", "acceptedDate": "2020-02-13 16:08:18", "calendarYear": "2019", "period": "FY", "revenue": 725625000, "costOfRevenue": 189754000, "grossProfit": 535871000, "grossProfitRatio": 0.7384957795, "researchAndDevelopmentExpenses": 119427000, "generalAndAdministrativeExpenses": 0, "sellingAndMarketingExpenses": 0, "sellingGeneralAndAdministrativeExpenses": 273842000, "otherExpenses": 1212000, "operatingExpenses": 393269000, "costAndExpenses": 583023000, "interestIncome": 18237000, "interestExpense": 0, "depreciationAndAmortization": 24900000, "ebitda": 122210000, "ebitdaratio": 0.1684203273, "operatingIncome": 97310000, "operatingIncomeRatio": 0.1341050818, "totalOtherIncomeExpensesNet": 65684000, "incomeBeforeTax": 162994000, "incomeBeforeTaxRatio": 0.2246256675, "incomeTaxExpense": -40871000, "netIncome": 203865000, "netIncomeRatio": 0.2809509044, "eps": 1.19, "epsdiluted": 1.16, "weightedAverageShsOut": 171194000, "weightedAverageShsOutDil": 175269000, "link": "https://www.sec.gov/Archives/edgar/data/851205/000085120520000002/0000851205-20-000002-index.htm", "finalLink": "https://www.sec.gov/Archives/edgar/data/851205/000085120520000002/cgnx-20191231x10xk.htm", "calculatedOtherExpenses": 45292000, "calculatedOperatingExpenses": 438561000, "calculatedNetInterest": 18237000, "calculatedOtherIncome": 47447000, "calculatedIncomeNonControlling": 0, "calculatedEbitda": 122210000}, {"date": "2018-12-31", "symbol": "CGNX", "reportedCurrency": "USD", "cik": "0000851205", "fillingDate": "2019-02-14", "acceptedDate": "2019-02-14 16:07:54", "calendarYear": "2018", "period": "FY", "revenue": 806338000, "costOfRevenue": 206052000, "grossProfit": 600286000, "grossProfitRatio": 0.7444595195, "researchAndDevelopmentExpenses": 116445000, "generalAndAdministrativeExpenses": 0, "sellingAndMarketingExpenses": 0, "sellingGeneralAndAdministrativeExpenses": 262699000, "otherExpenses": -219000, "operatingExpenses": 379144000, "costAndExpenses": 585196000, "interestIncome": 0, "interestExpense": 0, "depreciationAndAmortization": 21549000, "ebitda": 207710000, "ebitdaratio": 0.2575966902, "operatingIncome": 221142000, "operatingIncomeRatio": 0.274254717, "totalOtherIncomeExpensesNet": 13432000, "incomeBeforeTax": 234574000, "incomeBeforeTaxRatio": 0.2909127438, "incomeTaxExpense": 15307000, "netIncome": 219267000, "netIncomeRatio": 0.2719293894, "eps": 1.27, "epsdiluted": 1.24, "weightedAverageShsOut": 172333000, "weightedAverageShsOutDil": 177406000, "link": "https://www.sec.gov/Archives/edgar/data/851205/000085120519000003/0000851205-19-000003-index.htm", "finalLink": "https://www.sec.gov/Archives/edgar/data/851205/000085120519000003/cgnx-20181231x10xk.htm", "calculatedOtherExpenses": 0, "calculatedOperatingExpenses": 379144000, "calculatedNetInterest": 0, "calculatedOtherIncome": 13432000, "calculatedIncomeNonControlling": 0, "calculatedEbitda": 242691000}, {"date": "2017-12-31", "symbol": "CGNX", "reportedCurrency": "USD", "cik": "0000851205", "fillingDate": "2018-02-15", "acceptedDate": "2018-02-15 16:07:37", "calendarYear": "2017", "period": "FY", "revenue": 747950000, "costOfRevenue": 168698000, "grossProfit": 579252000, "grossProfitRatio": 0.7744528378, "researchAndDevelopmentExpenses": 99205000, "generalAndAdministrativeExpenses": 0, "sellingAndMarketingExpenses": 0, "sellingGeneralAndAdministrativeExpenses": 220728000, "otherExpenses": -338000, "operatingExpenses": 319933000, "costAndExpenses": 488631000, "interestIncome": 0, "interestExpense": 0, "depreciationAndAmortization": 16991000, "ebitda": 251716000, "ebitdaratio": 0.3365412126, "operatingIncome": 259319000, "operatingIncomeRatio": 0.3467063306, "totalOtherIncomeExpensesNet": 7603000, "incomeBeforeTax": 266922000, "incomeBeforeTaxRatio": 0.3568714486, "incomeTaxExpense": 89744000, "netIncome": 177178000, "netIncomeRatio": 0.2368848185, "eps": 1.02, "epsdiluted": 0.99, "weightedAverageShsOut": 173287000, "weightedAverageShsOutDil": 179551000, "link": "https://www.sec.gov/Archives/edgar/data/851205/000085120518000004/0000851205-18-000004-index.htm", "finalLink": "https://www.sec.gov/Archives/edgar/data/851205/000085120518000004/cgnx-20171231x10xk.htm", "calculatedOtherExpenses": 0, "calculatedOperatingExpenses": 319933000, "calculatedNetInterest": 0, "calculatedOtherIncome": 7603000, "calculatedIncomeNonControlling": 0, "calculatedEbitda": 276310000}, {"date": "2016-12-31", "symbol": "CGNX", "reportedCurrency": "USD", "cik": "0000851205", "fillingDate": "2017-02-16", "acceptedDate": "2017-02-16 16:06:57", "calendarYear": "2016", "period": "FY", "revenue": 520753000, "costOfRevenue": 115590000, "grossProfit": 405163000, "grossProfitRatio": 0.7780329638, "researchAndDevelopmentExpenses": 78269000, "generalAndAdministrativeExpenses": 0, "sellingAndMarketingExpenses": 0, "sellingGeneralAndAdministrativeExpenses": 166110000, "otherExpenses": 871000, "operatingExpenses": 244379000, "costAndExpenses": 359969000, "interestIncome": 0, "interestExpense": 0, "depreciationAndAmortization": 15069000, "ebitda": 152773000, "ebitdaratio": 0.2933694093, "operatingIncome": 160784000, "operatingIncomeRatio": 0.308752902, "totalOtherIncomeExpensesNet": 8011000, "incomeBeforeTax": 168795000, "incomeBeforeTaxRatio": 0.3241363948, "incomeTaxExpense": 18968000, "netIncome": 149572000, "netIncomeRatio": 0.2872225412, "eps": 0.88, "epsdiluted": 0.86, "weightedAverageShsOut": 170676000, "weightedAverageShsOutDil": 174144000, "link": "https://www.sec.gov/Archives/edgar/data/851205/000085120517000003/0000851205-17-000003-index.htm", "finalLink": "https://www.sec.gov/Archives/edgar/data/851205/000085120517000003/cgnx-20161231x10xk.htm", "calculatedOtherExpenses": 0, "calculatedOperatingExpenses": 244379000, "calculatedNetInterest": 0, "calculatedOtherIncome": 8011000, "calculatedIncomeNonControlling": 255000, "calculatedEbitda": 175853000}, {"date": "2015-12-31", "symbol": "CGNX", "reportedCurrency": "USD", "cik": "0000851205", "fillingDate": "2016-02-10", "acceptedDate": "2016-02-10 16:07:38", "calendarYear": "2015", "period": "FY", "revenue": 450557000, "costOfRevenue": 102571000, "grossProfit": 347986000, "grossProfitRatio": 0.7723462292, "researchAndDevelopmentExpenses": 69791000, "generalAndAdministrativeExpenses": 0, "sellingAndMarketingExpenses": 0, "sellingGeneralAndAdministrativeExpenses": 156674000, "otherExpenses": 645000, "operatingExpenses": 226465000, "costAndExpenses": 329036000, "interestIncome": 0, "interestExpense": 0, "depreciationAndAmortization": 14118000, "ebitda": 116080000, "ebitdaratio": 0.2576366586, "operatingIncome": 121521000, "operatingIncomeRatio": 0.2697128221, "totalOtherIncomeExpensesNet": 5441000, "incomeBeforeTax": 126962000, "incomeBeforeTaxRatio": 0.2817889856, "incomeTaxExpense": 19298000, "netIncome": 187074000, "netIncomeRatio": 0.4152060672, "eps": 1.09, "epsdiluted": 1.07, "weightedAverageShsOut": 172592000, "weightedAverageShsOutDil": 175982000, "link": "https://www.sec.gov/Archives/edgar/data/851205/000085120516000027/0000851205-16-000027-index.htm", "finalLink": "https://www.sec.gov/Archives/edgar/data/851205/000085120516000027/cgnx-20151231x10xk.htm", "calculatedOtherExpenses": 0, "calculatedOperatingExpenses": 226465000, "calculatedNetInterest": 0, "calculatedOtherIncome": 5441000, "calculatedIncomeNonControlling": -79410000, "calculatedEbitda": 135639000}, {"date": "2014-12-31", "symbol": "CGNX", "reportedCurrency": "USD", "cik": "0000851205", "fillingDate": "2015-02-12", "acceptedDate": "2015-02-12 16:01:07", "calendarYear": "2014", "period": "FY", "revenue": 486270000, "costOfRevenue": 121020000, "grossProfit": 365250000, "grossProfitRatio": 0.7511259177, "researchAndDevelopmentExpenses": 59920000, "generalAndAdministrativeExpenses": 0, "sellingAndMarketingExpenses": 0, "sellingGeneralAndAdministrativeExpenses": 161667000, "otherExpenses": -283000, "operatingExpenses": 221587000, "costAndExpenses": 342607000, "interestIncome": 0, "interestExpense": 0, "depreciationAndAmortization": 12467000, "ebitda": 139929000, "ebitdaratio": 0.2877598865, "operatingIncome": 143663000, "operatingIncomeRatio": 0.295438748, "totalOtherIncomeExpensesNet": 3734000, "incomeBeforeTax": 147397000, "incomeBeforeTaxRatio": 0.3031176096, "incomeTaxExpense": 25912000, "netIncome": 121485000, "netIncomeRatio": 0.2498303412, "eps": 0.7, "epsdiluted": 0.68, "weightedAverageShsOut": 173716000, "weightedAverageShsOutDil": 178142000, "link": "https://www.sec.gov/Archives/edgar/data/851205/000085120515000003/0000851205-15-000003-index.htm", "finalLink": "https://www.sec.gov/Archives/edgar/data/851205/000085120515000003/cgnx-20141231x10xk.htm", "calculatedOtherExpenses": 0, "calculatedOperatingExpenses": 221587000, "calculatedNetInterest": 0, "calculatedOtherIncome": 3734000, "calculatedIncomeNonControlling": 0, "calculatedEbitda": 156130000}, {"date": "2013-12-31", "symbol": "CGNX", "reportedCurrency": "USD", "cik": "0000851205", "fillingDate": "2014-02-13", "acceptedDate": "2014-02-13 16:07:03", "calendarYear": "2013", "period": "FY", "revenue": 353886000, "costOfRevenue": 84080000, "grossProfit": 269806000, "grossProfitRatio": 0.7624093635, "researchAndDevelopmentExpenses": 48087000, "generalAndAdministrativeExpenses": 0, "sellingAndMarketingExpenses": 0, "sellingGeneralAndAdministrativeExpenses": 135351000, "otherExpenses": -440000, "operatingExpenses": 183438000, "costAndExpenses": 267518000, "interestIncome": 0, "interestExpense": 0, "depreciationAndAmortization": 11102000, "ebitda": 84850000, "ebitdaratio": 0.2397664785, "operatingIncome": 86368000, "operatingIncomeRatio": 0.2440559954, "totalOtherIncomeExpensesNet": 1518000, "incomeBeforeTax": 87886000, "incomeBeforeTaxRatio": 0.2483455124, "incomeTaxExpense": 14313000, "netIncome": 73573000, "netIncomeRatio": 0.2079002843, "eps": 0.43, "epsdiluted": 0.42, "weightedAverageShsOut": 173892000, "weightedAverageShsOutDil": 177802000, "link": "https://www.sec.gov/Archives/edgar/data/851205/000119312514051054/0001193125-14-051054-index.htm", "finalLink": "https://www.sec.gov/Archives/edgar/data/851205/000119312514051054/d632893d10k.htm", "calculatedOtherExpenses": 0, "calculatedOperatingExpenses": 183438000, "calculatedNetInterest": 0, "calculatedOtherIncome": 1518000, "calculatedIncomeNonControlling": 0, "calculatedEbitda": 97470000}, {"date": "2012-12-31", "symbol": "CGNX", "reportedCurrency": "USD", "cik": "0000851205", "fillingDate": "2013-02-11", "acceptedDate": "2013-02-11 16:08:30", "calendarYear": "2012", "period": "FY", "revenue": 324279000, "costOfRevenue": 79495000, "grossProfit": 244784000, "grossProfitRatio": 0.7548561578, "researchAndDevelopmentExpenses": 41549000, "generalAndAdministrativeExpenses": 118036000, "sellingAndMarketingExpenses": 1792000, "sellingGeneralAndAdministrativeExpenses": 119828000, "otherExpenses": -367000, "operatingExpenses": 161377000, "costAndExpenses": 240872000, "interestIncome": 0, "interestExpense": 0, "depreciationAndAmortization": 10858000, "ebitda": 90675000, "ebitdaratio": 0.2796203269, "operatingIncome": 83407000, "operatingIncomeRatio": 0.2572075281, "totalOtherIncomeExpensesNet": 3223000, "incomeBeforeTax": 86630000, "incomeBeforeTaxRatio": 0.2671465004, "incomeTaxExpense": 18532000, "netIncome": 68098000, "netIncomeRatio": 0.2099981806, "eps": 0.4, "epsdiluted": 0.39, "weightedAverageShsOut": 171332000, "weightedAverageShsOutDil": 174560000, "link": "https://www.sec.gov/Archives/edgar/data/851205/000119312513048665/0001193125-13-048665-index.htm", "finalLink": "https://www.sec.gov/Archives/edgar/data/851205/000119312513048665/d434050d10k.htm", "calculatedOtherExpenses": 0, "calculatedOperatingExpenses": 161377000, "calculatedNetInterest": 0, "calculatedOtherIncome": 3223000, "calculatedIncomeNonControlling": 0, "calculatedEbitda": 94265000}, {"date": "2011-12-31", "symbol": "CGNX", "reportedCurrency": "USD", "cik": "0000851205", "fillingDate": "2012-02-09", "acceptedDate": "2012-02-09 16:07:24", "calendarYear": "2011", "period": "FY", "revenue": 321914000, "costOfRevenue": 77919000, "grossProfit": 243995000, "grossProfitRatio": 0.7579508813, "researchAndDevelopmentExpenses": 40946000, "generalAndAdministrativeExpenses": 0, "sellingAndMarketingExpenses": 0, "sellingGeneralAndAdministrativeExpenses": 117694000, "otherExpenses": 0, "operatingExpenses": 158640000, "costAndExpenses": 236559000, "interestIncome": 2902000, "interestExpense": 2902000, "depreciationAndAmortization": 9756000, "ebitda": 83593000, "ebitdaratio": 0.2596749442, "operatingIncome": 85355000, "operatingIncomeRatio": 0.2651484558, "totalOtherIncomeExpensesNet": 1762000, "incomeBeforeTax": 87117000, "incomeBeforeTaxRatio": 0.2706219674, "incomeTaxExpense": 17248000, "netIncome": 69869000, "netIncomeRatio": 0.2170424399, "eps": 0.42, "epsdiluted": 0.41, "weightedAverageShsOut": 167436000, "weightedAverageShsOutDil": 171048000, "link": "https://www.sec.gov/Archives/edgar/data/851205/000119312512049244/0001193125-12-049244-index.htm", "finalLink": "https://www.sec.gov/Archives/edgar/data/851205/000119312512049244/d273174d10k.htm", "calculatedOtherExpenses": 0, "calculatedOperatingExpenses": 158640000, "calculatedNetInterest": 0, "calculatedOtherIncome": 1762000, "calculatedIncomeNonControlling": 0, "calculatedEbitda": 95111000}, {"date": "2010-12-31", "symbol": "CGNX", "reportedCurrency": "USD", "cik": "0000851205", "fillingDate": "2011-02-10", "acceptedDate": "2011-02-10 16:07:12", "calendarYear": "2010", "period": "FY", "revenue": 290691000, "costOfRevenue": 77588000, "grossProfit": 213103000, "grossProfitRatio": 0.7330911518, "researchAndDevelopmentExpenses": 33080000, "generalAndAdministrativeExpenses": 0, "sellingAndMarketingExpenses": 0, "sellingGeneralAndAdministrativeExpenses": 104235000, "otherExpenses": 0, "operatingExpenses": 137315000, "costAndExpenses": 214903000, "interestIncome": 1421000, "interestExpense": 1421000, "depreciationAndAmortization": 9809000, "ebitda": 86703000, "ebitdaratio": 0.2982651682, "operatingIncome": 75713000, "operatingIncomeRatio": 0.2604587001, "totalOtherIncomeExpensesNet": -1106000, "incomeBeforeTax": 76103000, "incomeBeforeTaxRatio": 0.2618003309, "incomeTaxExpense": 14722000, "netIncome": 61381000, "netIncomeRatio": 0.2111554881, "eps": 0.39, "epsdiluted": 0.38, "weightedAverageShsOut": 159696000, "weightedAverageShsOutDil": 161188000, "link": "https://www.sec.gov/Archives/edgar/data/851205/000095012311011782/0000950123-11-011782-index.htm", "finalLink": "https://www.sec.gov/Archives/edgar/data/851205/000095012311011782/b83539e10vk.htm", "calculatedOtherExpenses": 75000, "calculatedOperatingExpenses": 137390000, "calculatedNetInterest": 0, "calculatedOtherIncome": 390000, "calculatedIncomeNonControlling": 0, "calculatedEbitda": 85522000}, {"date": "2009-12-31", "symbol": "CGNX", "reportedCurrency": "USD", "cik": "0000851205", "fillingDate": "2010-02-11", "acceptedDate": "2010-02-11 16:06:42", "calendarYear": "2009", "period": "FY", "revenue": 175727000, "costOfRevenue": 56387000, "grossProfit": 119340000, "grossProfitRatio": 0.679121592, "researchAndDevelopmentExpenses": 31132000, "generalAndAdministrativeExpenses": 0, "sellingAndMarketingExpenses": 0, "sellingGeneralAndAdministrativeExpenses": 96350000, "otherExpenses": 0, "operatingExpenses": 127482000, "costAndExpenses": 183869000, "interestIncome": 2185000, "interestExpense": 2185000, "depreciationAndAmortization": 9580000, "ebitda": -5908000, "ebitdaratio": -0.0336203315, "operatingIncome": -12668000, "operatingIncomeRatio": -0.0720890927, "totalOtherIncomeExpensesNet": -2234000, "incomeBeforeTax": -10376000, "incomeBeforeTaxRatio": -0.0590461341, "incomeTaxExpense": -5507000, "netIncome": -4869000, "netIncomeRatio": -0.0277077512, "eps": -0.0307, "epsdiluted": -0.0307, "weightedAverageShsOut": 158632000, "weightedAverageShsOutDil": 158636000, "link": "https://www.sec.gov/Archives/edgar/data/851205/000095012310011521/0000950123-10-011521-index.htm", "finalLink": "https://www.sec.gov/Archives/edgar/data/851205/000095012310011521/b78676e10vk.htm", "calculatedOtherExpenses": 4526000, "calculatedOperatingExpenses": 132008000, "calculatedNetInterest": 0, "calculatedOtherIncome": 2292000, "calculatedIncomeNonControlling": 0, "calculatedEbitda": -3088000}, {"date": "2008-12-31", "symbol": "CGNX", "reportedCurrency": "USD", "cik": "0000851205", "fillingDate": "2009-02-17", "acceptedDate": "2009-02-17 16:01:32", "calendarYear": "2008", "period": "FY", "revenue": 242680000, "costOfRevenue": 68427000, "grossProfit": 174253000, "grossProfitRatio": 0.7180360969, "researchAndDevelopmentExpenses": 36262000, "generalAndAdministrativeExpenses": 0, "sellingAndMarketingExpenses": 0, "sellingGeneralAndAdministrativeExpenses": 112629000, "otherExpenses": 0, "operatingExpenses": 148891000, "costAndExpenses": 217318000, "interestIncome": 7101000, "interestExpense": 7101000, "depreciationAndAmortization": 11375000, "ebitda": 33832000, "ebitdaratio": 0.1394099225, "operatingIncome": 25104000, "operatingIncomeRatio": 0.1034448657, "totalOtherIncomeExpensesNet": 2905000, "incomeBeforeTax": 35368000, "incomeBeforeTaxRatio": 0.1457392451, "incomeTaxExpense": 4869000, "netIncome": 27275000, "netIncomeRatio": 0.1123908027, "eps": 0.17, "epsdiluted": 0.17, "weightedAverageShsOut": 165748000, "weightedAverageShsOutDil": 166216000, "link": "https://www.sec.gov/Archives/edgar/data/851205/000095013509001024/0000950135-09-001024-index.htm", "finalLink": "https://www.sec.gov/Archives/edgar/data/851205/000095013509001024/b73436cce10vk.htm", "calculatedOtherExpenses": 258000, "calculatedOperatingExpenses": 149149000, "calculatedNetInterest": 0, "calculatedOtherIncome": 10264000, "calculatedIncomeNonControlling": 3224000, "calculatedEbitda": 36479000}, {"date": "2007-12-31", "symbol": "CGNX", "reportedCurrency": "USD", "cik": "0000851205", "fillingDate": "2008-02-14", "acceptedDate": "2008-02-14 16:17:05", "calendarYear": "2007", "period": "FY", "revenue": 225737000, "costOfRevenue": 64484000, "grossProfit": 161253000, "grossProfitRatio": 0.7143401392, "researchAndDevelopmentExpenses": 34335000, "generalAndAdministrativeExpenses": 0, "sellingAndMarketingExpenses": 0, "sellingGeneralAndAdministrativeExpenses": 99819000, "otherExpenses": 0, "operatingExpenses": 134154000, "costAndExpenses": 198638000, "interestIncome": 0, "interestExpense": 0, "depreciationAndAmortization": 11358000, "ebitda": 30471000, "ebitdaratio": 0.1349845174, "operatingIncome": 27099000, "operatingIncomeRatio": 0.1200467801, "totalOtherIncomeExpensesNet": 7986000, "incomeBeforeTax": 35085000, "incomeBeforeTaxRatio": 0.1554242326, "incomeTaxExpense": 8186000, "netIncome": 26899000, "netIncomeRatio": 0.1191607933, "eps": 0.16, "epsdiluted": 0.15, "weightedAverageShsOut": 174900000, "weightedAverageShsOutDil": 176252000, "link": "https://www.sec.gov/Archives/edgar/data/851205/000095013508001020/0000950135-08-001020-index.htm", "finalLink": "https://www.sec.gov/Archives/edgar/data/851205/000095013508001020/b68104cce10vk.htm", "calculatedOtherExpenses": 0, "calculatedOperatingExpenses": 134154000, "calculatedNetInterest": 0, "calculatedOtherIncome": 7986000, "calculatedIncomeNonControlling": 0, "calculatedEbitda": 38457000}, {"date": "2006-12-31", "symbol": "CGNX", "reportedCurrency": "USD", "cik": "0000851205", "fillingDate": "2007-02-28", "acceptedDate": "2007-02-28 16:28:26", "calendarYear": "2006", "period": "FY", "revenue": 238424000, "costOfRevenue": 64943000, "grossProfit": 173481000, "grossProfitRatio": 0.7276155085, "researchAndDevelopmentExpenses": 32607000, "generalAndAdministrativeExpenses": 0, "sellingAndMarketingExpenses": 0, "sellingGeneralAndAdministrativeExpenses": 96678000, "otherExpenses": 0, "operatingExpenses": 129285000, "costAndExpenses": 194228000, "interestIncome": 0, "interestExpense": 0, "depreciationAndAmortization": 11667000, "ebitda": 49759000, "ebitdaratio": 0.2086996276, "operatingIncome": 44196000, "operatingIncomeRatio": 0.1853672449, "totalOtherIncomeExpensesNet": 6104000, "incomeBeforeTax": 50300000, "incomeBeforeTaxRatio": 0.2109686944, "incomeTaxExpense": 10445000, "netIncome": 39855000, "netIncomeRatio": 0.1671601852, "eps": 0.22, "epsdiluted": 0.21, "weightedAverageShsOut": 182236000, "weightedAverageShsOutDil": 186592000, "link": "https://www.sec.gov/Archives/edgar/data/851205/000095013507001256/0000950135-07-001256-index.htm", "finalLink": "https://www.sec.gov/Archives/edgar/data/851205/000095013507001256/b63634cce10vk.htm", "calculatedOtherExpenses": 0, "calculatedOperatingExpenses": 129285000, "calculatedNetInterest": 0, "calculatedOtherIncome": 6104000, "calculatedIncomeNonControlling": 0, "calculatedEbitda": 55863000}, {"date": "2005-12-31", "symbol": "CGNX", "reportedCurrency": "USD", "cik": "0000851205", "fillingDate": "2006-03-01", "acceptedDate": "2006-03-01 14:42:19", "calendarYear": "2005", "period": "FY", "revenue": 216875000, "costOfRevenue": 62899000, "grossProfit": 153976000, "grossProfitRatio": 0.7099757925, "researchAndDevelopmentExpenses": 27640000, "generalAndAdministrativeExpenses": 0, "sellingAndMarketingExpenses": 0, "sellingGeneralAndAdministrativeExpenses": 82332000, "otherExpenses": 0, "operatingExpenses": 109972000, "costAndExpenses": 172871000, "interestIncome": 0, "interestExpense": 0, "depreciationAndAmortization": 11425000, "ebitda": 51187000, "ebitdaratio": 0.2360207493, "operatingIncome": 44004000, "operatingIncomeRatio": 0.2029002882, "totalOtherIncomeExpensesNet": 4242000, "incomeBeforeTax": 48246000, "incomeBeforeTaxRatio": 0.2224599424, "incomeTaxExpense": 12544000, "netIncome": 35702000, "netIncomeRatio": 0.1646201729, "eps": 0.19, "epsdiluted": 0.19, "weightedAverageShsOut": 186836000, "weightedAverageShsOutDil": 191740000, "link": "https://www.sec.gov/Archives/edgar/data/851205/000095013506001278/0000950135-06-001278-index.htm", "finalLink": "https://www.sec.gov/Archives/edgar/data/851205/000095013506001278/b58467cce10vk.htm", "calculatedOtherExpenses": 0, "calculatedOperatingExpenses": 109972000, "calculatedNetInterest": 0, "calculatedOtherIncome": 4242000, "calculatedIncomeNonControlling": 0, "calculatedEbitda": 55429000}, {"date": "2004-12-31", "symbol": "CGNX", "reportedCurrency": "USD", "cik": "0000851205", "fillingDate": "2005-03-11", "acceptedDate": "2005-03-11 09:41:22", "calendarYear": "2004", "period": "FY", "revenue": 207957000, "costOfRevenue": 57371000, "grossProfit": 150586000, "grossProfitRatio": 0.7241208519, "researchAndDevelopmentExpenses": 27063000, "generalAndAdministrativeExpenses": 0, "sellingAndMarketingExpenses": 0, "sellingGeneralAndAdministrativeExpenses": 70674000, "otherExpenses": 0, "operatingExpenses": 97737000, "costAndExpenses": 155108000, "interestIncome": 0, "interestExpense": 0, "depreciationAndAmortization": 9970000, "ebitda": 56508000, "ebitdaratio": 0.2717292517, "operatingIncome": 46849000, "operatingIncomeRatio": 0.2252821497, "totalOtherIncomeExpensesNet": 6311000, "incomeBeforeTax": 53160000, "incomeBeforeTaxRatio": 0.2556297696, "incomeTaxExpense": 15416000, "netIncome": 37744000, "netIncomeRatio": 0.1814990599, "eps": 0.21, "epsdiluted": 0.2, "weightedAverageShsOut": 181920000, "weightedAverageShsOutDil": 189432000, "link": "https://www.sec.gov/Archives/edgar/data/851205/000095013505001337/0000950135-05-001337-index.htm", "finalLink": "https://www.sec.gov/Archives/edgar/data/851205/000095013505001337/b53938cce10vk.htm", "calculatedOtherExpenses": 6000000, "calculatedOperatingExpenses": 103737000, "calculatedNetInterest": 0, "calculatedOtherIncome": 6311000, "calculatedIncomeNonControlling": 0, "calculatedEbitda": 56819000}, {"date": "2003-12-31", "symbol": "CGNX", "reportedCurrency": "USD", "cik": "0000851205", "fillingDate": "2004-03-12", "acceptedDate": "2004-03-12 16:34:32", "calendarYear": "2003", "period": "FY", "revenue": 150092000, "costOfRevenue": 50139000, "grossProfit": 99953000, "grossProfitRatio": 0.6659448871, "researchAndDevelopmentExpenses": 24719000, "generalAndAdministrativeExpenses": 0, "sellingAndMarketingExpenses": 0, "sellingGeneralAndAdministrativeExpenses": 55724000, "otherExpenses": 0, "operatingExpenses": 80443000, "costAndExpenses": 130582000, "interestIncome": 0, "interestExpense": 0, "depreciationAndAmortization": 10162000, "ebitda": 31384000, "ebitdaratio": 0.2090984196, "operatingIncome": 19510000, "operatingIncomeRatio": 0.1299869413, "totalOtherIncomeExpensesNet": -1712000, "incomeBeforeTax": 23248000, "incomeBeforeTaxRatio": 0.1548916664, "incomeTaxExpense": 7297000, "netIncome": 15951000, "netIncomeRatio": 0.1062748181, "eps": 0.0925, "epsdiluted": 0.09, "weightedAverageShsOut": 172692000, "weightedAverageShsOutDil": 177864000, "link": "https://www.sec.gov/Archives/edgar/data/851205/000095013504001257/0000950135-04-001257-index.htm", "finalLink": "https://www.sec.gov/Archives/edgar/data/851205/000095013504001257/b48998cce10vk.htm", "calculatedOtherExpenses": 0, "calculatedOperatingExpenses": 80443000, "calculatedNetInterest": 0, "calculatedOtherIncome": 3738000, "calculatedIncomeNonControlling": 0, "calculatedEbitda": 29672000}, {"date": "2002-12-31", "symbol": "CGNX", "reportedCurrency": "USD", "cik": "0000851205", "fillingDate": "2003-03-26", "acceptedDate": "2003-03-26 10:07:56", "calendarYear": "2002", "period": "FY", "revenue": 114107000, "costOfRevenue": 39859000, "grossProfit": 74248000, "grossProfitRatio": 0.6506875126, "researchAndDevelopmentExpenses": 25630000, "generalAndAdministrativeExpenses": 0, "sellingAndMarketingExpenses": 0, "sellingGeneralAndAdministrativeExpenses": 58026000, "otherExpenses": 0, "operatingExpenses": 83656000, "costAndExpenses": 123515000, "interestIncome": 0, "interestExpense": 0, "depreciationAndAmortization": 9524000, "ebitda": -1088000, "ebitdaratio": -0.0095349102, "operatingIncome": -9408000, "operatingIncomeRatio": -0.0824489295, "totalOtherIncomeExpensesNet": 1204000, "incomeBeforeTax": -8204000, "incomeBeforeTaxRatio": -0.0718974296, "incomeTaxExpense": -2177000, "netIncome": -6027000, "netIncomeRatio": -0.0528188455, "eps": -0.0346, "epsdiluted": -0.0346, "weightedAverageShsOut": 174012000, "weightedAverageShsOutDil": 174012000, "link": "https://www.sec.gov/Archives/edgar/data/851205/000095013503001950/0000950135-03-001950-index.htm", "finalLink": "https://www.sec.gov/Archives/edgar/data/851205/000095013503001950/b45670cce10vk.htm", "calculatedOtherExpenses": 0, "calculatedOperatingExpenses": 83656000, "calculatedNetInterest": 0, "calculatedOtherIncome": 1204000, "calculatedIncomeNonControlling": 0, "calculatedEbitda": 116000}, {"date": "2001-12-31", "symbol": "CGNX", "reportedCurrency": "USD", "cik": "0000851205", "fillingDate": "2002-03-15", "acceptedDate": "2002-03-15 00:00:00", "calendarYear": "2001", "period": "FY", "revenue": 140729000, "costOfRevenue": 62345000, "grossProfit": 78384000, "grossProfitRatio": 0.5569854117, "researchAndDevelopmentExpenses": 30094000, "generalAndAdministrativeExpenses": 0, "sellingAndMarketingExpenses": 0, "sellingGeneralAndAdministrativeExpenses": 61590000, "otherExpenses": 14040000, "operatingExpenses": 105724000, "costAndExpenses": 168069000, "interestIncome": 0, "interestExpense": 0, "depreciationAndAmortization": 13544000, "ebitda": -14533000, "ebitdaratio": -0.1032694043, "operatingIncome": -27340000, "operatingIncomeRatio": -0.1942741013, "totalOtherIncomeExpensesNet": 737000, "incomeBeforeTax": -15671000, "incomeBeforeTaxRatio": -0.1113558684, "incomeTaxExpense": -4544000, "netIncome": -11127000, "netIncomeRatio": -0.079066859, "eps": -0.0637, "epsdiluted": -0.0637, "weightedAverageShsOut": 174556000, "weightedAverageShsOutDil": 174556000, "link": "https://www.sec.gov/Archives/edgar/data/851205/000095013502001368/0000950135-02-001368-index.htm", "finalLink": "https://www.sec.gov/Archives/edgar/data/851205/000095013502001368/b41828cce10-k.htm", "calculatedOtherExpenses": 14040000, "calculatedOperatingExpenses": 105724000, "calculatedNetInterest": 0, "calculatedOtherIncome": 11669000, "calculatedIncomeNonControlling": 0, "calculatedEbitda": -13796000}, {"date": "2000-12-31", "symbol": "CGNX", "reportedCurrency": "USD", "cik": "0000851205", "fillingDate": "2001-03-26", "acceptedDate": "2001-03-26 00:00:00", "calendarYear": "2000", "period": "FY", "revenue": 250726000, "costOfRevenue": 53791000, "grossProfit": 196935000, "grossProfitRatio": 0.785459027, "researchAndDevelopmentExpenses": 33341000, "generalAndAdministrativeExpenses": 0, "sellingAndMarketingExpenses": 0, "sellingGeneralAndAdministrativeExpenses": 61915000, "otherExpenses": 11993000, "operatingExpenses": 107249000, "costAndExpenses": 161040000, "interestIncome": 0, "interestExpense": 0, "depreciationAndAmortization": 11993000, "ebitda": 91147000, "ebitdaratio": 0.3635323022, "operatingIncome": 89686000, "operatingIncomeRatio": 0.357705224, "totalOtherIncomeExpensesNet": 10532000, "incomeBeforeTax": 100218000, "incomeBeforeTaxRatio": 0.3997112386, "incomeTaxExpense": 32070000, "netIncome": 68148000, "netIncomeRatio": 0.271802685, "eps": 0.4, "epsdiluted": 0.37, "weightedAverageShsOut": 172172000, "weightedAverageShsOutDil": 182792000, "link": "https://www.sec.gov/Archives/edgar/data/851205/000095013501000909/0000950135-01-000909-index.htm", "finalLink": "https://www.sec.gov/Archives/edgar/data/851205/000095013501000909/b38122cce10-k.txt", "calculatedOtherExpenses": 11993000, "calculatedOperatingExpenses": 107249000, "calculatedNetInterest": 0, "calculatedOtherIncome": 10532000, "calculatedIncomeNonControlling": 0, "calculatedEbitda": 101679000}, {"date": "1999-12-31", "symbol": "CGNX", "reportedCurrency": "USD", "cik": "0000851205", "fillingDate": "2000-03-24", "acceptedDate": "2000-03-24 00:00:00", "calendarYear": "1999", "period": "FY", "revenue": 152100000, "costOfRevenue": 35900000, "grossProfit": 116200000, "grossProfitRatio": 0.7639710717, "researchAndDevelopmentExpenses": 27700000, "generalAndAdministrativeExpenses": 0, "sellingAndMarketingExpenses": 0, "sellingGeneralAndAdministrativeExpenses": 43700000, "otherExpenses": 9300000, "operatingExpenses": 80700000, "costAndExpenses": 116600000, "interestIncome": 0, "interestExpense": 0, "depreciationAndAmortization": 9300000, "ebitda": 37500000, "ebitdaratio": 0.2465483235, "operatingIncome": 35500000, "operatingIncomeRatio": 0.2333990796, "totalOtherIncomeExpensesNet": 7300000, "incomeBeforeTax": 42800000, "incomeBeforeTaxRatio": 0.2813938199, "incomeTaxExpense": 12400000, "netIncome": 30400000, "netIncomeRatio": 0.1998685076, "eps": 0.19, "epsdiluted": 0.17, "weightedAverageShsOut": 163728000, "weightedAverageShsOutDil": 175944000, "link": "https://www.sec.gov/Archives/edgar/data/851205/000095013500001625/0000950135-00-001625-index.htm", "finalLink": "https://www.sec.gov/Archives/edgar/data/851205/000095013500001625/", "calculatedOtherExpenses": 9300000, "calculatedOperatingExpenses": 80700000, "calculatedNetInterest": 0, "calculatedOtherIncome": 7300000, "calculatedIncomeNonControlling": 0, "calculatedEbitda": 44800000}, {"date": "1998-12-31", "symbol": "CGNX", "reportedCurrency": "USD", "cik": "0000851205", "fillingDate": "1999-03-26", "acceptedDate": "1999-03-26 00:00:00", "calendarYear": "1998", "period": "FY", "revenue": 121800000, "costOfRevenue": 28600000, "grossProfit": 93200000, "grossProfitRatio": 0.7651888342, "researchAndDevelopmentExpenses": 24700000, "generalAndAdministrativeExpenses": 0, "sellingAndMarketingExpenses": 0, "sellingGeneralAndAdministrativeExpenses": 38000000, "otherExpenses": 8700000, "operatingExpenses": 71400000, "costAndExpenses": 100000000, "interestIncome": 0, "interestExpense": 0, "depreciationAndAmortization": 8700000, "ebitda": 25100000, "ebitdaratio": 0.2060755337, "operatingIncome": 21800000, "operatingIncomeRatio": 0.1789819376, "totalOtherIncomeExpensesNet": 5400000, "incomeBeforeTax": 27300000, "incomeBeforeTaxRatio": 0.224137931, "incomeTaxExpense": 7100000, "netIncome": 20200000, "netIncomeRatio": 0.1658456486, "eps": 0.12, "epsdiluted": 0.12, "weightedAverageShsOut": 163912000, "weightedAverageShsOutDil": 172812000, "link": "https://www.sec.gov/Archives/edgar/data/851205/0000950135-99-001517-index.html", "finalLink": "https://www.sec.gov/Archives/edgar/data/851205/0000950135-99-001517.txt", "calculatedOtherExpenses": 8700000, "calculatedOperatingExpenses": 71400000, "calculatedNetInterest": 0, "calculatedOtherIncome": 5500000, "calculatedIncomeNonControlling": 0, "calculatedEbitda": 30500000}, {"date": "1997-12-31", "symbol": "CGNX", "reportedCurrency": "USD", "cik": "0000851205", "fillingDate": "1998-03-27", "acceptedDate": "1998-03-27 00:00:00", "calendarYear": "1997", "period": "FY", "revenue": 155300000, "costOfRevenue": 36500000, "grossProfit": 118800000, "grossProfitRatio": 0.7649710238, "researchAndDevelopmentExpenses": 22500000, "generalAndAdministrativeExpenses": 0, "sellingAndMarketingExpenses": 0, "sellingGeneralAndAdministrativeExpenses": 35800000, "otherExpenses": 5800000, "operatingExpenses": 64100000, "costAndExpenses": 100600000, "interestIncome": 0, "interestExpense": 0, "depreciationAndAmortization": 5800000, "ebitda": 56900000, "ebitdaratio": 0.3663876368, "operatingIncome": 54700000, "operatingIncomeRatio": 0.3522215068, "totalOtherIncomeExpensesNet": 3600000, "incomeBeforeTax": 58300000, "incomeBeforeTaxRatio": 0.3754024469, "incomeTaxExpense": 17800000, "netIncome": 40500000, "netIncomeRatio": 0.2607855763, "eps": 0.25, "epsdiluted": 0.23, "weightedAverageShsOut": 165306122, "weightedAverageShsOutDil": 178021978, "link": "https://www.sec.gov/Archives/edgar/data/851205/000095013598001915/0000950135-98-001915-index.htm", "finalLink": "https://www.sec.gov/Archives/edgar/data/851205/", "calculatedOtherExpenses": 5800000, "calculatedOperatingExpenses": 64100000, "calculatedNetInterest": 0, "calculatedOtherIncome": 3600000, "calculatedIncomeNonControlling": 0, "calculatedEbitda": 60500000}, {"date": "1996-12-31", "symbol": "CGNX", "reportedCurrency": "USD", "cik": "0000851205", "fillingDate": "1997-03-24", "acceptedDate": "1997-03-24 00:00:00", "calendarYear": "1996", "period": "FY", "revenue": 122800000, "costOfRevenue": 33800000, "grossProfit": 89000000, "grossProfitRatio": 0.7247557003, "researchAndDevelopmentExpenses": 19400000, "generalAndAdministrativeExpenses": 0, "sellingAndMarketingExpenses": 0, "sellingGeneralAndAdministrativeExpenses": 26300000, "otherExpenses": 5100000, "operatingExpenses": 50800000, "costAndExpenses": 84600000, "interestIncome": 0, "interestExpense": 0, "depreciationAndAmortization": 5100000, "ebitda": 37900000, "ebitdaratio": 0.3086319218, "operatingIncome": 38200000, "operatingIncomeRatio": 0.3110749186, "totalOtherIncomeExpensesNet": 5400000, "incomeBeforeTax": 43700000, "incomeBeforeTaxRatio": 0.3558631922, "incomeTaxExpense": 13300000, "netIncome": 30400000, "netIncomeRatio": 0.2475570033, "eps": 0.17, "epsdiluted": 0.17, "weightedAverageShsOut": 175256000, "weightedAverageShsOutDil": 175256000, "link": "https://www.sec.gov/Archives/edgar/data/851205/000095013597001297/0000950135-97-001297-index.htm", "finalLink": "https://www.sec.gov/Archives/edgar/data/851205/", "calculatedOtherExpenses": 5100000, "calculatedOperatingExpenses": 50800000, "calculatedNetInterest": 0, "calculatedOtherIncome": 5500000, "calculatedIncomeNonControlling": 0, "calculatedEbitda": 43300000}, {"date": "1995-12-31", "symbol": "CGNX", "reportedCurrency": "USD", "cik": "0000851205", "fillingDate": "1996-03-28", "acceptedDate": "1996-03-28 00:00:00", "calendarYear": "1995", "period": "FY", "revenue": 104500000, "costOfRevenue": 19300000, "grossProfit": 85200000, "grossProfitRatio": 0.8153110048, "researchAndDevelopmentExpenses": 13200000, "generalAndAdministrativeExpenses": 0, "sellingAndMarketingExpenses": 0, "sellingGeneralAndAdministrativeExpenses": 24000000, "otherExpenses": 3200000, "operatingExpenses": 40400000, "costAndExpenses": 59700000, "interestIncome": 0, "interestExpense": 0, "depreciationAndAmortization": 3200000, "ebitda": 55200000, "ebitdaratio": 0.5282296651, "operatingIncome": 44800000, "operatingIncomeRatio": 0.428708134, "totalOtherIncomeExpensesNet": -7200000, "incomeBeforeTax": 37600000, "incomeBeforeTaxRatio": 0.3598086124, "incomeTaxExpense": 14600000, "netIncome": 23000000, "netIncomeRatio": 0.2200956938, "eps": 0.14, "epsdiluted": 0.14, "weightedAverageShsOut": 167808000, "weightedAverageShsOutDil": 170432000, "link": "https://www.sec.gov/Archives/edgar/data/851205/0000950135-96-001529-index.html", "finalLink": "https://www.sec.gov/Archives/edgar/data/851205/0000950135-96-001529.txt", "calculatedOtherExpenses": 3200000, "calculatedOperatingExpenses": 40400000, "calculatedNetInterest": 0, "calculatedOtherIncome": -7200000, "calculatedIncomeNonControlling": 0, "calculatedEbitda": 48000000}, {"date": "1994-12-31", "symbol": "CGNX", "reportedCurrency": "USD", "cik": "0000851205", "fillingDate": "1995-03-27", "acceptedDate": "1995-03-27 00:00:00", "calendarYear": "1994", "period": "FY", "revenue": 62500000, "costOfRevenue": 12100000, "grossProfit": 50400000, "grossProfitRatio": 0.8064, "researchAndDevelopmentExpenses": 9900000, "generalAndAdministrativeExpenses": 0, "sellingAndMarketingExpenses": 0, "sellingGeneralAndAdministrativeExpenses": 16800000, "otherExpenses": 1800000, "operatingExpenses": 28500000, "costAndExpenses": 40600000, "interestIncome": 0, "interestExpense": 0, "depreciationAndAmortization": 1800000, "ebitda": 22200000, "ebitdaratio": 0.3552, "operatingIncome": 21900000, "operatingIncomeRatio": 0.3504, "totalOtherIncomeExpensesNet": 1500000, "incomeBeforeTax": 23300000, "incomeBeforeTaxRatio": 0.3728, "incomeTaxExpense": 7200000, "netIncome": 16100000, "netIncomeRatio": 0.2576, "eps": 0.11, "epsdiluted": 0.11, "weightedAverageShsOut": 148600000, "weightedAverageShsOutDil": 148600000, "link": "https://www.sec.gov/Archives/edgar/data/851205/000095013595000776/0000950135-95-000776-index.htm", "finalLink": "https://www.sec.gov/Archives/edgar/data/851205/0000950135-95-000776.txt", "calculatedOtherExpenses": 1800000, "calculatedOperatingExpenses": 28500000, "calculatedNetInterest": 0, "calculatedOtherIncome": 1400000, "calculatedIncomeNonControlling": 0, "calculatedEbitda": 23700000}, {"date": "1993-12-31", "symbol": "CGNX", "reportedCurrency": "USD", "cik": "0000851205", "fillingDate": "1993-12-31", "acceptedDate": "1993-12-30 19:00:00", "calendarYear": "1993", "period": "FY", "revenue": 43400000, "costOfRevenue": 9000000, "grossProfit": 34400000, "grossProfitRatio": 0.7926267281, "researchAndDevelopmentExpenses": 0, "generalAndAdministrativeExpenses": 0, "sellingAndMarketingExpenses": 0, "sellingGeneralAndAdministrativeExpenses": 18400000, "otherExpenses": 1300000, "operatingExpenses": 19700000, "costAndExpenses": 28700000, "interestIncome": 0, "interestExpense": 0, "depreciationAndAmortization": 1300000, "ebitda": 14700000, "ebitdaratio": 0.3387096774, "operatingIncome": 14700000, "operatingIncomeRatio": 0.3387096774, "totalOtherIncomeExpensesNet": 1300000, "incomeBeforeTax": 16000000, "incomeBeforeTaxRatio": 0.3686635945, "incomeTaxExpense": 4900000, "netIncome": 11100000, "netIncomeRatio": 0.2557603687, "eps": 0.0825, "epsdiluted": 0.0775, "weightedAverageShsOut": 134545455, "weightedAverageShsOutDil": 143225806, "link": "", "finalLink": "", "calculatedOtherExpenses": 1300000, "calculatedOperatingExpenses": 19700000, "calculatedNetInterest": 0, "calculatedOtherIncome": 1300000, "calculatedIncomeNonControlling": 0, "calculatedEbitda": 16000000}, {"date": "1992-12-31", "symbol": "CGNX", "reportedCurrency": "USD", "cik": "0000851205", "fillingDate": "1992-12-31", "acceptedDate": "1992-12-30 19:00:00", "calendarYear": "1992", "period": "FY", "revenue": 28600000, "costOfRevenue": 5600000, "grossProfit": 23000000, "grossProfitRatio": 0.8041958042, "researchAndDevelopmentExpenses": 0, "generalAndAdministrativeExpenses": 0, "sellingAndMarketingExpenses": 0, "sellingGeneralAndAdministrativeExpenses": 15200000, "otherExpenses": 900000, "operatingExpenses": 16100000, "costAndExpenses": 21700000, "interestIncome": 0, "interestExpense": 0, "depreciationAndAmortization": 900000, "ebitda": 6400000, "ebitdaratio": 0.2237762238, "operatingIncome": 6900000, "operatingIncomeRatio": 0.2412587413, "totalOtherIncomeExpensesNet": 1400000, "incomeBeforeTax": 8400000, "incomeBeforeTaxRatio": 0.2937062937, "incomeTaxExpense": 2300000, "netIncome": 6100000, "netIncomeRatio": 0.2132867133, "eps": 0.045, "epsdiluted": 0.045, "weightedAverageShsOut": 135555556, "weightedAverageShsOutDil": 135555556, "link": "", "finalLink": "", "calculatedOtherExpenses": 900000, "calculatedOperatingExpenses": 16100000, "calculatedNetInterest": 0, "calculatedOtherIncome": 1500000, "calculatedIncomeNonControlling": 0, "calculatedEbitda": 7800000}, {"date": "1991-12-31", "symbol": "CGNX", "reportedCurrency": "USD", "cik": "0000851205", "fillingDate": "1991-12-31", "acceptedDate": "1991-12-30 19:00:00", "calendarYear": "1991", "period": "FY", "revenue": 31500000, "costOfRevenue": 5200000, "grossProfit": 26300000, "grossProfitRatio": 0.8349206349, "researchAndDevelopmentExpenses": 0, "generalAndAdministrativeExpenses": 0, "sellingAndMarketingExpenses": 0, "sellingGeneralAndAdministrativeExpenses": 13100000, "otherExpenses": 700000, "operatingExpenses": 13800000, "costAndExpenses": 19000000, "interestIncome": 0, "interestExpense": 0, "depreciationAndAmortization": 700000, "ebitda": 11800000, "ebitdaratio": 0.3746031746, "operatingIncome": 12500000, "operatingIncomeRatio": 0.3968253968, "totalOtherIncomeExpensesNet": 1400000, "incomeBeforeTax": 14000000, "incomeBeforeTaxRatio": 0.4444444444, "incomeTaxExpense": 4500000, "netIncome": 9500000, "netIncomeRatio": 0.3015873016, "eps": 0.0675, "epsdiluted": 0.0675, "weightedAverageShsOut": 140740741, "weightedAverageShsOutDil": 140740741, "link": "", "finalLink": "", "calculatedOtherExpenses": 700000, "calculatedOperatingExpenses": 13800000, "calculatedNetInterest": 0, "calculatedOtherIncome": 1500000, "calculatedIncomeNonControlling": 0, "calculatedEbitda": 13200000}, {"date": "1990-12-31", "symbol": "CGNX", "reportedCurrency": "USD", "cik": "0000851205", "fillingDate": "1990-12-31", "acceptedDate": "1990-12-30 19:00:00", "calendarYear": "1990", "period": "FY", "revenue": 23600000, "costOfRevenue": 3800000, "grossProfit": 19800000, "grossProfitRatio": 0.8389830508, "researchAndDevelopmentExpenses": 0, "generalAndAdministrativeExpenses": 0, "sellingAndMarketingExpenses": 0, "sellingGeneralAndAdministrativeExpenses": 10500000, "otherExpenses": 500000, "operatingExpenses": 11000000, "costAndExpenses": 14800000, "interestIncome": 0, "interestExpense": 0, "depreciationAndAmortization": 500000, "ebitda": 8000000, "ebitdaratio": 0.3389830508, "operatingIncome": 8800000, "operatingIncomeRatio": 0.3728813559, "totalOtherIncomeExpensesNet": 1300000, "incomeBeforeTax": 10000000, "incomeBeforeTaxRatio": 0.4237288136, "incomeTaxExpense": 3500000, "netIncome": 6500000, "netIncomeRatio": 0.2754237288, "eps": 0.0475, "epsdiluted": 0.0475, "weightedAverageShsOut": 136842105, "weightedAverageShsOutDil": 136842105, "link": "", "finalLink": "", "calculatedOtherExpenses": 500000, "calculatedOperatingExpenses": 11000000, "calculatedNetInterest": 0, "calculatedOtherIncome": 1200000, "calculatedIncomeNonControlling": 0, "calculatedEbitda": 9300000}, {"date": "1989-12-31", "symbol": "CGNX", "reportedCurrency": "USD", "cik": "0000851205", "fillingDate": "1989-12-31", "acceptedDate": "1989-12-30 19:00:00", "calendarYear": "1989", "period": "FY", "revenue": 15900000, "costOfRevenue": 3600000, "grossProfit": 12300000, "grossProfitRatio": 0.7735849057, "researchAndDevelopmentExpenses": 0, "generalAndAdministrativeExpenses": 0, "sellingAndMarketingExpenses": 0, "sellingGeneralAndAdministrativeExpenses": 7400000, "otherExpenses": 400000, "operatingExpenses": 7800000, "costAndExpenses": 11400000, "interestIncome": 0, "interestExpense": 0, "depreciationAndAmortization": 400000, "ebitda": 4200000, "ebitdaratio": 0.2641509434, "operatingIncome": 4500000, "operatingIncomeRatio": 0.2830188679, "totalOtherIncomeExpensesNet": 700000, "incomeBeforeTax": 5200000, "incomeBeforeTaxRatio": 0.3270440252, "incomeTaxExpense": 1500000, "netIncome": 3700000, "netIncomeRatio": 0.2327044025, "eps": 0.0325, "epsdiluted": 0.03, "weightedAverageShsOut": 113846154, "weightedAverageShsOutDil": 123333333, "link": "", "finalLink": "", "calculatedOtherExpenses": 400000, "calculatedOperatingExpenses": 7800000, "calculatedNetInterest": 0, "calculatedOtherIncome": 700000, "calculatedIncomeNonControlling": 0, "calculatedEbitda": 4900000}]}