{"originalCurrency": "USD", "convertedCurrency": "USD", "report": [{"date": "2023-12-31", "symbol": "CHDN", "reportedCurrency": "USD", "cik": "0000020212", "fillingDate": "2024-02-21", "acceptedDate": "2024-02-21 16:46:59", "calendarYear": "2023", "period": "FY", "revenue": 2461700000, "costOfRevenue": 1666000000, "grossProfit": 795700000, "grossProfitRatio": 0.3232319129, "researchAndDevelopmentExpenses": 11200000, "generalAndAdministrativeExpenses": 0, "sellingAndMarketingExpenses": 0, "sellingGeneralAndAdministrativeExpenses": 202300000, "otherExpenses": 5900000, "operatingExpenses": 202300000, "costAndExpenses": 1868300000, "interestIncome": 0, "interestExpense": 268400000, "depreciationAndAmortization": 175200000, "ebitda": 920800000, "ebitdaratio": 0.3740504529, "operatingIncome": 564000000, "operatingIncomeRatio": 0.2291099647, "totalOtherIncomeExpensesNet": 236800000, "incomeBeforeTax": 561800000, "incomeBeforeTaxRatio": 0.2282162733, "incomeTaxExpense": 144500000, "netIncome": 417300000, "netIncomeRatio": 0.1695170004, "eps": 5.55, "epsdiluted": 5.48, "weightedAverageShsOut": 75200000, "weightedAverageShsOutDil": 76100000, "link": "https://www.sec.gov/Archives/edgar/data/20212/000002021224000055/0000020212-24-000055-index.htm", "finalLink": "https://www.sec.gov/Archives/edgar/data/20212/000002021224000055/chdn-20231231.htm", "calculatedOtherExpenses": 18200000, "calculatedOperatingExpenses": 231700000, "calculatedNetInterest": -268400000, "calculatedOtherIncome": 266200000, "calculatedIncomeNonControlling": 0, "calculatedEbitda": 739200000}, {"date": "2022-12-31", "symbol": "CHDN", "reportedCurrency": "USD", "cik": "0000020212", "fillingDate": "2023-02-22", "acceptedDate": "2023-02-22 17:12:22", "calendarYear": "2022", "period": "FY", "revenue": 1809800000, "costOfRevenue": 1243400000, "grossProfit": 566400000, "grossProfitRatio": 0.3129627583, "researchAndDevelopmentExpenses": 10700000, "generalAndAdministrativeExpenses": 0, "sellingAndMarketingExpenses": 0, "sellingGeneralAndAdministrativeExpenses": 164200000, "otherExpenses": 7000000, "operatingExpenses": 164200000, "costAndExpenses": 1407600000, "interestIncome": 147300000, "interestExpense": 147300000, "depreciationAndAmortization": 119000000, "ebitda": 680900000, "ebitdaratio": 0.3762294176, "operatingIncome": 561900000, "operatingIncomeRatio": 0.3104762957, "totalOtherIncomeExpensesNet": 46900000, "incomeBeforeTax": 608800000, "incomeBeforeTaxRatio": 0.3363907614, "incomeTaxExpense": 169400000, "netIncome": 439400000, "netIncomeRatio": 0.2427892585, "eps": 5.8, "epsdiluted": 5.71, "weightedAverageShsOut": 75800000, "weightedAverageShsOutDil": 77000000, "link": "https://www.sec.gov/Archives/edgar/data/20212/000002021223000059/0000020212-23-000059-index.htm", "finalLink": "https://www.sec.gov/Archives/edgar/data/20212/000002021223000059/chdn-20221231.htm", "calculatedOtherExpenses": -170400000, "calculatedOperatingExpenses": 4500000, "calculatedNetInterest": 0, "calculatedOtherIncome": 46900000, "calculatedIncomeNonControlling": 0, "calculatedEbitda": 680900000}, {"date": "2021-12-31", "symbol": "CHDN", "reportedCurrency": "USD", "cik": "0000020212", "fillingDate": "2022-02-23", "acceptedDate": "2022-02-23 16:26:15", "calendarYear": "2021", "period": "FY", "revenue": 1597200000, "costOfRevenue": 1151100000, "grossProfit": 446100000, "grossProfitRatio": 0.2793012772, "researchAndDevelopmentExpenses": 10300000, "generalAndAdministrativeExpenses": 0, "sellingAndMarketingExpenses": 0, "sellingGeneralAndAdministrativeExpenses": 138500000, "otherExpenses": 700000, "operatingExpenses": 138500000, "costAndExpenses": 1289600000, "interestIncome": 84700000, "interestExpense": 84700000, "depreciationAndAmortization": 108500000, "ebitda": 560000000, "ebitdaratio": 0.3506135738, "operatingIncome": 451500000, "operatingIncomeRatio": 0.2826821938, "totalOtherIncomeExpensesNet": -107900000, "incomeBeforeTax": 343600000, "incomeBeforeTaxRatio": 0.2151264713, "incomeTaxExpense": 94500000, "netIncome": 249100000, "netIncomeRatio": 0.1559604308, "eps": 3.23, "epsdiluted": 3.18, "weightedAverageShsOut": 77200000, "weightedAverageShsOutDil": 78400000, "link": "https://www.sec.gov/Archives/edgar/data/20212/000002021222000056/0000020212-22-000056-index.htm", "finalLink": "https://www.sec.gov/Archives/edgar/data/20212/000002021222000056/chdn-20211231.htm", "calculatedOtherExpenses": -154200000, "calculatedOperatingExpenses": -5400000, "calculatedNetInterest": 0, "calculatedOtherIncome": -107900000, "calculatedIncomeNonControlling": 0, "calculatedEbitda": 560000000}, {"date": "2020-12-31", "symbol": "CHDN", "reportedCurrency": "USD", "cik": "0000020212", "fillingDate": "2021-02-24", "acceptedDate": "2021-02-24 17:03:56", "calendarYear": "2020", "period": "FY", "revenue": 1054000000, "costOfRevenue": 860500000, "grossProfit": 193500000, "grossProfitRatio": 0.1835863378, "researchAndDevelopmentExpenses": 9400000, "generalAndAdministrativeExpenses": 0, "sellingAndMarketingExpenses": 0, "sellingGeneralAndAdministrativeExpenses": 114800000, "otherExpenses": 100000, "operatingExpenses": 114800000, "costAndExpenses": 975300000, "interestIncome": 80000000, "interestExpense": 80000000, "depreciationAndAmortization": 97900000, "ebitda": 204400000, "ebitdaratio": 0.1939278937, "operatingIncome": 106500000, "operatingIncomeRatio": 0.1010436433, "totalOtherIncomeExpensesNet": -98500000, "incomeBeforeTax": 8000000, "incomeBeforeTaxRatio": 0.0075901328, "incomeTaxExpense": -5300000, "netIncome": 13300000, "netIncomeRatio": 0.0126185958, "eps": 0.17, "epsdiluted": 0.17, "weightedAverageShsOut": 79200000, "weightedAverageShsOutDil": 79200000, "link": "https://www.sec.gov/Archives/edgar/data/20212/000002021221000019/0000020212-21-000019-index.htm", "finalLink": "https://www.sec.gov/Archives/edgar/data/20212/000002021221000019/chdn-20201231.htm", "calculatedOtherExpenses": -37200000, "calculatedOperatingExpenses": 87000000, "calculatedNetInterest": 0, "calculatedOtherIncome": -98500000, "calculatedIncomeNonControlling": 0, "calculatedEbitda": 204400000}, {"date": "2019-12-31", "symbol": "CHDN", "reportedCurrency": "USD", "cik": "0000020212", "fillingDate": "2020-02-26", "acceptedDate": "2020-02-26 17:04:32", "calendarYear": "2019", "period": "FY", "revenue": 1329700000, "costOfRevenue": 986700000, "grossProfit": 343000000, "grossProfitRatio": 0.2579529217, "researchAndDevelopmentExpenses": 8800000, "generalAndAdministrativeExpenses": 0, "sellingAndMarketingExpenses": 0, "sellingGeneralAndAdministrativeExpenses": 122000000, "otherExpenses": 1000000, "operatingExpenses": 122000000, "costAndExpenses": 1108700000, "interestIncome": 70900000, "interestExpense": 70900000, "depreciationAndAmortization": 157900000, "ebitda": 373600000, "ebitdaratio": 0.2809656313, "operatingIncome": 215700000, "operatingIncomeRatio": 0.1622170414, "totalOtherIncomeExpensesNet": -19300000, "incomeBeforeTax": 196400000, "incomeBeforeTaxRatio": 0.1477024893, "incomeTaxExpense": 56800000, "netIncome": 137500000, "netIncomeRatio": 0.1034067835, "eps": 1.71, "epsdiluted": 1.69, "weightedAverageShsOut": 80200000, "weightedAverageShsOutDil": 81200000, "link": "https://www.sec.gov/Archives/edgar/data/20212/000002021220000019/0000020212-20-000019-index.htm", "finalLink": "https://www.sec.gov/Archives/edgar/data/20212/000002021220000019/chdn-20191231.htm", "calculatedOtherExpenses": -3500000, "calculatedOperatingExpenses": 127300000, "calculatedNetInterest": 0, "calculatedOtherIncome": -19300000, "calculatedIncomeNonControlling": 2100000, "calculatedEbitda": 373600000}, {"date": "2018-12-31", "symbol": "CHDN", "reportedCurrency": "USD", "cik": "0000020212", "fillingDate": "2019-02-27", "acceptedDate": "2019-02-27 16:45:00", "calendarYear": "2018", "period": "FY", "revenue": 1009000000, "costOfRevenue": 719400000, "grossProfit": 289600000, "grossProfitRatio": 0.2870168484, "researchAndDevelopmentExpenses": 0, "generalAndAdministrativeExpenses": 0, "sellingAndMarketingExpenses": 0, "sellingGeneralAndAdministrativeExpenses": 90500000, "otherExpenses": 700000, "operatingExpenses": 90500000, "costAndExpenses": 809900000, "interestIncome": 0, "interestExpense": 40100000, "depreciationAndAmortization": 64000000, "ebitda": 293400000, "ebitdaratio": 0.2907829534, "operatingIncome": 188800000, "operatingIncomeRatio": 0.1871159564, "totalOtherIncomeExpensesNet": 74900000, "incomeBeforeTax": 233900000, "incomeBeforeTaxRatio": 0.2318136769, "incomeTaxExpense": 51300000, "netIncome": 352800000, "netIncomeRatio": 0.3496531219, "eps": 4.27, "epsdiluted": 4.24, "weightedAverageShsOut": 82600000, "weightedAverageShsOutDil": 83200000, "link": "https://www.sec.gov/Archives/edgar/data/20212/000002021219000012/0000020212-19-000012-index.htm", "finalLink": "https://www.sec.gov/Archives/edgar/data/20212/000002021219000012/chdn2018123110k.htm", "calculatedOtherExpenses": 10300000, "calculatedOperatingExpenses": 100800000, "calculatedNetInterest": -40100000, "calculatedOtherIncome": 85200000, "calculatedIncomeNonControlling": -170200000, "calculatedEbitda": 252800000}, {"date": "2017-12-31", "symbol": "CHDN", "reportedCurrency": "USD", "cik": "0000020212", "fillingDate": "2018-02-28", "acceptedDate": "2018-02-28 17:11:44", "calendarYear": "2017", "period": "FY", "revenue": 882600000, "costOfRevenue": 629800000, "grossProfit": 252800000, "grossProfitRatio": 0.2864264673, "researchAndDevelopmentExpenses": 0, "generalAndAdministrativeExpenses": 0, "sellingAndMarketingExpenses": 0, "sellingGeneralAndAdministrativeExpenses": 83100000, "otherExpenses": -200000, "operatingExpenses": 83900000, "costAndExpenses": 713700000, "interestIncome": 0, "interestExpense": 49300000, "depreciationAndAmortization": 114600000, "ebitda": 308800000, "ebitdaratio": 0.3498753682, "operatingIncome": 145700000, "operatingIncomeRatio": 0.1650804441, "totalOtherIncomeExpensesNet": -17100000, "incomeBeforeTax": 102500000, "incomeBeforeTaxRatio": 0.1161341491, "incomeTaxExpense": -19900000, "netIncome": 140500000, "netIncomeRatio": 0.1591887605, "eps": 1.49, "epsdiluted": 1.46, "weightedAverageShsOut": 94200000, "weightedAverageShsOutDil": 96000000, "link": "https://www.sec.gov/Archives/edgar/data/20212/000002021218000010/0000020212-18-000010-index.htm", "finalLink": "https://www.sec.gov/Archives/edgar/data/20212/000002021218000010/chdn2017123110k.htm", "calculatedOtherExpenses": 24000000, "calculatedOperatingExpenses": 107100000, "calculatedNetInterest": -49300000, "calculatedOtherIncome": 6100000, "calculatedIncomeNonControlling": -18100000, "calculatedEbitda": 260300000}, {"date": "2016-12-31", "symbol": "CHDN", "reportedCurrency": "USD", "cik": "0000020212", "fillingDate": "2017-02-28", "acceptedDate": "2017-02-28 16:48:37", "calendarYear": "2016", "period": "FY", "revenue": 1308600000, "costOfRevenue": 993000000, "grossProfit": 315600000, "grossProfitRatio": 0.2411737735, "researchAndDevelopmentExpenses": 39000000, "generalAndAdministrativeExpenses": 0, "sellingAndMarketingExpenses": 0, "sellingGeneralAndAdministrativeExpenses": 100200000, "otherExpenses": 200000, "operatingExpenses": 141700000, "costAndExpenses": 1134700000, "interestIncome": 0, "interestExpense": 43700000, "depreciationAndAmortization": 125800000, "ebitda": 317300000, "ebitdaratio": 0.2424728718, "operatingIncome": 194200000, "operatingIncomeRatio": 0.1484028733, "totalOtherIncomeExpensesNet": 37900000, "incomeBeforeTax": 168100000, "incomeBeforeTaxRatio": 0.1284578939, "incomeTaxExpense": 60000000, "netIncome": 108100000, "netIncomeRatio": 0.0826073667, "eps": 1.09, "epsdiluted": 1.07, "weightedAverageShsOut": 98400000, "weightedAverageShsOutDil": 100800000, "link": "https://www.sec.gov/Archives/edgar/data/20212/000002021217000008/0000020212-17-000008-index.htm", "finalLink": "https://www.sec.gov/Archives/edgar/data/20212/000002021217000008/chdn2016123110k.htm", "calculatedOtherExpenses": -17800000, "calculatedOperatingExpenses": 121400000, "calculatedNetInterest": -43700000, "calculatedOtherIncome": 17600000, "calculatedIncomeNonControlling": 0, "calculatedEbitda": 320000000}, {"date": "2015-12-31", "symbol": "CHDN", "reportedCurrency": "USD", "cik": "0000020212", "fillingDate": "2016-02-24", "acceptedDate": "2016-02-24 17:05:00", "calendarYear": "2015", "period": "FY", "revenue": 1212301000, "costOfRevenue": 922901000, "grossProfit": 289400000, "grossProfitRatio": 0.2387195919, "researchAndDevelopmentExpenses": 39399000, "generalAndAdministrativeExpenses": 0, "sellingAndMarketingExpenses": 0, "sellingGeneralAndAdministrativeExpenses": 90787000, "otherExpenses": 5850000, "operatingExpenses": 144040000, "costAndExpenses": 1066941000, "interestIncome": 42000, "interestExpense": 28595000, "depreciationAndAmortization": 119384000, "ebitda": 281816000, "ebitdaratio": 0.2324637198, "operatingIncome": 123612000, "operatingIncomeRatio": 0.1019647761, "totalOtherIncomeExpensesNet": -4718000, "incomeBeforeTax": 112089000, "incomeBeforeTaxRatio": 0.0924597109, "incomeTaxExpense": 46892000, "netIncome": 65197000, "netIncomeRatio": 0.0537795481, "eps": 0.63, "epsdiluted": 0.62, "weightedAverageShsOut": 103350000, "weightedAverageShsOutDil": 105456000, "link": "https://www.sec.gov/Archives/edgar/data/20212/000002021216000065/0000020212-16-000065-index.htm", "finalLink": "https://www.sec.gov/Archives/edgar/data/20212/000002021216000065/chdn2015123110k.htm", "calculatedOtherExpenses": 35602000, "calculatedOperatingExpenses": 165788000, "calculatedNetInterest": -28553000, "calculatedOtherIncome": 17030000, "calculatedIncomeNonControlling": 0, "calculatedEbitda": 242996000}, {"date": "2014-12-31", "symbol": "CHDN", "reportedCurrency": "USD", "cik": "0000020212", "fillingDate": "2015-02-25", "acceptedDate": "2015-02-25 16:45:17", "calendarYear": "2014", "period": "FY", "revenue": 812934000, "costOfRevenue": 634032000, "grossProfit": 178902000, "grossProfitRatio": 0.2200695259, "researchAndDevelopmentExpenses": 0, "generalAndAdministrativeExpenses": 85114000, "sellingAndMarketingExpenses": 0, "sellingGeneralAndAdministrativeExpenses": 85114000, "otherExpenses": 619000, "operatingExpenses": 85114000, "costAndExpenses": 719146000, "interestIncome": 20000, "interestExpense": 20842000, "depreciationAndAmortization": 68257000, "ebitda": 169012000, "ebitdaratio": 0.2079037167, "operatingIncome": 90393000, "operatingIncomeRatio": 0.1111935286, "totalOtherIncomeExpensesNet": 3552000, "incomeBeforeTax": 76518000, "incomeBeforeTaxRatio": 0.0941257224, "incomeTaxExpense": 30161000, "netIncome": 46357000, "netIncomeRatio": 0.0570243095, "eps": 0.45, "epsdiluted": 0.44, "weightedAverageShsOut": 103626000, "weightedAverageShsOutDil": 105534000, "link": "https://www.sec.gov/Archives/edgar/data/20212/000002021215000011/0000020212-15-000011-index.htm", "finalLink": "https://www.sec.gov/Archives/edgar/data/20212/000002021215000011/chdn2014123110k.htm", "calculatedOtherExpenses": 3395000, "calculatedOperatingExpenses": 88509000, "calculatedNetInterest": -20822000, "calculatedOtherIncome": 6947000, "calculatedIncomeNonControlling": 0, "calculatedEbitda": 158650000}, {"date": "2013-12-31", "symbol": "CHDN", "reportedCurrency": "USD", "cik": "0000020212", "fillingDate": "2014-02-26", "acceptedDate": "2014-02-26 16:43:02", "calendarYear": "2013", "period": "FY", "revenue": 779325000, "costOfRevenue": 606154000, "grossProfit": 173171000, "grossProfitRatio": 0.2222063966, "researchAndDevelopmentExpenses": 0, "generalAndAdministrativeExpenses": 83446000, "sellingAndMarketingExpenses": 0, "sellingGeneralAndAdministrativeExpenses": 83446000, "otherExpenses": 5667000, "operatingExpenses": 83446000, "costAndExpenses": 689600000, "interestIncome": 112000, "interestExpense": 6231000, "depreciationAndAmortization": 61750000, "ebitda": 153112000, "ebitdaratio": 0.1964674558, "operatingIncome": 90100000, "operatingIncomeRatio": 0.1156128701, "totalOtherIncomeExpensesNet": 1900000, "incomeBeforeTax": 85506000, "incomeBeforeTaxRatio": 0.1097180252, "incomeTaxExpense": 30473000, "netIncome": 54900000, "netIncomeRatio": 0.0704455779, "eps": 0.52, "epsdiluted": 0.51, "weightedAverageShsOut": 103764000, "weightedAverageShsOutDil": 107628000, "link": "https://www.sec.gov/Archives/edgar/data/20212/000002021214000007/0000020212-14-000007-index.htm", "finalLink": "https://www.sec.gov/Archives/edgar/data/20212/000002021214000007/chdn2013123110k.htm", "calculatedOtherExpenses": -375000, "calculatedOperatingExpenses": 83071000, "calculatedNetInterest": -6119000, "calculatedOtherIncome": 1525000, "calculatedIncomeNonControlling": 133000, "calculatedEbitda": 151850000}, {"date": "2012-12-31", "symbol": "CHDN", "reportedCurrency": "USD", "cik": "0000020212", "fillingDate": "2013-02-27", "acceptedDate": "2013-02-27 16:50:31", "calendarYear": "2012", "period": "FY", "revenue": 732383000, "costOfRevenue": 568808000, "grossProfit": 163575000, "grossProfitRatio": 0.2233462546, "researchAndDevelopmentExpenses": 0, "generalAndAdministrativeExpenses": 73829000, "sellingAndMarketingExpenses": 0, "sellingGeneralAndAdministrativeExpenses": 73829000, "otherExpenses": 819000, "operatingExpenses": 73829000, "costAndExpenses": 642637000, "interestIncome": 90000, "interestExpense": 4531000, "depreciationAndAmortization": 55600000, "ebitda": 144554000, "ebitdaratio": 0.1973748708, "operatingIncome": 96752000, "operatingIncomeRatio": 0.1321057425, "totalOtherIncomeExpensesNet": 6124000, "incomeBeforeTax": 91429000, "incomeBeforeTaxRatio": 0.1248376874, "incomeTaxExpense": 33152000, "netIncome": 58276000, "netIncomeRatio": 0.0795703887, "eps": 0.56, "epsdiluted": 0.56, "weightedAverageShsOut": 102282000, "weightedAverageShsOutDil": 104850000, "link": "https://www.sec.gov/Archives/edgar/data/20212/000002021213000007/0000020212-13-000007-index.htm", "finalLink": "https://www.sec.gov/Archives/edgar/data/20212/000002021213000007/chdn2012123110k.htm", "calculatedOtherExpenses": -7006000, "calculatedOperatingExpenses": 66823000, "calculatedNetInterest": -4441000, "calculatedOtherIncome": -882000, "calculatedIncomeNonControlling": 1000, "calculatedEbitda": 152352000}, {"date": "2011-12-31", "symbol": "CHDN", "reportedCurrency": "USD", "cik": "0000020212", "fillingDate": "2012-03-12", "acceptedDate": "2012-03-12 17:01:00", "calendarYear": "2011", "period": "FY", "revenue": 696854000, "costOfRevenue": 551315000, "grossProfit": 145539000, "grossProfitRatio": 0.2088514954, "researchAndDevelopmentExpenses": 0, "generalAndAdministrativeExpenses": 0, "sellingAndMarketingExpenses": 0, "sellingGeneralAndAdministrativeExpenses": 64529000, "otherExpenses": 0, "operatingExpenses": 64529000, "costAndExpenses": 615844000, "interestIncome": 468000, "interestExpense": 8924000, "depreciationAndAmortization": 55170000, "ebitda": 135535000, "ebitdaratio": 0.1944955471, "operatingIncome": 81010000, "operatingIncomeRatio": 0.1162510368, "totalOtherIncomeExpensesNet": 22530000, "incomeBeforeTax": 95084000, "incomeBeforeTaxRatio": 0.1364475199, "incomeTaxExpense": 34289000, "netIncome": 64355000, "netIncomeRatio": 0.092350765, "eps": 0.63, "epsdiluted": 0.63, "weightedAverageShsOut": 99828000, "weightedAverageShsOutDil": 102750000, "link": "https://www.sec.gov/Archives/edgar/data/20212/000119312512109920/0001193125-12-109920-index.htm", "finalLink": "https://www.sec.gov/Archives/edgar/data/20212/000119312512109920/d261859d10k.htm", "calculatedOtherExpenses": 0, "calculatedOperatingExpenses": 64529000, "calculatedNetInterest": -8456000, "calculatedOtherIncome": 22530000, "calculatedIncomeNonControlling": -3560000, "calculatedEbitda": 136180000}, {"date": "2010-12-31", "symbol": "CHDN", "reportedCurrency": "USD", "cik": "0000020212", "fillingDate": "2011-03-14", "acceptedDate": "2011-03-14 17:24:37", "calendarYear": "2010", "period": "FY", "revenue": 585345000, "costOfRevenue": 491345000, "grossProfit": 94000000, "grossProfitRatio": 0.1605890543, "researchAndDevelopmentExpenses": 0, "generalAndAdministrativeExpenses": 0, "sellingAndMarketingExpenses": 0, "sellingGeneralAndAdministrativeExpenses": 62434000, "otherExpenses": 0, "operatingExpenses": 62434000, "costAndExpenses": 553779000, "interestIncome": 185000, "interestExpense": 6179000, "depreciationAndAmortization": 46524000, "ebitda": 77704000, "ebitdaratio": 0.1327490625, "operatingIncome": 31566000, "operatingIncomeRatio": 0.0539271712, "totalOtherIncomeExpensesNet": 2326000, "incomeBeforeTax": 27898000, "incomeBeforeTaxRatio": 0.0476607812, "incomeTaxExpense": 8341000, "netIncome": 16353000, "netIncomeRatio": 0.0279373703, "eps": 0.18, "epsdiluted": 0.18, "weightedAverageShsOut": 91116000, "weightedAverageShsOutDil": 93996000, "link": "https://www.sec.gov/Archives/edgar/data/20212/000119312511066008/0001193125-11-066008-index.htm", "finalLink": "https://www.sec.gov/Archives/edgar/data/20212/000119312511066008/d10k.htm", "calculatedOtherExpenses": 0, "calculatedOperatingExpenses": 62434000, "calculatedNetInterest": -5994000, "calculatedOtherIncome": 2326000, "calculatedIncomeNonControlling": 3204000, "calculatedEbitda": 78090000}, {"date": "2009-12-31", "symbol": "CHDN", "reportedCurrency": "USD", "cik": "0000020212", "fillingDate": "2010-03-02", "acceptedDate": "2010-03-02 17:25:30", "calendarYear": "2009", "period": "FY", "revenue": 439701000, "costOfRevenue": 354014000, "grossProfit": 85687000, "grossProfitRatio": 0.1948756087, "researchAndDevelopmentExpenses": 0, "generalAndAdministrativeExpenses": 0, "sellingAndMarketingExpenses": 0, "sellingGeneralAndAdministrativeExpenses": 50954000, "otherExpenses": 0, "operatingExpenses": 50954000, "costAndExpenses": 404968000, "interestIncome": 896000, "interestExpense": 1657000, "depreciationAndAmortization": 30256000, "ebitda": 34669000, "ebitdaratio": 0.0788467618, "operatingIncome": 34733000, "operatingIncomeRatio": 0.0789923152, "totalOtherIncomeExpensesNet": 544000, "incomeBeforeTax": 34516000, "incomeBeforeTaxRatio": 0.078498798, "incomeTaxExpense": 16835000, "netIncome": 16828000, "netIncomeRatio": 0.0382714617, "eps": 0.2, "epsdiluted": 0.2, "weightedAverageShsOut": 81492000, "weightedAverageShsOutDil": 84240000, "link": "https://www.sec.gov/Archives/edgar/data/20212/000119312510046063/0001193125-10-046063-index.htm", "finalLink": "https://www.sec.gov/Archives/edgar/data/20212/000119312510046063/d10k.htm", "calculatedOtherExpenses": 0, "calculatedOperatingExpenses": 50954000, "calculatedNetInterest": -761000, "calculatedOtherIncome": 544000, "calculatedIncomeNonControlling": 853000, "calculatedEbitda": 64989000}, {"date": "2008-12-31", "symbol": "CHDN", "reportedCurrency": "USD", "cik": "0000020212", "fillingDate": "2009-03-04", "acceptedDate": "2009-03-04 16:46:57", "calendarYear": "2008", "period": "FY", "revenue": 430566000, "costOfRevenue": 344278000, "grossProfit": 86288000, "grossProfitRatio": 0.2004059772, "researchAndDevelopmentExpenses": 0, "generalAndAdministrativeExpenses": 0, "sellingAndMarketingExpenses": 0, "sellingGeneralAndAdministrativeExpenses": 50709000, "otherExpenses": 6248000, "operatingExpenses": 33509000, "costAndExpenses": 377787000, "interestIncome": 62000, "interestExpense": -157000, "depreciationAndAmortization": 28847000, "ebitda": 62772000, "ebitdaratio": 0.1457894957, "operatingIncome": 52779000, "operatingIncomeRatio": 0.1225805103, "totalOtherIncomeExpensesNet": 15807000, "incomeBeforeTax": 49800000, "incomeBeforeTaxRatio": 0.1156617104, "incomeTaxExpense": 20652000, "netIncome": 28549000, "netIncomeRatio": 0.0663057464, "eps": 0.34, "epsdiluted": 0.34, "weightedAverageShsOut": 81246000, "weightedAverageShsOutDil": 84102000, "link": "https://www.sec.gov/Archives/edgar/data/20212/000119312509044931/0001193125-09-044931-index.htm", "finalLink": "https://www.sec.gov/Archives/edgar/data/20212/000119312509044931/d10k.htm", "calculatedOtherExpenses": -17200000, "calculatedOperatingExpenses": 33509000, "calculatedNetInterest": 219000, "calculatedOtherIncome": -3198000, "calculatedIncomeNonControlling": 599000, "calculatedEbitda": 81626000}, {"date": "2007-12-31", "symbol": "CHDN", "reportedCurrency": "USD", "cik": "0000020212", "fillingDate": "2008-03-13", "acceptedDate": "2008-03-13 16:45:09", "calendarYear": "2007", "period": "FY", "revenue": 410735000, "costOfRevenue": 326404000, "grossProfit": 84331000, "grossProfitRatio": 0.205317297, "researchAndDevelopmentExpenses": 0, "generalAndAdministrativeExpenses": 0, "sellingAndMarketingExpenses": 0, "sellingGeneralAndAdministrativeExpenses": 51479000, "otherExpenses": 42286000, "operatingExpenses": 50695000, "costAndExpenses": 377099000, "interestIncome": 143000, "interestExpense": -584000, "depreciationAndAmortization": 23284000, "ebitda": 54477000, "ebitdaratio": 0.1326329629, "operatingIncome": 33636000, "operatingIncomeRatio": 0.0818922176, "totalOtherIncomeExpensesNet": -929000, "incomeBeforeTax": 29344000, "incomeBeforeTaxRatio": 0.0714426577, "incomeTaxExpense": 12306000, "netIncome": 15731000, "netIncomeRatio": 0.0382996336, "eps": 0.19, "epsdiluted": 0.19, "weightedAverageShsOut": 80748000, "weightedAverageShsOutDil": 83832000, "link": "https://www.sec.gov/Archives/edgar/data/20212/000119312508055581/0001193125-08-055581-index.htm", "finalLink": "https://www.sec.gov/Archives/edgar/data/20212/000119312508055581/d10k.htm", "calculatedOtherExpenses": -784000, "calculatedOperatingExpenses": 50695000, "calculatedNetInterest": 727000, "calculatedOtherIncome": -5019000, "calculatedIncomeNonControlling": 1307000, "calculatedEbitda": 56920000}, {"date": "2006-12-31", "symbol": "CHDN", "reportedCurrency": "USD", "cik": "0000020212", "fillingDate": "2007-03-12", "acceptedDate": "2007-03-12 17:21:36", "calendarYear": "2006", "period": "FY", "revenue": 376671000, "costOfRevenue": 301607000, "grossProfit": 75064000, "grossProfitRatio": 0.1992826631, "researchAndDevelopmentExpenses": 0, "generalAndAdministrativeExpenses": 0, "sellingAndMarketingExpenses": 0, "sellingGeneralAndAdministrativeExpenses": 44713000, "otherExpenses": 0, "operatingExpenses": 25482000, "costAndExpenses": 327089000, "interestIncome": 866000, "interestExpense": 1869000, "depreciationAndAmortization": 20919000, "ebitda": 50240000, "ebitdaratio": 0.1333789965, "operatingIncome": 49582000, "operatingIncomeRatio": 0.131632114, "totalOtherIncomeExpensesNet": 20261000, "incomeBeforeTax": 49609000, "incomeBeforeTaxRatio": 0.1317037946, "incomeTaxExpense": 19392000, "netIncome": 29811000, "netIncomeRatio": 0.0791433373, "eps": 0.37, "epsdiluted": 0.37, "weightedAverageShsOut": 78954000, "weightedAverageShsOutDil": 82002000, "link": "https://www.sec.gov/Archives/edgar/data/20212/000110465907018271/0001104659-07-018271-index.htm", "finalLink": "https://www.sec.gov/Archives/edgar/data/20212/000110465907018271/a07-7527_110k.htm", "calculatedOtherExpenses": -19231000, "calculatedOperatingExpenses": 25482000, "calculatedNetInterest": -1003000, "calculatedOtherIncome": 1030000, "calculatedIncomeNonControlling": 406000, "calculatedEbitda": 70501000}, {"date": "2005-12-31", "symbol": "CHDN", "reportedCurrency": "USD", "cik": "0000020212", "fillingDate": "2006-03-15", "acceptedDate": "2006-03-14 17:46:34", "calendarYear": "2005", "period": "FY", "revenue": 408801000, "costOfRevenue": 342229000, "grossProfit": 66572000, "grossProfitRatio": 0.1628469598, "researchAndDevelopmentExpenses": 0, "generalAndAdministrativeExpenses": 0, "sellingAndMarketingExpenses": 0, "sellingGeneralAndAdministrativeExpenses": 45685000, "otherExpenses": 59630000, "operatingExpenses": 45685000, "costAndExpenses": 387914000, "interestIncome": 622000, "interestExpense": 1576000, "depreciationAndAmortization": 24565000, "ebitda": 42724000, "ebitdaratio": 0.1045105076, "operatingIncome": 20887000, "operatingIncomeRatio": 0.0510933192, "totalOtherIncomeExpensesNet": 2728000, "incomeBeforeTax": 22661000, "incomeBeforeTaxRatio": 0.055432839, "incomeTaxExpense": 9851000, "netIncome": 78908000, "netIncomeRatio": 0.1930230112, "eps": 0.99, "epsdiluted": 0.98, "weightedAverageShsOut": 77520000, "weightedAverageShsOutDil": 81000000, "link": "https://www.sec.gov/Archives/edgar/data/20212/000002021206000018/0000020212-06-000018-index.htm", "finalLink": "https://www.sec.gov/Archives/edgar/data/20212/000002021206000018/f10k2005.htm", "calculatedOtherExpenses": 0, "calculatedOperatingExpenses": 45685000, "calculatedNetInterest": -954000, "calculatedOtherIncome": 2728000, "calculatedIncomeNonControlling": -66098000, "calculatedEbitda": 45452000}, {"date": "2004-12-31", "symbol": "CHDN", "reportedCurrency": "USD", "cik": "0000020212", "fillingDate": "2005-03-16", "acceptedDate": "2005-03-16 17:03:53", "calendarYear": "2004", "period": "FY", "revenue": 463113000, "costOfRevenue": 383463000, "grossProfit": 79650000, "grossProfitRatio": 0.171988262, "researchAndDevelopmentExpenses": 0, "generalAndAdministrativeExpenses": 0, "sellingAndMarketingExpenses": 0, "sellingGeneralAndAdministrativeExpenses": 48961000, "otherExpenses": 0, "operatingExpenses": 48961000, "costAndExpenses": 432424000, "interestIncome": 0, "interestExpense": 0, "depreciationAndAmortization": 22049000, "ebitda": 54267000, "ebitdaratio": 0.1171787447, "operatingIncome": 30689000, "operatingIncomeRatio": 0.0662667643, "totalOtherIncomeExpensesNet": -1529000, "incomeBeforeTax": 22905000, "incomeBeforeTaxRatio": 0.0494587714, "incomeTaxExpense": 13990000, "netIncome": 9096000, "netIncomeRatio": 0.0196409947, "eps": 0.11, "epsdiluted": 0.11, "weightedAverageShsOut": 79835821, "weightedAverageShsOutDil": 79835821, "link": "https://www.sec.gov/Archives/edgar/data/20212/000110465905011536/0001104659-05-011536-index.htm", "finalLink": "https://www.sec.gov/Archives/edgar/data/20212/000110465905011536/a05-5100_110k.htm", "calculatedOtherExpenses": 0, "calculatedOperatingExpenses": 48961000, "calculatedNetInterest": 0, "calculatedOtherIncome": -7784000, "calculatedIncomeNonControlling": -181000, "calculatedEbitda": 52738000}, {"date": "2003-12-31", "symbol": "CHDN", "reportedCurrency": "USD", "cik": "0000020212", "fillingDate": "2004-03-15", "acceptedDate": "2004-03-15 11:44:06", "calendarYear": "2003", "period": "FY", "revenue": 424233000, "costOfRevenue": 345933000, "grossProfit": 78300000, "grossProfitRatio": 0.1845683858, "researchAndDevelopmentExpenses": 0, "generalAndAdministrativeExpenses": 0, "sellingAndMarketingExpenses": 0, "sellingGeneralAndAdministrativeExpenses": 34021000, "otherExpenses": 0, "operatingExpenses": 34021000, "costAndExpenses": 379954000, "interestIncome": 1316000, "interestExpense": 6221000, "depreciationAndAmortization": 20483000, "ebitda": 63688000, "ebitdaratio": 0.1501250492, "operatingIncome": 44279000, "operatingIncomeRatio": 0.1043742472, "totalOtherIncomeExpensesNet": 1074000, "incomeBeforeTax": 40448000, "incomeBeforeTaxRatio": 0.0953438323, "incomeTaxExpense": 16310000, "netIncome": 23999000, "netIncomeRatio": 0.0565703281, "eps": 0.3, "epsdiluted": 0.29, "weightedAverageShsOut": 81352542, "weightedAverageShsOutDil": 82282286, "link": "https://www.sec.gov/Archives/edgar/data/20212/000002021204000012/0000020212-04-000012-index.htm", "finalLink": "https://www.sec.gov/Archives/edgar/data/20212/000002021204000012/f10k0403.htm", "calculatedOtherExpenses": 0, "calculatedOperatingExpenses": 34021000, "calculatedNetInterest": -4905000, "calculatedOtherIncome": 1074000, "calculatedIncomeNonControlling": 139000, "calculatedEbitda": 64762000}, {"date": "2002-12-31", "symbol": "CHDN", "reportedCurrency": "USD", "cik": "0000020212", "fillingDate": "2003-03-19", "acceptedDate": "2003-03-19 10:39:40", "calendarYear": "2002", "period": "FY", "revenue": 439191000, "costOfRevenue": 353696000, "grossProfit": 85495000, "grossProfitRatio": 0.1946647358, "researchAndDevelopmentExpenses": 0, "generalAndAdministrativeExpenses": 0, "sellingAndMarketingExpenses": 0, "sellingGeneralAndAdministrativeExpenses": 35473000, "otherExpenses": 4500000, "operatingExpenses": 39973000, "costAndExpenses": 393669000, "interestIncome": 332000, "interestExpense": -8830000, "depreciationAndAmortization": 19627000, "ebitda": 71183000, "ebitdaratio": 0.1620775471, "operatingIncome": 45522000, "operatingIncomeRatio": 0.103649665, "totalOtherIncomeExpensesNet": -6034000, "incomeBeforeTax": 35490000, "incomeBeforeTaxRatio": 0.0808076668, "incomeTaxExpense": 14521000, "netIncome": 20969000, "netIncomeRatio": 0.0477446031, "eps": 0.25, "epsdiluted": 0.25, "weightedAverageShsOut": 92188000, "weightedAverageShsOutDil": 94069388, "link": "https://www.sec.gov/Archives/edgar/data/20212/000002021203000005/0000020212-03-000005-index.htm", "finalLink": "https://www.sec.gov/Archives/edgar/data/20212/000002021203000005/f10k2002.htm", "calculatedOtherExpenses": 4500000, "calculatedOperatingExpenses": 39973000, "calculatedNetInterest": 9162000, "calculatedOtherIncome": -19194000, "calculatedIncomeNonControlling": 0, "calculatedEbitda": 65149000}, {"date": "2001-12-31", "symbol": "CHDN", "reportedCurrency": "USD", "cik": "0000020212", "fillingDate": "2002-03-15", "acceptedDate": "2002-03-15 00:00:00", "calendarYear": "2001", "period": "FY", "revenue": 427038000, "costOfRevenue": 345638000, "grossProfit": 81400000, "grossProfitRatio": 0.1906153551, "researchAndDevelopmentExpenses": 0, "generalAndAdministrativeExpenses": 0, "sellingAndMarketingExpenses": 0, "sellingGeneralAndAdministrativeExpenses": 32063000, "otherExpenses": 0, "operatingExpenses": 32063000, "costAndExpenses": 377701000, "interestIncome": 566000, "interestExpense": -12602000, "depreciationAndAmortization": 20603000, "ebitda": 70037000, "ebitdaratio": 0.1640064819, "operatingIncome": 49337000, "operatingIncomeRatio": 0.1155330439, "totalOtherIncomeExpensesNet": -97000, "incomeBeforeTax": 37204000, "incomeBeforeTaxRatio": 0.0871210525, "incomeTaxExpense": 15128000, "netIncome": 22076000, "netIncomeRatio": 0.0516956336, "eps": 0.28, "epsdiluted": 0.27, "weightedAverageShsOut": 71912727, "weightedAverageShsOutDil": 72795092, "link": "https://www.sec.gov/Archives/edgar/data/20212/000002021202000004/0000020212-02-000004-index.htm", "finalLink": "https://www.sec.gov/Archives/edgar/data/20212/000002021202000004/f10k2001.htm", "calculatedOtherExpenses": 0, "calculatedOperatingExpenses": 32063000, "calculatedNetInterest": 13168000, "calculatedOtherIncome": -25301000, "calculatedIncomeNonControlling": 0, "calculatedEbitda": 69940000}, {"date": "2000-12-31", "symbol": "CHDN", "reportedCurrency": "USD", "cik": "0000020212", "fillingDate": "2001-03-19", "acceptedDate": "2001-03-19 00:00:00", "calendarYear": "2000", "period": "FY", "revenue": 362016000, "costOfRevenue": 270320000, "grossProfit": 91696000, "grossProfitRatio": 0.2532926721, "researchAndDevelopmentExpenses": 0, "generalAndAdministrativeExpenses": 0, "sellingAndMarketingExpenses": 0, "sellingGeneralAndAdministrativeExpenses": 27832000, "otherExpenses": 17286000, "operatingExpenses": 45118000, "costAndExpenses": 315438000, "interestIncome": 1023000, "interestExpense": 14848000, "depreciationAndAmortization": 17286000, "ebitda": 64030000, "ebitdaratio": 0.1768706356, "operatingIncome": 46578000, "operatingIncomeRatio": 0.1286628215, "totalOtherIncomeExpensesNet": -166000, "incomeBeforeTax": 32587000, "incomeBeforeTaxRatio": 0.0900153584, "incomeTaxExpense": 13423000, "netIncome": 19164000, "netIncomeRatio": 0.0529368868, "eps": 0.29, "epsdiluted": 0.29, "weightedAverageShsOut": 65331818, "weightedAverageShsOutDil": 65705143, "link": "https://www.sec.gov/Archives/edgar/data/20212/000002021201000003/0000020212-01-000003-index.htm", "finalLink": "https://www.sec.gov/Archives/edgar/data/20212/000002021201000003/0000020212-01-000003-0001.txt", "calculatedOtherExpenses": 17286000, "calculatedOperatingExpenses": 45118000, "calculatedNetInterest": -13825000, "calculatedOtherIncome": -166000, "calculatedIncomeNonControlling": 0, "calculatedEbitda": 63864000}, {"date": "1999-12-31", "symbol": "CHDN", "reportedCurrency": "USD", "cik": "0000020212", "fillingDate": "2000-03-16", "acceptedDate": "2000-03-16 00:00:00", "calendarYear": "1999", "period": "FY", "revenue": 258400000, "costOfRevenue": 196100000, "grossProfit": 62300000, "grossProfitRatio": 0.2410990712, "researchAndDevelopmentExpenses": 0, "generalAndAdministrativeExpenses": 0, "sellingAndMarketingExpenses": 0, "sellingGeneralAndAdministrativeExpenses": 18500000, "otherExpenses": 11300000, "operatingExpenses": 29800000, "costAndExpenses": 225900000, "interestIncome": 0, "interestExpense": 0, "depreciationAndAmortization": 11300000, "ebitda": 43500000, "ebitdaratio": 0.1683436533, "operatingIncome": 32500000, "operatingIncomeRatio": 0.1257739938, "totalOtherIncomeExpensesNet": 300000, "incomeBeforeTax": 25900000, "incomeBeforeTaxRatio": 0.1002321981, "incomeTaxExpense": 10900000, "netIncome": 15000000, "netIncomeRatio": 0.0580495356, "eps": 0.29, "epsdiluted": 0.29, "weightedAverageShsOut": 51588000, "weightedAverageShsOutDil": 52308000, "link": "https://www.sec.gov/Archives/edgar/data/20212/000002021200000002/0000020212-00-000002-index.html", "finalLink": "https://www.sec.gov/Archives/edgar/data/20212/000002021200000002/", "calculatedOtherExpenses": 11300000, "calculatedOperatingExpenses": 29800000, "calculatedNetInterest": 0, "calculatedOtherIncome": -6600000, "calculatedIncomeNonControlling": 0, "calculatedEbitda": 43800000}, {"date": "1998-12-31", "symbol": "CHDN", "reportedCurrency": "USD", "cik": "0000020212", "fillingDate": "1999-03-31", "acceptedDate": "1999-03-31 00:00:00", "calendarYear": "1998", "period": "FY", "revenue": 147300000, "costOfRevenue": 113300000, "grossProfit": 34000000, "grossProfitRatio": 0.2308214528, "researchAndDevelopmentExpenses": 0, "generalAndAdministrativeExpenses": 0, "sellingAndMarketingExpenses": 0, "sellingGeneralAndAdministrativeExpenses": 11100000, "otherExpenses": 5700000, "operatingExpenses": 16800000, "costAndExpenses": 130100000, "interestIncome": 0, "interestExpense": 0, "depreciationAndAmortization": 5700000, "ebitda": 21900000, "ebitdaratio": 0.1486761711, "operatingIncome": 17200000, "operatingIncomeRatio": 0.1167684997, "totalOtherIncomeExpensesNet": 1000000, "incomeBeforeTax": 17300000, "incomeBeforeTaxRatio": 0.1174473863, "incomeTaxExpense": 6800000, "netIncome": 10500000, "netIncomeRatio": 0.0712830957, "eps": 0.24, "epsdiluted": 0.23, "weightedAverageShsOut": 44760348, "weightedAverageShsOutDil": 45236892, "link": "https://www.sec.gov/Archives/edgar/data/20212/000002021299000002/0000020212-99-000002-index.html", "finalLink": "https://www.sec.gov/Archives/edgar/data/20212/", "calculatedOtherExpenses": 5700000, "calculatedOperatingExpenses": 16800000, "calculatedNetInterest": 0, "calculatedOtherIncome": 100000, "calculatedIncomeNonControlling": 0, "calculatedEbitda": 22900000}, {"date": "1997-12-31", "symbol": "CHDN", "reportedCurrency": "USD", "cik": "0000020212", "fillingDate": "1998-03-31", "acceptedDate": "1998-03-31 00:00:00", "calendarYear": "1997", "period": "FY", "revenue": 118900000, "costOfRevenue": 90800000, "grossProfit": 28100000, "grossProfitRatio": 0.236333053, "researchAndDevelopmentExpenses": 0, "generalAndAdministrativeExpenses": 0, "sellingAndMarketingExpenses": 0, "sellingGeneralAndAdministrativeExpenses": 9100000, "otherExpenses": 4600000, "operatingExpenses": 13700000, "costAndExpenses": 104500000, "interestIncome": 0, "interestExpense": 0, "depreciationAndAmortization": 4600000, "ebitda": 18100000, "ebitdaratio": 0.1522287637, "operatingIncome": 14400000, "operatingIncomeRatio": 0.1211101766, "totalOtherIncomeExpensesNet": 900000, "incomeBeforeTax": 14900000, "incomeBeforeTaxRatio": 0.1253153911, "incomeTaxExpense": 5800000, "netIncome": 9100000, "netIncomeRatio": 0.0765349033, "eps": 0.21, "epsdiluted": 0.21, "weightedAverageShsOut": 43872000, "weightedAverageShsOutDil": 43926000, "link": "https://www.sec.gov/Archives/edgar/data/20212/000002021298000003/0000020212-98-000003-index.html", "finalLink": "https://www.sec.gov/Archives/edgar/data/20212/", "calculatedOtherExpenses": 4600000, "calculatedOperatingExpenses": 13700000, "calculatedNetInterest": 0, "calculatedOtherIncome": 500000, "calculatedIncomeNonControlling": 0, "calculatedEbitda": 19000000}, {"date": "1996-12-31", "symbol": "CHDN", "reportedCurrency": "USD", "cik": "0000020212", "fillingDate": "1997-03-27", "acceptedDate": "1997-03-27 00:00:00", "calendarYear": "1996", "period": "FY", "revenue": 107900000, "costOfRevenue": 82000000, "grossProfit": 25900000, "grossProfitRatio": 0.2400370714, "researchAndDevelopmentExpenses": 0, "generalAndAdministrativeExpenses": 0, "sellingAndMarketingExpenses": 0, "sellingGeneralAndAdministrativeExpenses": 8700000, "otherExpenses": 4800000, "operatingExpenses": 13500000, "costAndExpenses": 95500000, "interestIncome": 0, "interestExpense": 0, "depreciationAndAmortization": 4800000, "ebitda": 16100000, "ebitdaratio": 0.1492122335, "operatingIncome": 12400000, "operatingIncomeRatio": 0.1149212234, "totalOtherIncomeExpensesNet": 1100000, "incomeBeforeTax": 13100000, "incomeBeforeTaxRatio": 0.1214087118, "incomeTaxExpense": 5000000, "netIncome": 8100000, "netIncomeRatio": 0.0750695088, "eps": 0.18, "epsdiluted": 0.18, "weightedAverageShsOut": 44792627, "weightedAverageShsOutDil": 44792627, "link": "https://www.sec.gov/Archives/edgar/data/20212/000002021297000003/0000020212-97-000003-index.html", "finalLink": "https://www.sec.gov/Archives/edgar/data/20212/", "calculatedOtherExpenses": 4800000, "calculatedOperatingExpenses": 13500000, "calculatedNetInterest": 0, "calculatedOtherIncome": 700000, "calculatedIncomeNonControlling": 0, "calculatedEbitda": 17200000}, {"date": "1995-12-31", "symbol": "CHDN", "reportedCurrency": "USD", "cik": "0000020212", "fillingDate": "1996-03-29", "acceptedDate": "1996-03-29 00:00:00", "calendarYear": "1995", "period": "FY", "revenue": 92400000, "costOfRevenue": 69300000, "grossProfit": 23100000, "grossProfitRatio": 0.25, "researchAndDevelopmentExpenses": 0, "generalAndAdministrativeExpenses": 0, "sellingAndMarketingExpenses": 0, "sellingGeneralAndAdministrativeExpenses": 8400000, "otherExpenses": 4500000, "operatingExpenses": 12900000, "costAndExpenses": 82200000, "interestIncome": 0, "interestExpense": 0, "depreciationAndAmortization": 4500000, "ebitda": 14200000, "ebitdaratio": 0.1536796537, "operatingIncome": 10200000, "operatingIncomeRatio": 0.1103896104, "totalOtherIncomeExpensesNet": 500000, "incomeBeforeTax": 10300000, "incomeBeforeTaxRatio": 0.1114718615, "incomeTaxExpense": 4100000, "netIncome": 6200000, "netIncomeRatio": 0.0670995671, "eps": 0.14, "epsdiluted": 0.14, "weightedAverageShsOut": 45365854, "weightedAverageShsOutDil": 45365854, "link": "https://www.sec.gov/Archives/edgar/data/20212/000002021296000002/0000020212-96-000002-index.html", "finalLink": "https://www.sec.gov/Archives/edgar/data/20212/", "calculatedOtherExpenses": 4500000, "calculatedOperatingExpenses": 12900000, "calculatedNetInterest": 0, "calculatedOtherIncome": 100000, "calculatedIncomeNonControlling": 0, "calculatedEbitda": 14700000}, {"date": "1994-12-31", "symbol": "CHDN", "reportedCurrency": "USD", "cik": "0000020212", "fillingDate": "1995-04-27", "acceptedDate": "1995-04-27 00:00:00", "calendarYear": "1994", "period": "FY", "revenue": 65900000, "costOfRevenue": 32900000, "grossProfit": 33000000, "grossProfitRatio": 0.5007587253, "researchAndDevelopmentExpenses": 0, "generalAndAdministrativeExpenses": 0, "sellingAndMarketingExpenses": 0, "sellingGeneralAndAdministrativeExpenses": 20300000, "otherExpenses": 3300000, "operatingExpenses": 23600000, "costAndExpenses": 56500000, "interestIncome": 0, "interestExpense": 0, "depreciationAndAmortization": 3300000, "ebitda": 11900000, "ebitdaratio": 0.1805766313, "operatingIncome": 9400000, "operatingIncomeRatio": 0.1426403642, "totalOtherIncomeExpensesNet": 800000, "incomeBeforeTax": 10200000, "incomeBeforeTaxRatio": 0.1547799697, "incomeTaxExpense": 4000000, "netIncome": 6200000, "netIncomeRatio": 0.0940819423, "eps": 0.14, "epsdiluted": 0.14, "weightedAverageShsOut": 45365854, "weightedAverageShsOutDil": 45365854, "link": "https://www.sec.gov/Archives/edgar/data/20212/000002021295000001/0000020212-95-000001-index.html", "finalLink": "https://www.sec.gov/Archives/edgar/data/20212/", "calculatedOtherExpenses": 3300000, "calculatedOperatingExpenses": 23600000, "calculatedNetInterest": 0, "calculatedOtherIncome": 800000, "calculatedIncomeNonControlling": 0, "calculatedEbitda": 12700000}, {"date": "1993-12-31", "symbol": "CHDN", "reportedCurrency": "USD", "cik": "0000020212", "fillingDate": "1993-12-31", "acceptedDate": "1993-12-31 00:00:00", "calendarYear": "1993", "period": "FY", "revenue": 55300000, "costOfRevenue": 27900000, "grossProfit": 27400000, "grossProfitRatio": 0.4954792043, "researchAndDevelopmentExpenses": 0, "generalAndAdministrativeExpenses": 0, "sellingAndMarketingExpenses": 0, "sellingGeneralAndAdministrativeExpenses": 16600000, "otherExpenses": 2400000, "operatingExpenses": 19000000, "costAndExpenses": 46900000, "interestIncome": 0, "interestExpense": 0, "depreciationAndAmortization": 2400000, "ebitda": 9800000, "ebitdaratio": 0.1772151899, "operatingIncome": 8400000, "operatingIncomeRatio": 0.1518987342, "totalOtherIncomeExpensesNet": 1000000, "incomeBeforeTax": 9400000, "incomeBeforeTaxRatio": 0.1699819168, "incomeTaxExpense": 3600000, "netIncome": 5900000, "netIncomeRatio": 0.1066907776, "eps": 0.13, "epsdiluted": 0.13, "weightedAverageShsOut": 45384615, "weightedAverageShsOutDil": 45384615, "link": null, "finalLink": null, "calculatedOtherExpenses": 2400000, "calculatedOperatingExpenses": 19000000, "calculatedNetInterest": 0, "calculatedOtherIncome": 1000000, "calculatedIncomeNonControlling": -100000, "calculatedEbitda": 10800000}]}