{"originalCurrency": "USD", "convertedCurrency": "USD", "report": [{"date": "2023-12-31", "symbol": "CHH", "reportedCurrency": "USD", "cik": "0001046311", "fillingDate": "2024-02-20", "acceptedDate": "2024-02-20 16:40:03", "calendarYear": "2023", "period": "FY", "revenue": 1544165000, "costOfRevenue": 853883000, "grossProfit": 690282000, "grossProfitRatio": 0.4470260626, "researchAndDevelopmentExpenses": 30300000, "generalAndAdministrativeExpenses": 0, "sellingAndMarketingExpenses": 0, "sellingGeneralAndAdministrativeExpenses": 216081000, "otherExpenses": 10649000, "operatingExpenses": 255740000, "costAndExpenses": 1109623000, "interestIncome": 7764000, "interestExpense": 63780000, "depreciationAndAmortization": 75735000, "ebitda": 531569000, "ebitdaratio": 0.3442436527, "operatingIncome": 375028000, "operatingIncomeRatio": 0.2428678282, "totalOtherIncomeExpensesNet": -41570000, "incomeBeforeTax": 336956000, "incomeBeforeTaxRatio": 0.218212432, "incomeTaxExpense": 78449000, "netIncome": 258507000, "netIncomeRatio": 0.1674089233, "eps": 5.11, "epsdiluted": 5.07, "weightedAverageShsOut": 50341000, "weightedAverageShsOutDil": 50700000, "link": "https://www.sec.gov/Archives/edgar/data/1046311/000104631124000010/0001046311-24-000010-index.htm", "finalLink": "https://www.sec.gov/Archives/edgar/data/1046311/000104631124000010/chh-20231231.htm", "calculatedOtherExpenses": 68873000, "calculatedOperatingExpenses": 315254000, "calculatedNetInterest": -56016000, "calculatedOtherIncome": 17944000, "calculatedIncomeNonControlling": 0, "calculatedEbitda": 450763000}, {"date": "2022-12-31", "symbol": "CHH", "reportedCurrency": "USD", "cik": "0001046311", "fillingDate": "2023-03-01", "acceptedDate": "2023-03-01 11:17:35", "calendarYear": "2022", "period": "FY", "revenue": 1401949000, "costOfRevenue": 701897000, "grossProfit": 700052000, "grossProfitRatio": 0.4993419875, "researchAndDevelopmentExpenses": 26600000, "generalAndAdministrativeExpenses": 0, "sellingAndMarketingExpenses": 0, "sellingGeneralAndAdministrativeExpenses": 207275000, "otherExpenses": 30425000, "operatingExpenses": 237700000, "costAndExpenses": 939597000, "interestIncome": 7288000, "interestExpense": 43797000, "depreciationAndAmortization": 49666000, "ebitda": 528267000, "ebitdaratio": 0.3768089995, "operatingIncome": 478601000, "operatingIncomeRatio": 0.3413826038, "totalOtherIncomeExpensesNet": -41795000, "incomeBeforeTax": 436806000, "incomeBeforeTaxRatio": 0.311570535, "incomeTaxExpense": 104654000, "netIncome": 332152000, "netIncomeRatio": 0.2369215999, "eps": 6.05, "epsdiluted": 5.99, "weightedAverageShsOut": 54595000, "weightedAverageShsOutDil": 55121000, "link": "https://www.sec.gov/Archives/edgar/data/1046311/000104631123000008/0001046311-23-000008-index.htm", "finalLink": "https://www.sec.gov/Archives/edgar/data/1046311/000104631123000008/chh-20221231.htm", "calculatedOtherExpenses": -12424000, "calculatedOperatingExpenses": 221451000, "calculatedNetInterest": -36509000, "calculatedOtherIncome": -5286000, "calculatedIncomeNonControlling": 0, "calculatedEbitda": 528267000}, {"date": "2021-12-31", "symbol": "CHH", "reportedCurrency": "USD", "cik": "0001046311", "fillingDate": "2022-02-24", "acceptedDate": "2022-02-24 17:20:03", "calendarYear": "2021", "period": "FY", "revenue": 1069298000, "costOfRevenue": 469700000, "grossProfit": 599598000, "grossProfitRatio": 0.5607398499, "researchAndDevelopmentExpenses": 14100000, "generalAndAdministrativeExpenses": -431803000, "sellingAndMarketingExpenses": 577426000, "sellingGeneralAndAdministrativeExpenses": 145623000, "otherExpenses": 24773000, "operatingExpenses": 170396000, "costAndExpenses": 640096000, "interestIncome": 4981000, "interestExpense": 46680000, "depreciationAndAmortization": 45002000, "ebitda": 473935000, "ebitdaratio": 0.4432206925, "operatingIncome": 428933000, "operatingIncomeRatio": 0.4011351373, "totalOtherIncomeExpensesNet": -52441000, "incomeBeforeTax": 376492000, "incomeBeforeTaxRatio": 0.3520926814, "incomeTaxExpense": 87535000, "netIncome": 288957000, "netIncomeRatio": 0.2702305625, "eps": 5.2, "epsdiluted": 5.15, "weightedAverageShsOut": 55379000, "weightedAverageShsOutDil": 55883000, "link": "https://www.sec.gov/Archives/edgar/data/1046311/000104631122000009/0001046311-22-000009-index.htm", "finalLink": "https://www.sec.gov/Archives/edgar/data/1046311/000104631122000009/chh-20211231.htm", "calculatedOtherExpenses": 10942000, "calculatedOperatingExpenses": 170665000, "calculatedNetInterest": -41699000, "calculatedOtherIncome": -10742000, "calculatedIncomeNonControlling": 0, "calculatedEbitda": 473935000}, {"date": "2020-12-31", "symbol": "CHH", "reportedCurrency": "USD", "cik": "0001046311", "fillingDate": "2021-02-26", "acceptedDate": "2021-02-26 17:15:57", "calendarYear": "2020", "period": "FY", "revenue": 774072000, "costOfRevenue": 462913000, "grossProfit": 311159000, "grossProfitRatio": 0.4019768187, "researchAndDevelopmentExpenses": 14600000, "generalAndAdministrativeExpenses": -428902000, "sellingAndMarketingExpenses": 577426000, "sellingGeneralAndAdministrativeExpenses": 148524000, "otherExpenses": 25831000, "operatingExpenses": 174355000, "costAndExpenses": 637268000, "interestIncome": 7688000, "interestExpense": 49028000, "depreciationAndAmortization": 59753000, "ebitda": 181806000, "ebitdaratio": 0.2348696245, "operatingIncome": 122053000, "operatingIncomeRatio": 0.1576765469, "totalOtherIncomeExpensesNet": -69047000, "incomeBeforeTax": 53006000, "incomeBeforeTaxRatio": 0.0684768342, "incomeTaxExpense": -22381000, "netIncome": 75387000, "netIncomeRatio": 0.0973901653, "eps": 1.36, "epsdiluted": 1.35, "weightedAverageShsOut": 55175000, "weightedAverageShsOutDil": 55529000, "link": "https://www.sec.gov/Archives/edgar/data/1046311/000104631121000014/0001046311-21-000014-index.htm", "finalLink": "https://www.sec.gov/Archives/edgar/data/1046311/000104631121000014/chh-20201231.htm", "calculatedOtherExpenses": 25982000, "calculatedOperatingExpenses": 189106000, "calculatedNetInterest": -41340000, "calculatedOtherIncome": -27707000, "calculatedIncomeNonControlling": 0, "calculatedEbitda": 181806000}, {"date": "2019-12-31", "symbol": "CHH", "reportedCurrency": "USD", "cik": "0001046311", "fillingDate": "2020-03-02", "acceptedDate": "2020-03-02 15:11:28", "calendarYear": "2019", "period": "FY", "revenue": 1114820000, "costOfRevenue": 593587000, "grossProfit": 521233000, "grossProfitRatio": 0.4675490214, "researchAndDevelopmentExpenses": 9700000, "generalAndAdministrativeExpenses": -408593000, "sellingAndMarketingExpenses": 577426000, "sellingGeneralAndAdministrativeExpenses": 168833000, "otherExpenses": 18828000, "operatingExpenses": 187661000, "costAndExpenses": 781248000, "interestIncome": 9996000, "interestExpense": 46807000, "depreciationAndAmortization": 56334000, "ebitda": 374976000, "ebitdaratio": 0.3363556449, "operatingIncome": 318642000, "operatingIncomeRatio": 0.2858237204, "totalOtherIncomeExpensesNet": -48713000, "incomeBeforeTax": 269929000, "incomeBeforeTaxRatio": 0.2421278771, "incomeTaxExpense": 47051000, "netIncome": 222878000, "netIncomeRatio": 0.1999228575, "eps": 4, "epsdiluted": 3.98, "weightedAverageShsOut": 55358000, "weightedAverageShsOutDil": 55668000, "link": "https://www.sec.gov/Archives/edgar/data/1046311/000104631120000011/0001046311-20-000011-index.htm", "finalLink": "https://www.sec.gov/Archives/edgar/data/1046311/000104631120000011/chh1231201910-k.htm", "calculatedOtherExpenses": 24058000, "calculatedOperatingExpenses": 202591000, "calculatedNetInterest": -36811000, "calculatedOtherIncome": -11902000, "calculatedIncomeNonControlling": 0, "calculatedEbitda": 374976000}, {"date": "2018-12-31", "symbol": "CHH", "reportedCurrency": "USD", "cik": "0001046311", "fillingDate": "2019-02-26", "acceptedDate": "2019-02-26 16:51:11", "calendarYear": "2018", "period": "FY", "revenue": 1041304000, "costOfRevenue": 534266000, "grossProfit": 507038000, "grossProfitRatio": 0.4869260082, "researchAndDevelopmentExpenses": 11200000, "generalAndAdministrativeExpenses": -373650000, "sellingAndMarketingExpenses": 543677000, "sellingGeneralAndAdministrativeExpenses": 170027000, "otherExpenses": -1437000, "operatingExpenses": 184357000, "costAndExpenses": 718623000, "interestIncome": 7452000, "interestExpense": 45908000, "depreciationAndAmortization": 33927000, "ebitda": 357300000, "ebitdaratio": 0.3431274633, "operatingIncome": 318474000, "operatingIncomeRatio": 0.3058415218, "totalOtherIncomeExpensesNet": -10967000, "incomeBeforeTax": 273258000, "incomeBeforeTaxRatio": 0.2624190438, "incomeTaxExpense": 56903000, "netIncome": 216355000, "netIncomeRatio": 0.2077731383, "eps": 3.83, "epsdiluted": 3.8, "weightedAverageShsOut": 56489556, "weightedAverageShsOutDil": 56935526, "link": "https://www.sec.gov/Archives/edgar/data/1046311/000104631119000011/0001046311-19-000011-index.htm", "finalLink": "https://www.sec.gov/Archives/edgar/data/1046311/000104631119000011/chh1231201810-k.htm", "calculatedOtherExpenses": 7337000, "calculatedOperatingExpenses": 188564000, "calculatedNetInterest": -38456000, "calculatedOtherIncome": -6760000, "calculatedIncomeNonControlling": 0, "calculatedEbitda": 352401000}, {"date": "2017-12-31", "symbol": "CHH", "reportedCurrency": "USD", "cik": "0001046311", "fillingDate": "2018-03-01", "acceptedDate": "2018-03-01 12:50:26", "calendarYear": "2017", "period": "FY", "revenue": 1007356000, "costOfRevenue": 567083000, "grossProfit": 440273000, "grossProfitRatio": 0.4370580013, "researchAndDevelopmentExpenses": 11700000, "generalAndAdministrativeExpenses": -403706000, "sellingAndMarketingExpenses": 567083000, "sellingGeneralAndAdministrativeExpenses": 163377000, "otherExpenses": 3229000, "operatingExpenses": 175808000, "costAndExpenses": 742891000, "interestIncome": 5920000, "interestExpense": 45039000, "depreciationAndAmortization": 12431000, "ebitda": 281499000, "ebitdaratio": 0.2794434142, "operatingIncome": 264433000, "operatingIncomeRatio": 0.262502035, "totalOtherIncomeExpensesNet": -1349000, "incomeBeforeTax": 223997000, "incomeBeforeTaxRatio": 0.2223613102, "incomeTaxExpense": 109104000, "netIncome": 114893000, "netIncomeRatio": 0.1140540186, "eps": 2.03, "epsdiluted": 2.02, "weightedAverageShsOut": 56597537, "weightedAverageShsOutDil": 56877723, "link": "https://www.sec.gov/Archives/edgar/data/1046311/000104631118000006/0001046311-18-000006-index.htm", "finalLink": "https://www.sec.gov/Archives/edgar/data/1046311/000104631118000006/chh1231201710-k.htm", "calculatedOtherExpenses": 763000, "calculatedOperatingExpenses": 175840000, "calculatedNetInterest": -39119000, "calculatedOtherIncome": -1317000, "calculatedIncomeNonControlling": 0, "calculatedEbitda": 276864000}, {"date": "2016-12-31", "symbol": "CHH", "reportedCurrency": "USD", "cik": "0001046311", "fillingDate": "2017-02-27", "acceptedDate": "2017-02-27 17:20:15", "calendarYear": "2016", "period": "FY", "revenue": 924641000, "costOfRevenue": 525716000, "grossProfit": 398925000, "grossProfitRatio": 0.4314377147, "researchAndDevelopmentExpenses": 11800000, "generalAndAdministrativeExpenses": -376988000, "sellingAndMarketingExpenses": 525716000, "sellingGeneralAndAdministrativeExpenses": 148728000, "otherExpenses": 1504000, "operatingExpenses": 160433000, "costAndExpenses": 686149000, "interestIncome": 3535000, "interestExpense": 44446000, "depreciationAndAmortization": 11705000, "ebitda": 255728000, "ebitdaratio": 0.2765700418, "operatingIncome": 238895000, "operatingIncomeRatio": 0.2583651385, "totalOtherIncomeExpensesNet": 2399000, "incomeBeforeTax": 199980000, "incomeBeforeTaxRatio": 0.216278534, "incomeTaxExpense": 60609000, "netIncome": 139371000, "netIncomeRatio": 0.1507298508, "eps": 2.48, "epsdiluted": 2.46, "weightedAverageShsOut": 56197984, "weightedAverageShsOutDil": 56654878, "link": "https://www.sec.gov/Archives/edgar/data/1046311/000104631117000006/0001046311-17-000006-index.htm", "finalLink": "https://www.sec.gov/Archives/edgar/data/1046311/000104631117000006/chh1231201610-k.htm", "calculatedOtherExpenses": -498000, "calculatedOperatingExpenses": 160030000, "calculatedNetInterest": -40911000, "calculatedOtherIncome": 1996000, "calculatedIncomeNonControlling": 0, "calculatedEbitda": 250600000}, {"date": "2015-12-31", "symbol": "CHH", "reportedCurrency": "USD", "cik": "0001046311", "fillingDate": "2016-02-29", "acceptedDate": "2016-02-29 13:20:36", "calendarYear": "2015", "period": "FY", "revenue": 859878000, "costOfRevenue": 488763000, "grossProfit": 371115000, "grossProfitRatio": 0.4315902954, "researchAndDevelopmentExpenses": 9600000, "generalAndAdministrativeExpenses": -354509000, "sellingAndMarketingExpenses": 488763000, "sellingGeneralAndAdministrativeExpenses": 134254000, "otherExpenses": 820000, "operatingExpenses": 145796000, "costAndExpenses": 634559000, "interestIncome": 1580000, "interestExpense": 42833000, "depreciationAndAmortization": 11542000, "ebitda": 238360000, "ebitdaratio": 0.2772021147, "operatingIncome": 225319000, "operatingIncomeRatio": 0.2620360098, "totalOtherIncomeExpensesNet": -81000, "incomeBeforeTax": 183985000, "incomeBeforeTaxRatio": 0.2139663999, "incomeTaxExpense": 55956000, "netIncome": 128029000, "netIncomeRatio": 0.1488920521, "eps": 2.24, "epsdiluted": 2.22, "weightedAverageShsOut": 57155804, "weightedAverageShsOutDil": 57670721, "link": "https://www.sec.gov/Archives/edgar/data/1046311/000104631116000023/0001046311-16-000023-index.htm", "finalLink": "https://www.sec.gov/Archives/edgar/data/1046311/000104631116000023/chh1231201510-k.htm", "calculatedOtherExpenses": 1942000, "calculatedOperatingExpenses": 145796000, "calculatedNetInterest": -41253000, "calculatedOtherIncome": -81000, "calculatedIncomeNonControlling": 0, "calculatedEbitda": 236861000}, {"date": "2014-12-31", "symbol": "CHH", "reportedCurrency": "USD", "cik": "0001046311", "fillingDate": "2015-03-02", "acceptedDate": "2015-03-02 13:29:38", "calendarYear": "2014", "period": "FY", "revenue": 757970000, "costOfRevenue": 412619000, "grossProfit": 345351000, "grossProfitRatio": 0.4556262121, "researchAndDevelopmentExpenses": 6300000, "generalAndAdministrativeExpenses": -291201000, "sellingAndMarketingExpenses": 412619000, "sellingGeneralAndAdministrativeExpenses": 121418000, "otherExpenses": -427000, "operatingExpenses": 130783000, "costAndExpenses": 543402000, "interestIncome": 1761000, "interestExpense": 41486000, "depreciationAndAmortization": 9365000, "ebitda": 224609000, "ebitdaratio": 0.29632967, "operatingIncome": 214568000, "operatingIncomeRatio": 0.2830824439, "totalOtherIncomeExpensesNet": -1085000, "incomeBeforeTax": 173758000, "incomeBeforeTaxRatio": 0.2292412628, "incomeTaxExpense": 52285000, "netIncome": 123160000, "netIncomeRatio": 0.162486642, "eps": 2.11, "epsdiluted": 2.1, "weightedAverageShsOut": 58369668, "weightedAverageShsOutDil": 58647619, "link": "https://www.sec.gov/Archives/edgar/data/1046311/000104631115000003/0001046311-15-000003-index.htm", "finalLink": "https://www.sec.gov/Archives/edgar/data/1046311/000104631115000003/chh1231201410-k.htm", "calculatedOtherExpenses": 3065000, "calculatedOperatingExpenses": 130783000, "calculatedNetInterest": -39725000, "calculatedOtherIncome": -1085000, "calculatedIncomeNonControlling": -1687000, "calculatedEbitda": 223933000}, {"date": "2013-12-31", "symbol": "CHH", "reportedCurrency": "USD", "cik": "0001046311", "fillingDate": "2014-03-03", "acceptedDate": "2014-03-03 15:09:31", "calendarYear": "2013", "period": "FY", "revenue": 724307000, "costOfRevenue": 406777000, "grossProfit": 317530000, "grossProfitRatio": 0.4383914556, "researchAndDevelopmentExpenses": 3800000, "generalAndAdministrativeExpenses": -289532000, "sellingAndMarketingExpenses": 403099000, "sellingGeneralAndAdministrativeExpenses": 113567000, "otherExpenses": 1780000, "operatingExpenses": 123036000, "costAndExpenses": 529813000, "interestIncome": 2547000, "interestExpense": 42537000, "depreciationAndAmortization": 9469000, "ebitda": 208924000, "ebitdaratio": 0.2884467498, "operatingIncome": 194494000, "operatingIncomeRatio": 0.2685242584, "totalOtherIncomeExpensesNet": 2414000, "incomeBeforeTax": 156918000, "incomeBeforeTaxRatio": 0.2166457041, "incomeTaxExpense": 44317000, "netIncome": 112601000, "netIncomeRatio": 0.1554603228, "eps": 1.92, "epsdiluted": 1.91, "weightedAverageShsOut": 58646354, "weightedAverageShsOutDil": 58953403, "link": "https://www.sec.gov/Archives/edgar/data/1046311/000104631114000004/0001046311-14-000004-index.htm", "finalLink": "https://www.sec.gov/Archives/edgar/data/1046311/000104631114000004/chh1231201310-k.htm", "calculatedOtherExpenses": 5669000, "calculatedOperatingExpenses": 123036000, "calculatedNetInterest": -39990000, "calculatedOtherIncome": 2414000, "calculatedIncomeNonControlling": 0, "calculatedEbitda": 203963000}, {"date": "2012-12-31", "symbol": "CHH", "reportedCurrency": "USD", "cik": "0001046311", "fillingDate": "2013-02-28", "acceptedDate": "2013-02-28 16:59:46", "calendarYear": "2012", "period": "FY", "revenue": 691509000, "costOfRevenue": 388289000, "grossProfit": 303220000, "grossProfitRatio": 0.4384903161, "researchAndDevelopmentExpenses": 0, "generalAndAdministrativeExpenses": -282932000, "sellingAndMarketingExpenses": 384784000, "sellingGeneralAndAdministrativeExpenses": 101852000, "otherExpenses": 1989000, "operatingExpenses": 110078000, "costAndExpenses": 498367000, "interestIncome": 1540000, "interestExpense": 27189000, "depreciationAndAmortization": 8226000, "ebitda": 205109000, "ebitdaratio": 0.2966107455, "operatingIncome": 193142000, "operatingIncomeRatio": 0.2793051139, "totalOtherIncomeExpensesNet": 1675000, "incomeBeforeTax": 169168000, "incomeBeforeTaxRatio": 0.2446360062, "incomeTaxExpense": 48481000, "netIncome": 120687000, "netIncomeRatio": 0.1745270127, "eps": 2.08, "epsdiluted": 2.07, "weightedAverageShsOut": 58022596, "weightedAverageShsOutDil": 58265000, "link": "https://www.sec.gov/Archives/edgar/data/1046311/000104631113000003/0001046311-13-000003-index.htm", "finalLink": "https://www.sec.gov/Archives/edgar/data/1046311/000104631113000003/chh1231201210-k.htm", "calculatedOtherExpenses": 8226000, "calculatedOperatingExpenses": 110078000, "calculatedNetInterest": -25649000, "calculatedOtherIncome": 1675000, "calculatedIncomeNonControlling": 0, "calculatedEbitda": 201368000}, {"date": "2011-12-31", "symbol": "CHH", "reportedCurrency": "USD", "cik": "0001046311", "fillingDate": "2012-02-29", "acceptedDate": "2012-02-29 15:00:31", "calendarYear": "2011", "period": "FY", "revenue": 638793000, "costOfRevenue": 352502000, "grossProfit": 286291000, "grossProfitRatio": 0.4481749174, "researchAndDevelopmentExpenses": 0, "generalAndAdministrativeExpenses": -242632000, "sellingAndMarketingExpenses": 349036000, "sellingGeneralAndAdministrativeExpenses": 106404000, "otherExpenses": 8024000, "operatingExpenses": 114428000, "costAndExpenses": 466930000, "interestIncome": 1306000, "interestExpense": 12939000, "depreciationAndAmortization": 8024000, "ebitda": 181462000, "ebitdaratio": 0.2840701135, "operatingIncome": 171863000, "operatingIncomeRatio": 0.2690433364, "totalOtherIncomeExpensesNet": -2173000, "incomeBeforeTax": 158057000, "incomeBeforeTaxRatio": 0.2474307013, "incomeTaxExpense": 47661000, "netIncome": 110396000, "netIncomeRatio": 0.1728196771, "eps": 1.86, "epsdiluted": 1.85, "weightedAverageShsOut": 59352688, "weightedAverageShsOutDil": 59525000, "link": "https://www.sec.gov/Archives/edgar/data/1046311/000104631112000007/0001046311-12-000007-index.htm", "finalLink": "https://www.sec.gov/Archives/edgar/data/1046311/000104631112000007/chh1231201110-k.htm", "calculatedOtherExpenses": 8024000, "calculatedOperatingExpenses": 114428000, "calculatedNetInterest": -11633000, "calculatedOtherIncome": -2173000, "calculatedIncomeNonControlling": 0, "calculatedEbitda": 179887000}, {"date": "2010-12-31", "symbol": "CHH", "reportedCurrency": "USD", "cik": "0001046311", "fillingDate": "2011-03-01", "acceptedDate": "2011-03-01 11:40:18", "calendarYear": "2010", "period": "FY", "revenue": 596076000, "costOfRevenue": 332432000, "grossProfit": 263644000, "grossProfitRatio": 0.4422993041, "researchAndDevelopmentExpenses": 0, "generalAndAdministrativeExpenses": -234706000, "sellingAndMarketingExpenses": 329246000, "sellingGeneralAndAdministrativeExpenses": 94540000, "otherExpenses": 8342000, "operatingExpenses": 102882000, "costAndExpenses": 435314000, "interestIncome": 2903000, "interestExpense": 6680000, "depreciationAndAmortization": 8342000, "ebitda": 173233000, "ebitdaratio": 0.2906223367, "operatingIncome": 160762000, "operatingIncomeRatio": 0.269700508, "totalOtherIncomeExpensesNet": 1226000, "incomeBeforeTax": 158211000, "incomeBeforeTaxRatio": 0.2654208524, "incomeTaxExpense": 50770000, "netIncome": 107441000, "netIncomeRatio": 0.1802471497, "eps": 1.8, "epsdiluted": 1.8, "weightedAverageShsOut": 59689444, "weightedAverageShsOutDil": 59689444, "link": "https://www.sec.gov/Archives/edgar/data/1046311/000119312511051437/0001193125-11-051437-index.htm", "finalLink": "https://www.sec.gov/Archives/edgar/data/1046311/000119312511051437/d10k.htm", "calculatedOtherExpenses": 8342000, "calculatedOperatingExpenses": 102882000, "calculatedNetInterest": -3777000, "calculatedOtherIncome": 1226000, "calculatedIncomeNonControlling": 0, "calculatedEbitda": 169104000}, {"date": "2009-12-31", "symbol": "CHH", "reportedCurrency": "USD", "cik": "0001046311", "fillingDate": "2010-03-01", "acceptedDate": "2010-03-01 13:23:33", "calendarYear": "2009", "period": "FY", "revenue": 564178000, "costOfRevenue": 308532000, "grossProfit": 255646000, "grossProfitRatio": 0.4531300405, "researchAndDevelopmentExpenses": 0, "generalAndAdministrativeExpenses": -206142000, "sellingAndMarketingExpenses": 305379000, "sellingGeneralAndAdministrativeExpenses": 99237000, "otherExpenses": 8336000, "operatingExpenses": 107573000, "costAndExpenses": 416105000, "interestIncome": 5862000, "interestExpense": 4414000, "depreciationAndAmortization": 8336000, "ebitda": 157522000, "ebitdaratio": 0.279206208, "operatingIncome": 148073000, "operatingIncomeRatio": 0.2624579477, "totalOtherIncomeExpensesNet": 6975000, "incomeBeforeTax": 150634000, "incomeBeforeTaxRatio": 0.2669972952, "incomeTaxExpense": 52384000, "netIncome": 98250000, "netIncomeRatio": 0.1741471663, "eps": 1.64, "epsdiluted": 1.63, "weightedAverageShsOut": 60068000, "weightedAverageShsOutDil": 60224000, "link": "https://www.sec.gov/Archives/edgar/data/1046311/000119312510044350/0001193125-10-044350-index.htm", "finalLink": "https://www.sec.gov/Archives/edgar/data/1046311/000119312510044350/d10k.htm", "calculatedOtherExpenses": 8336000, "calculatedOperatingExpenses": 107573000, "calculatedNetInterest": 1448000, "calculatedOtherIncome": 1113000, "calculatedIncomeNonControlling": 0, "calculatedEbitda": 156409000}, {"date": "2008-12-31", "symbol": "CHH", "reportedCurrency": "USD", "cik": "0001046311", "fillingDate": "2009-03-02", "acceptedDate": "2009-03-02 14:48:18", "calendarYear": "2008", "period": "FY", "revenue": 641680000, "costOfRevenue": 339911000, "grossProfit": 301769000, "grossProfitRatio": 0.4702795786, "researchAndDevelopmentExpenses": 0, "generalAndAdministrativeExpenses": -217488000, "sellingAndMarketingExpenses": 336477000, "sellingGeneralAndAdministrativeExpenses": 118989000, "otherExpenses": 8184000, "operatingExpenses": 467084000, "costAndExpenses": 467084000, "interestIncome": 7760000, "interestExpense": 18692000, "depreciationAndAmortization": 8184000, "ebitda": 184194000, "ebitdaratio": 0.2870496197, "operatingIncome": 174596000, "operatingIncomeRatio": 0.2720920085, "totalOtherIncomeExpensesNet": 1414000, "incomeBeforeTax": 157318000, "incomeBeforeTaxRatio": 0.2451658147, "incomeTaxExpense": 57107000, "netIncome": 100211000, "netIncomeRatio": 0.1561697419, "eps": 1.62, "epsdiluted": 1.6, "weightedAverageShsOut": 61853000, "weightedAverageShsOutDil": 62521000, "link": "https://www.sec.gov/Archives/edgar/data/1046311/000119312509042353/0001193125-09-042353-index.htm", "finalLink": "https://www.sec.gov/Archives/edgar/data/1046311/000119312509042353/d10k.htm", "calculatedOtherExpenses": 8184000, "calculatedOperatingExpenses": 127173000, "calculatedNetInterest": -10932000, "calculatedOtherIncome": -6346000, "calculatedIncomeNonControlling": 0, "calculatedEbitda": 182780000}, {"date": "2007-12-31", "symbol": "CHH", "reportedCurrency": "USD", "cik": "0001046311", "fillingDate": "2008-02-29", "acceptedDate": "2008-02-29 15:15:35", "calendarYear": "2007", "period": "FY", "revenue": 615494000, "costOfRevenue": 320068000, "grossProfit": 295426000, "grossProfitRatio": 0.4799819332, "researchAndDevelopmentExpenses": 0, "generalAndAdministrativeExpenses": -215237000, "sellingAndMarketingExpenses": 316827000, "sellingGeneralAndAdministrativeExpenses": 101590000, "otherExpenses": 8637000, "operatingExpenses": 110227000, "costAndExpenses": 430295000, "interestIncome": -1750000, "interestExpense": 11313000, "depreciationAndAmortization": 8637000, "ebitda": 193836000, "ebitdaratio": 0.3149275216, "operatingIncome": 185199000, "operatingIncomeRatio": 0.3008948909, "totalOtherIncomeExpensesNet": 1230000, "incomeBeforeTax": 173886000, "incomeBeforeTaxRatio": 0.282514533, "incomeTaxExpense": 62585000, "netIncome": 111301000, "netIncomeRatio": 0.1808319821, "eps": 1.73, "epsdiluted": 1.7, "weightedAverageShsOut": 64213000, "weightedAverageShsOutDil": 65331000, "link": "https://www.sec.gov/Archives/edgar/data/1046311/000119312508043514/0001193125-08-043514-index.htm", "finalLink": "https://www.sec.gov/Archives/edgar/data/1046311/000119312508043514/d10k.htm", "calculatedOtherExpenses": 8637000, "calculatedOperatingExpenses": 110227000, "calculatedNetInterest": -13063000, "calculatedOtherIncome": 1750000, "calculatedIncomeNonControlling": 0, "calculatedEbitda": 193836000}, {"date": "2006-12-31", "symbol": "CHH", "reportedCurrency": "USD", "cik": "0001046311", "fillingDate": "2007-03-01", "acceptedDate": "2007-03-01 14:26:16", "calendarYear": "2006", "period": "FY", "revenue": 544662000, "costOfRevenue": 281220000, "grossProfit": 263442000, "grossProfitRatio": 0.4836797867, "researchAndDevelopmentExpenses": 0, "generalAndAdministrativeExpenses": -190914000, "sellingAndMarketingExpenses": 278026000, "sellingGeneralAndAdministrativeExpenses": 87112000, "otherExpenses": 9705000, "operatingExpenses": 96817000, "costAndExpenses": 378037000, "interestIncome": -2041000, "interestExpense": 11689000, "depreciationAndAmortization": 9705000, "ebitda": 176672000, "ebitdaratio": 0.3243699762, "operatingIncome": 166625000, "operatingIncomeRatio": 0.3059236738, "totalOtherIncomeExpensesNet": 710000, "incomeBeforeTax": 155278000, "incomeBeforeTaxRatio": 0.2850905699, "incomeTaxExpense": 42491000, "netIncome": 112787000, "netIncomeRatio": 0.2070770496, "eps": 1.72, "epsdiluted": 1.68, "weightedAverageShsOut": 65387000, "weightedAverageShsOutDil": 67050000, "link": "https://www.sec.gov/Archives/edgar/data/1046311/000119312507044134/0001193125-07-044134-index.htm", "finalLink": "https://www.sec.gov/Archives/edgar/data/1046311/000119312507044134/d10k.htm", "calculatedOtherExpenses": 9705000, "calculatedOperatingExpenses": 96817000, "calculatedNetInterest": -13730000, "calculatedOtherIncome": 2383000, "calculatedIncomeNonControlling": 0, "calculatedEbitda": 176330000}, {"date": "2005-12-31", "symbol": "CHH", "reportedCurrency": "USD", "cik": "0001046311", "fillingDate": "2006-03-16", "acceptedDate": "2006-03-16 14:13:02", "calendarYear": "2005", "period": "FY", "revenue": 477399000, "costOfRevenue": 246348000, "grossProfit": 231051000, "grossProfitRatio": 0.4839788102, "researchAndDevelopmentExpenses": 0, "generalAndAdministrativeExpenses": -164873000, "sellingAndMarketingExpenses": 243123000, "sellingGeneralAndAdministrativeExpenses": 78250000, "otherExpenses": 9051000, "operatingExpenses": 87301000, "costAndExpenses": 333649000, "interestIncome": -1094000, "interestExpense": 12588000, "depreciationAndAmortization": 9051000, "ebitda": 152381000, "ebitdaratio": 0.3191900276, "operatingIncome": 143750000, "operatingIncomeRatio": 0.3011108109, "totalOtherIncomeExpensesNet": 1223000, "incomeBeforeTax": 130742000, "incomeBeforeTaxRatio": 0.2738631627, "incomeTaxExpense": 43177000, "netIncome": 87565000, "netIncomeRatio": 0.1834209959, "eps": 1.36, "epsdiluted": 1.32, "weightedAverageShsOut": 64429000, "weightedAverageShsOutDil": 66336000, "link": "https://www.sec.gov/Archives/edgar/data/1046311/000119312506056437/0001193125-06-056437-index.htm", "finalLink": "https://www.sec.gov/Archives/edgar/data/1046311/000119312506056437/d10k.htm", "calculatedOtherExpenses": 9051000, "calculatedOperatingExpenses": 87301000, "calculatedNetInterest": -13682000, "calculatedOtherIncome": 674000, "calculatedIncomeNonControlling": 0, "calculatedEbitda": 152801000}, {"date": "2004-12-31", "symbol": "CHH", "reportedCurrency": "USD", "cik": "0001046311", "fillingDate": "2005-03-16", "acceptedDate": "2005-03-16 12:42:27", "calendarYear": "2004", "period": "FY", "revenue": 428806000, "costOfRevenue": 224205000, "grossProfit": 204601000, "grossProfitRatio": 0.4771411781, "researchAndDevelopmentExpenses": 0, "generalAndAdministrativeExpenses": -151659000, "sellingAndMarketingExpenses": 221313000, "sellingGeneralAndAdministrativeExpenses": 69654000, "otherExpenses": 9947000, "operatingExpenses": 79601000, "costAndExpenses": 303806000, "interestIncome": -1093000, "interestExpense": 11162000, "depreciationAndAmortization": 9947000, "ebitda": 135633000, "ebitdaratio": 0.3163038763, "operatingIncome": 125000000, "operatingIncomeRatio": 0.2915071151, "totalOtherIncomeExpensesNet": 36000, "incomeBeforeTax": 114524000, "incomeBeforeTaxRatio": 0.2670764868, "incomeTaxExpense": 40179000, "netIncome": 74345000, "netIncomeRatio": 0.1733767718, "eps": 1.12, "epsdiluted": 1.08, "weightedAverageShsOut": 66379464, "weightedAverageShsOutDil": 68837963, "link": "https://www.sec.gov/Archives/edgar/data/1046311/000119312505052330/0001193125-05-052330-index.htm", "finalLink": "https://www.sec.gov/Archives/edgar/data/1046311/000119312505052330/d10k.htm", "calculatedOtherExpenses": 9947000, "calculatedOperatingExpenses": 79601000, "calculatedNetInterest": -12255000, "calculatedOtherIncome": 1779000, "calculatedIncomeNonControlling": 0, "calculatedEbitda": 134947000}, {"date": "2003-12-31", "symbol": "CHH", "reportedCurrency": "USD", "cik": "0001046311", "fillingDate": "2004-03-15", "acceptedDate": "2004-03-15 13:52:28", "calendarYear": "2003", "period": "FY", "revenue": 386104000, "costOfRevenue": 198036000, "grossProfit": 188068000, "grossProfitRatio": 0.4870915608, "researchAndDevelopmentExpenses": 0, "generalAndAdministrativeExpenses": -132560000, "sellingAndMarketingExpenses": 195420000, "sellingGeneralAndAdministrativeExpenses": 62860000, "otherExpenses": 11225000, "operatingExpenses": 74085000, "costAndExpenses": 272121000, "interestIncome": -6185000, "interestExpense": -1678000, "depreciationAndAmortization": 11225000, "ebitda": 121954000, "ebitdaratio": 0.3158579036, "operatingIncome": 113983000, "operatingIncomeRatio": 0.2952132068, "totalOtherIncomeExpensesNet": 3836000, "incomeBeforeTax": 112407000, "incomeBeforeTaxRatio": 0.291131405, "incomeTaxExpense": 40544000, "netIncome": 71863000, "netIncomeRatio": 0.1861234279, "eps": 1.01, "epsdiluted": 0.98, "weightedAverageShsOut": 71151485, "weightedAverageShsOutDil": 73329592, "link": "https://www.sec.gov/Archives/edgar/data/1046311/000119312504041968/0001193125-04-041968-index.htm", "finalLink": "https://www.sec.gov/Archives/edgar/data/1046311/000119312504041968/d10k.htm", "calculatedOtherExpenses": 11225000, "calculatedOperatingExpenses": 74085000, "calculatedNetInterest": -4507000, "calculatedOtherIncome": 2931000, "calculatedIncomeNonControlling": 0, "calculatedEbitda": 125208000}, {"date": "2002-12-31", "symbol": "CHH", "reportedCurrency": "USD", "cik": "0001046311", "fillingDate": "2003-03-31", "acceptedDate": "2003-03-31 13:01:45", "calendarYear": "2002", "period": "FY", "revenue": 365562000, "costOfRevenue": 193091000, "grossProfit": 172471000, "grossProfitRatio": 0.4717968498, "researchAndDevelopmentExpenses": 0, "generalAndAdministrativeExpenses": -135241000, "sellingAndMarketingExpenses": 190145000, "sellingGeneralAndAdministrativeExpenses": 54904000, "otherExpenses": 11251000, "operatingExpenses": 66155000, "costAndExpenses": 259246000, "interestIncome": -4549000, "interestExpense": 12338000, "depreciationAndAmortization": 11251000, "ebitda": 119407000, "ebitdaratio": 0.3266395304, "operatingIncome": 104700000, "operatingIncomeRatio": 0.2864083247, "totalOtherIncomeExpensesNet": -1911000, "incomeBeforeTax": 95818000, "incomeBeforeTaxRatio": 0.2621114886, "incomeTaxExpense": 34974000, "netIncome": 60844000, "netIncomeRatio": 0.166439619, "eps": 0.78, "epsdiluted": 0.76, "weightedAverageShsOut": 78666000, "weightedAverageShsOutDil": 80114000, "link": "https://www.sec.gov/Archives/edgar/data/1046311/000092838503000978/0000928385-03-000978-index.htm", "finalLink": "https://www.sec.gov/Archives/edgar/data/1046311/000092838503000978/d10k.htm", "calculatedOtherExpenses": 12867000, "calculatedOperatingExpenses": 67771000, "calculatedNetInterest": -16887000, "calculatedOtherIncome": 8005000, "calculatedIncomeNonControlling": 0, "calculatedEbitda": 115951000}, {"date": "2001-12-31", "symbol": "CHH", "reportedCurrency": "USD", "cik": "0001046311", "fillingDate": "2002-03-26", "acceptedDate": "2002-03-26 00:00:00", "calendarYear": "2001", "period": "FY", "revenue": 341428000, "costOfRevenue": 170671000, "grossProfit": 170757000, "grossProfitRatio": 0.5001259416, "researchAndDevelopmentExpenses": 0, "generalAndAdministrativeExpenses": 56075000, "sellingAndMarketingExpenses": 0, "sellingGeneralAndAdministrativeExpenses": 56075000, "otherExpenses": 12452000, "operatingExpenses": 68527000, "costAndExpenses": 239198000, "interestIncome": 0, "interestExpense": -66998000, "depreciationAndAmortization": 12452000, "ebitda": -9129000, "ebitdaratio": -0.0267377017, "operatingIncome": 73577000, "operatingIncomeRatio": 0.2154978502, "totalOtherIncomeExpensesNet": 107375000, "incomeBeforeTax": 45417000, "incomeBeforeTaxRatio": 0.1330207247, "incomeTaxExpense": 31090000, "netIncome": 14327000, "netIncomeRatio": 0.0419619949, "eps": 0.16, "epsdiluted": 0.16, "weightedAverageShsOut": 89543750, "weightedAverageShsOutDil": 89543750, "link": "https://www.sec.gov/Archives/edgar/data/1046311/000092838502001060/0000928385-02-001060-index.htm", "finalLink": "https://www.sec.gov/Archives/edgar/data/1046311/000092838502001060/d10k.txt", "calculatedOtherExpenses": 41105000, "calculatedOperatingExpenses": 97180000, "calculatedNetInterest": 66998000, "calculatedOtherIncome": -95158000, "calculatedIncomeNonControlling": 0, "calculatedEbitda": 86029000}, {"date": "2000-12-31", "symbol": "CHH", "reportedCurrency": "USD", "cik": "0001046311", "fillingDate": "2001-04-02", "acceptedDate": "2001-04-02 00:00:00", "calendarYear": "2000", "period": "FY", "revenue": 167474000, "costOfRevenue": 0, "grossProfit": 167474000, "grossProfitRatio": 1, "researchAndDevelopmentExpenses": 0, "generalAndAdministrativeExpenses": 57787000, "sellingAndMarketingExpenses": 0, "sellingGeneralAndAdministrativeExpenses": 57787000, "otherExpenses": 11623000, "operatingExpenses": 69410000, "costAndExpenses": 69410000, "interestIncome": 0, "interestExpense": 54008000, "depreciationAndAmortization": 12104000, "ebitda": 135694000, "ebitdaratio": 0.8102392013, "operatingIncome": 98064000, "operatingIncomeRatio": 0.5855476074, "totalOtherIncomeExpensesNet": -25526000, "incomeBeforeTax": 69582000, "incomeBeforeTaxRatio": 0.4154794177, "incomeTaxExpense": 27137000, "netIncome": 42445000, "netIncomeRatio": 0.2534423254, "eps": 0.4, "epsdiluted": 0.4, "weightedAverageShsOut": 105790000, "weightedAverageShsOutDil": 106506000, "link": "https://www.sec.gov/Archives/edgar/data/1046311/000092838501000963/0000928385-01-000963-index.htm", "finalLink": "https://www.sec.gov/Archives/edgar/data/1046311/000092838501000963/0000928385-01-000963-0001.txt", "calculatedOtherExpenses": 11623000, "calculatedOperatingExpenses": 69410000, "calculatedNetInterest": -54008000, "calculatedOtherIncome": 25526000, "calculatedIncomeNonControlling": 0, "calculatedEbitda": 110168000}, {"date": "1999-12-31", "symbol": "CHH", "reportedCurrency": "USD", "cik": "0001046311", "fillingDate": "2000-03-30", "acceptedDate": "2000-03-30 00:00:00", "calendarYear": "1999", "period": "FY", "revenue": 161600000, "costOfRevenue": -5700000, "grossProfit": 167300000, "grossProfitRatio": 1.0352722772, "researchAndDevelopmentExpenses": 0, "generalAndAdministrativeExpenses": 55900000, "sellingAndMarketingExpenses": 0, "sellingGeneralAndAdministrativeExpenses": 55900000, "otherExpenses": 17600000, "operatingExpenses": 73500000, "costAndExpenses": 67800000, "interestIncome": 0, "interestExpense": -600000, "depreciationAndAmortization": 17600000, "ebitda": 111500000, "ebitdaratio": 0.6899752475, "operatingIncome": 93800000, "operatingIncomeRatio": 0.5804455446, "totalOtherIncomeExpensesNet": -100000, "incomeBeforeTax": 94500000, "incomeBeforeTaxRatio": 0.5847772277, "incomeTaxExpense": 37300000, "netIncome": 57200000, "netIncomeRatio": 0.353960396, "eps": 0.52, "epsdiluted": 0.52, "weightedAverageShsOut": 109718000, "weightedAverageShsOutDil": 111334000, "link": "https://www.sec.gov/Archives/edgar/data/1046311/000092838500001015/0000928385-00-001015-index.html", "finalLink": "https://www.sec.gov/Archives/edgar/data/1046311/000092838500001015/", "calculatedOtherExpenses": 17600000, "calculatedOperatingExpenses": 73500000, "calculatedNetInterest": 600000, "calculatedOtherIncome": 100000, "calculatedIncomeNonControlling": 0, "calculatedEbitda": 111400000}, {"date": "1998-12-31", "symbol": "CHH", "reportedCurrency": "USD", "cik": "0001046311", "fillingDate": "1999-03-29", "acceptedDate": "1999-03-29 00:00:00", "calendarYear": "1998", "period": "FY", "revenue": 165400000, "costOfRevenue": 15400000, "grossProfit": 150000000, "grossProfitRatio": 0.9068923821, "researchAndDevelopmentExpenses": 0, "generalAndAdministrativeExpenses": 50700000, "sellingAndMarketingExpenses": 0, "sellingGeneralAndAdministrativeExpenses": 50700000, "otherExpenses": 12500000, "operatingExpenses": 63200000, "costAndExpenses": 78600000, "interestIncome": 0, "interestExpense": -17800000, "depreciationAndAmortization": 12500000, "ebitda": 84300000, "ebitdaratio": 0.5096735187, "operatingIncome": 86800000, "operatingIncomeRatio": 0.5247883918, "totalOtherIncomeExpensesNet": 15000000, "incomeBeforeTax": 82400000, "incomeBeforeTaxRatio": 0.4981862152, "incomeTaxExpense": 34300000, "netIncome": 55300000, "netIncomeRatio": 0.3343409915, "eps": 0.47, "epsdiluted": 0.47, "weightedAverageShsOut": 117434000, "weightedAverageShsOutDil": 119096000, "link": "https://www.sec.gov/Archives/edgar/data/1046311/000102140899000563/0001021408-99-000563-index.html", "finalLink": "https://www.sec.gov/Archives/edgar/data/1046311/", "calculatedOtherExpenses": 12500000, "calculatedOperatingExpenses": 63200000, "calculatedNetInterest": 17800000, "calculatedOtherIncome": -22200000, "calculatedIncomeNonControlling": -7200000, "calculatedEbitda": 99300000}, {"date": "1997-12-31", "symbol": "CHH", "reportedCurrency": "USD", "cik": "0001046311", "fillingDate": "1998-03-31", "acceptedDate": "1998-03-31 00:00:00", "calendarYear": "1997", "period": "FY", "revenue": 101200000, "costOfRevenue": 92300000, "grossProfit": 8900000, "grossProfitRatio": 0.087944664, "researchAndDevelopmentExpenses": 0, "generalAndAdministrativeExpenses": 0, "sellingAndMarketingExpenses": 0, "sellingGeneralAndAdministrativeExpenses": 29500000, "otherExpenses": 6200000, "operatingExpenses": 35700000, "costAndExpenses": 128000000, "interestIncome": 0, "interestExpense": -155100000, "depreciationAndAmortization": 6200000, "ebitda": -102500000, "ebitdaratio": -1.0128458498, "operatingIncome": -26800000, "operatingIncomeRatio": -0.2648221344, "totalOtherIncomeExpensesNet": 81900000, "incomeBeforeTax": 46400000, "incomeBeforeTaxRatio": 0.4584980237, "incomeTaxExpense": 19100000, "netIncome": 27300000, "netIncomeRatio": 0.2697628458, "eps": 0.23, "epsdiluted": 0.23, "weightedAverageShsOut": 118695652, "weightedAverageShsOutDil": 121333333, "link": "https://www.sec.gov/Archives/edgar/data/1046311/000094018098000355/0000940180-98-000355-index.html", "finalLink": "https://www.sec.gov/Archives/edgar/data/1046311/", "calculatedOtherExpenses": 6200000, "calculatedOperatingExpenses": 35700000, "calculatedNetInterest": 155100000, "calculatedOtherIncome": -81900000, "calculatedIncomeNonControlling": 0, "calculatedEbitda": -20600000}, {"date": "1996-12-31", "symbol": "CHH", "reportedCurrency": "USD", "cik": "0001046311", "fillingDate": "1997-05-31", "acceptedDate": "1997-05-30 20:00:00", "calendarYear": "1996", "period": "FY", "revenue": 430000000, "costOfRevenue": 247100000, "grossProfit": 182900000, "grossProfitRatio": 0.4253488372, "researchAndDevelopmentExpenses": 0, "generalAndAdministrativeExpenses": 0, "sellingAndMarketingExpenses": 0, "sellingGeneralAndAdministrativeExpenses": 55100000, "otherExpenses": 0, "operatingExpenses": 84900000, "costAndExpenses": 332000000, "interestIncome": 0, "interestExpense": 0, "depreciationAndAmortization": 29800000, "ebitda": 127800000, "ebitdaratio": 0.2972093023, "operatingIncome": 98000000, "operatingIncomeRatio": 0.2279069767, "totalOtherIncomeExpensesNet": -25800000, "incomeBeforeTax": 72200000, "incomeBeforeTaxRatio": 0.1679069767, "incomeTaxExpense": 30200000, "netIncome": 40900000, "netIncomeRatio": 0.0951162791, "eps": 0.28, "epsdiluted": 0.28, "weightedAverageShsOut": 126181818, "weightedAverageShsOutDil": 126181818, "link": null, "finalLink": null, "calculatedOtherExpenses": 29800000, "calculatedOperatingExpenses": 84900000, "calculatedNetInterest": 0, "calculatedOtherIncome": -25800000, "calculatedIncomeNonControlling": 1100000, "calculatedEbitda": 127800000}]}