{"originalCurrency": "USD", "convertedCurrency": "USD", "report": [{"date": "2023-12-31", "symbol": "CHKEL", "reportedCurrency": "USD", "cik": "0000895126", "fillingDate": "2024-02-21", "acceptedDate": "2024-02-21 08:06:21", "calendarYear": "2023", "period": "FY", "revenue": 7775000000, "costOfRevenue": 2736000000, "grossProfit": 5039000000, "grossProfitRatio": 0.6481028939, "researchAndDevelopmentExpenses": 0, "generalAndAdministrativeExpenses": 127000000, "sellingAndMarketingExpenses": 2499000000, "sellingGeneralAndAdministrativeExpenses": 2626000000, "otherExpenses": 79000000, "operatingExpenses": 2671000000, "costAndExpenses": 5407000000, "interestIncome": 9000000, "interestExpense": 112000000, "depreciationAndAmortization": 1527000000, "ebitda": 3982000000, "ebitdaratio": 0.5121543408, "operatingIncome": 3142000000, "operatingIncomeRatio": 0.4041157556, "totalOtherIncomeExpensesNet": 853000000, "incomeBeforeTax": 3117000000, "incomeBeforeTaxRatio": 0.4009003215, "incomeTaxExpense": 698000000, "netIncome": 2419000000, "netIncomeRatio": 0.3111254019, "eps": 18.21, "epsdiluted": 16.92, "weightedAverageShsOut": 132840000, "weightedAverageShsOutDil": 142976000, "link": "https://www.sec.gov/Archives/edgar/data/895126/000089512624000013/0000895126-24-000013-index.htm", "finalLink": "https://www.sec.gov/Archives/edgar/data/895126/000089512624000013/chk-20231231.htm", "calculatedOtherExpenses": -729000000, "calculatedOperatingExpenses": 1897000000, "calculatedNetInterest": -103000000, "calculatedOtherIncome": 78000000, "calculatedIncomeNonControlling": 0, "calculatedEbitda": 4669000000}, {"date": "2022-12-31", "symbol": "CHKEL", "reportedCurrency": "USD", "cik": "0000895126", "fillingDate": "2023-02-22", "acceptedDate": "2023-02-22 07:47:25", "calendarYear": "2022", "period": "FY", "revenue": 11443000000, "costOfRevenue": 7744000000, "grossProfit": 3699000000, "grossProfitRatio": 0.3232543913, "researchAndDevelopmentExpenses": 0, "generalAndAdministrativeExpenses": 142000000, "sellingAndMarketingExpenses": 4231000000, "sellingGeneralAndAdministrativeExpenses": 142000000, "otherExpenses": 72000000, "operatingExpenses": 214000000, "costAndExpenses": 7958000000, "interestIncome": 3000000, "interestExpense": 160000000, "depreciationAndAmortization": 1494000000, "ebitda": 5274000000, "ebitdaratio": 0.4608931224, "operatingIncome": 3780000000, "operatingIncomeRatio": 0.3303329546, "totalOtherIncomeExpensesNet": -129000000, "incomeBeforeTax": 3651000000, "incomeBeforeTaxRatio": 0.3190596871, "incomeTaxExpense": -1285000000, "netIncome": 4936000000, "netIncomeRatio": 0.4313554138, "eps": 38.71, "epsdiluted": 33.36, "weightedAverageShsOut": 125785000, "weightedAverageShsOutDil": 145961000, "link": "https://www.sec.gov/Archives/edgar/data/895126/000089512623000022/0000895126-23-000022-index.htm", "finalLink": "https://www.sec.gov/Archives/edgar/data/895126/000089512623000022/chk-20221231.htm", "calculatedOtherExpenses": -223000000, "calculatedOperatingExpenses": -81000000, "calculatedNetInterest": -157000000, "calculatedOtherIncome": 28000000, "calculatedIncomeNonControlling": 0, "calculatedEbitda": 5274000000}, {"date": "2021-12-31", "symbol": "CHKEL", "reportedCurrency": "USD", "cik": "0000895126", "fillingDate": "2022-02-24", "acceptedDate": "2022-02-24 17:20:03", "calendarYear": "2021", "period": "FY", "revenue": 7301000000, "costOfRevenue": 4881000000, "grossProfit": 2420000000, "grossProfitRatio": 0.3314614436, "researchAndDevelopmentExpenses": 0, "generalAndAdministrativeExpenses": 118000000, "sellingAndMarketingExpenses": 1869000, "sellingGeneralAndAdministrativeExpenses": 118000000, "otherExpenses": 23000000, "operatingExpenses": 95000000, "costAndExpenses": 4976000000, "interestIncome": 84000000, "interestExpense": 95000000, "depreciationAndAmortization": 995000000, "ebitda": 3320000000, "ebitdaratio": 0.4547322285, "operatingIncome": 2325000000, "operatingIncomeRatio": 0.3184495275, "totalOtherIncomeExpensesNet": 3897000000, "incomeBeforeTax": 6222000000, "incomeBeforeTaxRatio": 0.8522120257, "incomeTaxExpense": -106000000, "netIncome": 6328000000, "netIncomeRatio": 0.8667305849, "eps": 53.66, "epsdiluted": 53.66, "weightedAverageShsOut": 117917349, "weightedAverageShsOutDil": 117917349, "link": "https://www.sec.gov/Archives/edgar/data/895126/000089512622000029/0000895126-22-000029-index.htm", "finalLink": "https://www.sec.gov/Archives/edgar/data/895126/000089512622000029/chk-20211231.htm", "calculatedOtherExpenses": -23000000, "calculatedOperatingExpenses": 95000000, "calculatedNetInterest": -11000000, "calculatedOtherIncome": 3908000000, "calculatedIncomeNonControlling": 0, "calculatedEbitda": 3320000000}, {"date": "2020-12-31", "symbol": "CHKEL", "reportedCurrency": "USD", "cik": "0000895126", "fillingDate": "2021-03-01", "acceptedDate": "2021-03-01 16:42:00", "calendarYear": "2020", "period": "FY", "revenue": 5210000000, "costOfRevenue": 4590000000, "grossProfit": 620000000, "grossProfitRatio": 0.1190019194, "researchAndDevelopmentExpenses": 0, "generalAndAdministrativeExpenses": 311000000, "sellingAndMarketingExpenses": 1869000000, "sellingGeneralAndAdministrativeExpenses": 311000000, "otherExpenses": 507000000, "operatingExpenses": 818000000, "costAndExpenses": 5408000000, "interestIncome": 87000000, "interestExpense": 418000000, "depreciationAndAmortization": 1097000000, "ebitda": 1002000000, "ebitdaratio": 0.1923224568, "operatingIncome": -95000000, "operatingIncomeRatio": -0.0182341651, "totalOtherIncomeExpensesNet": -9674000000, "incomeBeforeTax": -9769000000, "incomeBeforeTaxRatio": -1.8750479846, "incomeTaxExpense": -19000000, "netIncome": -9750000000, "netIncomeRatio": -1.8714011516, "eps": -997.65, "epsdiluted": -997.65, "weightedAverageShsOut": 9773000, "weightedAverageShsOutDil": 9773000, "link": "https://www.sec.gov/Archives/edgar/data/895126/000089512621000078/0000895126-21-000078-index.htm", "finalLink": "https://www.sec.gov/Archives/edgar/data/895126/000089512621000078/chk-20201231.htm", "calculatedOtherExpenses": 404000000, "calculatedOperatingExpenses": 715000000, "calculatedNetInterest": -331000000, "calculatedOtherIncome": -9343000000, "calculatedIncomeNonControlling": 0, "calculatedEbitda": 1002000000}, {"date": "2019-12-31", "symbol": "CHKEL", "reportedCurrency": "USD", "cik": "0000895126", "fillingDate": "2020-02-27", "acceptedDate": "2020-02-27 08:36:49", "calendarYear": "2019", "period": "FY", "revenue": 8489000000, "costOfRevenue": 8093000000, "grossProfit": 396000000, "grossProfitRatio": 0.0466486041, "researchAndDevelopmentExpenses": 0, "generalAndAdministrativeExpenses": 315000000, "sellingAndMarketingExpenses": 3967000000, "sellingGeneralAndAdministrativeExpenses": 315000000, "otherExpenses": 132000000, "operatingExpenses": 447000000, "costAndExpenses": 8540000000, "interestIncome": 5000000, "interestExpense": 657000000, "depreciationAndAmortization": 2264000000, "ebitda": 2248000000, "ebitdaratio": 0.2648132878, "operatingIncome": -16000000, "operatingIncomeRatio": -0.0018847921, "totalOtherIncomeExpensesNet": -623000000, "incomeBeforeTax": -639000000, "incomeBeforeTaxRatio": -0.0752738838, "incomeTaxExpense": -331000000, "netIncome": -308000000, "netIncomeRatio": -0.0362822476, "eps": -37, "epsdiluted": -37, "weightedAverageShsOut": 8324999, "weightedAverageShsOutDil": 8324999, "link": "https://www.sec.gov/Archives/edgar/data/895126/000089512620000061/0000895126-20-000061-index.htm", "finalLink": "https://www.sec.gov/Archives/edgar/data/895126/000089512620000061/chk-2019123110k.htm", "calculatedOtherExpenses": 97000000, "calculatedOperatingExpenses": 412000000, "calculatedNetInterest": -652000000, "calculatedOtherIncome": 29000000, "calculatedIncomeNonControlling": 0, "calculatedEbitda": 2248000000}, {"date": "2018-12-31", "symbol": "CHKEL", "reportedCurrency": "USD", "cik": "0000895126", "fillingDate": "2019-02-27", "acceptedDate": "2019-02-27 08:50:42", "calendarYear": "2018", "period": "FY", "revenue": 10231000000, "costOfRevenue": 8364000000, "grossProfit": 1867000000, "grossProfitRatio": 0.1824846056, "researchAndDevelopmentExpenses": 0, "generalAndAdministrativeExpenses": 280000000, "sellingAndMarketingExpenses": 5076000000, "sellingGeneralAndAdministrativeExpenses": 280000000, "otherExpenses": 70000000, "operatingExpenses": 316000000, "costAndExpenses": 8680000000, "interestIncome": 0, "interestExpense": 487000000, "depreciationAndAmortization": 1145000000, "ebitda": 1621000000, "ebitdaratio": 0.1584400352, "operatingIncome": 882000000, "operatingIncomeRatio": 0.0862085818, "totalOtherIncomeExpensesNet": -197000000, "incomeBeforeTax": 867000000, "incomeBeforeTaxRatio": 0.0847424494, "incomeTaxExpense": -10000000, "netIncome": 873000000, "netIncomeRatio": 0.0853289024, "eps": 192.08, "epsdiluted": 192.04, "weightedAverageShsOut": 4545000, "weightedAverageShsOutDil": 4546000, "link": "https://www.sec.gov/Archives/edgar/data/895126/000089512619000070/0000895126-19-000070-index.htm", "finalLink": "https://www.sec.gov/Archives/edgar/data/895126/000089512619000070/chk-20181231_10k.htm", "calculatedOtherExpenses": 705000000, "calculatedOperatingExpenses": 985000000, "calculatedNetInterest": -487000000, "calculatedOtherIncome": 472000000, "calculatedIncomeNonControlling": 4000000, "calculatedEbitda": 2027000000}, {"date": "2017-12-31", "symbol": "CHKEL", "reportedCurrency": "USD", "cik": "0000895126", "fillingDate": "2018-02-22", "acceptedDate": "2018-02-22 09:19:08", "calendarYear": "2017", "period": "FY", "revenue": 9496000000, "costOfRevenue": 7715000000, "grossProfit": 1781000000, "grossProfitRatio": 0.1875526537, "researchAndDevelopmentExpenses": 0, "generalAndAdministrativeExpenses": 262000000, "sellingAndMarketingExpenses": 4511000000, "sellingGeneralAndAdministrativeExpenses": 262000000, "otherExpenses": 9000000, "operatingExpenses": 224000000, "costAndExpenses": 7939000000, "interestIncome": 138000000, "interestExpense": 426000000, "depreciationAndAmortization": 995000000, "ebitda": 1566000000, "ebitdaratio": 0.1649115417, "operatingIncome": 1139000000, "operatingIncomeRatio": 0.1199452401, "totalOtherIncomeExpensesNet": -176000000, "incomeBeforeTax": 955000000, "incomeBeforeTaxRatio": 0.1005686605, "incomeTaxExpense": 2000000, "netIncome": 949000000, "netIncomeRatio": 0.0999368155, "eps": -140, "epsdiluted": -140, "weightedAverageShsOut": 4507142, "weightedAverageShsOutDil": 4530000, "link": "https://www.sec.gov/Archives/edgar/data/895126/000089512618000060/0000895126-18-000060-index.htm", "finalLink": "https://www.sec.gov/Archives/edgar/data/895126/000089512618000060/chk-20171231_10k.htm", "calculatedOtherExpenses": 380000000, "calculatedOperatingExpenses": 642000000, "calculatedNetInterest": -288000000, "calculatedOtherIncome": 104000000, "calculatedIncomeNonControlling": 4000000, "calculatedEbitda": 2134000000}, {"date": "2016-12-31", "symbol": "CHKEL", "reportedCurrency": "USD", "cik": "0000895126", "fillingDate": "2017-03-03", "acceptedDate": "2017-03-03 08:25:29", "calendarYear": "2016", "period": "FY", "revenue": 7872000000, "costOfRevenue": 8523000000, "grossProfit": -651000000, "grossProfitRatio": -0.0826981707, "researchAndDevelopmentExpenses": 0, "generalAndAdministrativeExpenses": 240000000, "sellingAndMarketingExpenses": 4584000000, "sellingGeneralAndAdministrativeExpenses": 240000000, "otherExpenses": 19000000, "operatingExpenses": 363000000, "costAndExpenses": 8886000000, "interestIncome": -286000000, "interestExpense": 286000000, "depreciationAndAmortization": 1107000000, "ebitda": -995000000, "ebitdaratio": -0.1263973577, "operatingIncome": -4366000000, "operatingIncomeRatio": -0.5546239837, "totalOtherIncomeExpensesNet": -3244000000, "incomeBeforeTax": -4544000000, "incomeBeforeTaxRatio": -0.5772357724, "incomeTaxExpense": -190000000, "netIncome": -4356000000, "netIncomeRatio": -0.5533536585, "eps": -1140.31, "epsdiluted": -1140.31, "weightedAverageShsOut": 3820000, "weightedAverageShsOutDil": 3820000, "link": "https://www.sec.gov/Archives/edgar/data/895126/000089512617000068/0000895126-17-000068-index.htm", "finalLink": "https://www.sec.gov/Archives/edgar/data/895126/000089512617000068/chk-20161231_10k.htm", "calculatedOtherExpenses": 3475000000, "calculatedOperatingExpenses": 3715000000, "calculatedNetInterest": -572000000, "calculatedOtherIncome": 394000000, "calculatedIncomeNonControlling": 2000000, "calculatedEbitda": -3259000000}, {"date": "2015-12-31", "symbol": "CHKEL", "reportedCurrency": "USD", "cik": "0000895126", "fillingDate": "2016-02-25", "acceptedDate": "2016-02-25 08:59:17", "calendarYear": "2015", "period": "FY", "revenue": 12764000000, "costOfRevenue": 12623000000, "grossProfit": 141000000, "grossProfitRatio": 0.0110466938, "researchAndDevelopmentExpenses": 0, "generalAndAdministrativeExpenses": 235000000, "sellingAndMarketingExpenses": 7373000000, "sellingGeneralAndAdministrativeExpenses": 235000000, "otherExpenses": 8000000, "operatingExpenses": 588000000, "costAndExpenses": 13211000000, "interestIncome": -329000000, "interestExpense": 329000000, "depreciationAndAmortization": 2229000000, "ebitda": -439000000, "ebitdaratio": -0.034393607, "operatingIncome": -18919000000, "operatingIncomeRatio": -1.4822156064, "totalOtherIncomeExpensesNet": -18322000000, "incomeBeforeTax": -19098000000, "incomeBeforeTaxRatio": -1.4962394234, "incomeTaxExpense": -4463000000, "netIncome": -14685000000, "netIncomeRatio": -1.1505014102, "eps": -4436.56, "epsdiluted": -4436.56, "weightedAverageShsOut": 3310000, "weightedAverageShsOutDil": 3310000, "link": "https://www.sec.gov/Archives/edgar/data/895126/000089512616000395/0000895126-16-000395-index.htm", "finalLink": "https://www.sec.gov/Archives/edgar/data/895126/000089512616000395/chk-20151231_10k.htm", "calculatedOtherExpenses": 18825000000, "calculatedOperatingExpenses": 19060000000, "calculatedNetInterest": -658000000, "calculatedOtherIncome": 479000000, "calculatedIncomeNonControlling": 50000000, "calculatedEbitda": -16690000000}, {"date": "2014-12-31", "symbol": "CHKEL", "reportedCurrency": "USD", "cik": "0000895126", "fillingDate": "2015-02-27", "acceptedDate": "2015-02-27 09:08:37", "calendarYear": "2014", "period": "FY", "revenue": 20951000000, "costOfRevenue": 17022000000, "grossProfit": 3929000000, "grossProfitRatio": 0.1875328147, "researchAndDevelopmentExpenses": 0, "generalAndAdministrativeExpenses": 322000000, "sellingAndMarketingExpenses": 12225000000, "sellingGeneralAndAdministrativeExpenses": 322000000, "otherExpenses": 22000000, "operatingExpenses": 556000000, "costAndExpenses": 17578000000, "interestIncome": -173000000, "interestExpense": 173000000, "depreciationAndAmortization": 2915000000, "ebitda": 3395000000, "ebitdaratio": 0.1620447711, "operatingIncome": 3477000000, "operatingIncomeRatio": 0.1659586655, "totalOtherIncomeExpensesNet": -277000000, "incomeBeforeTax": 3200000000, "incomeBeforeTaxRatio": 0.1527373395, "incomeTaxExpense": 1144000000, "netIncome": 1917000000, "netIncomeRatio": 0.0914992124, "eps": 386, "epsdiluted": 374, "weightedAverageShsOut": 3295000, "weightedAverageShsOutDil": 3860000, "link": "https://www.sec.gov/Archives/edgar/data/895126/000089512615000076/0000895126-15-000076-index.htm", "finalLink": "https://www.sec.gov/Archives/edgar/data/895126/000089512615000076/chk-20141231_10k.htm", "calculatedOtherExpenses": 130000000, "calculatedOperatingExpenses": 452000000, "calculatedNetInterest": -346000000, "calculatedOtherIncome": 69000000, "calculatedIncomeNonControlling": 139000000, "calculatedEbitda": 6392000000}, {"date": "2013-12-31", "symbol": "CHKEL", "reportedCurrency": "USD", "cik": "0000895126", "fillingDate": "2014-02-27", "acceptedDate": "2014-02-26 21:36:02", "calendarYear": "2013", "period": "FY", "revenue": 17506000000, "costOfRevenue": 14488000000, "grossProfit": 3018000000, "grossProfitRatio": 0.172398035, "researchAndDevelopmentExpenses": 0, "generalAndAdministrativeExpenses": 457000000, "sellingAndMarketingExpenses": 9461000000, "sellingGeneralAndAdministrativeExpenses": 457000000, "otherExpenses": 26000000, "operatingExpenses": 457000000, "costAndExpenses": 14945000000, "interestIncome": -169000000, "interestExpense": 169000000, "depreciationAndAmortization": 2903000000, "ebitda": 2587000000, "ebitdaratio": 0.1477779047, "operatingIncome": 2069000000, "operatingIncomeRatio": 0.1181880498, "totalOtherIncomeExpensesNet": -950000000, "incomeBeforeTax": 1442000000, "incomeBeforeTaxRatio": 0.0823717583, "incomeTaxExpense": 548000000, "netIncome": 724000000, "netIncomeRatio": 0.0413572489, "eps": 146, "epsdiluted": 146, "weightedAverageShsOut": 3265000, "weightedAverageShsOutDil": 3265000, "link": "https://www.sec.gov/Archives/edgar/data/895126/000089512614000104/0000895126-14-000104-index.htm", "finalLink": "https://www.sec.gov/Archives/edgar/data/895126/000089512614000104/chk-20131231_10xk.htm", "calculatedOtherExpenses": 492000000, "calculatedOperatingExpenses": 949000000, "calculatedNetInterest": -338000000, "calculatedOtherIncome": -289000000, "calculatedIncomeNonControlling": 170000000, "calculatedEbitda": 4972000000}, {"date": "2012-12-31", "symbol": "CHKEL", "reportedCurrency": "USD", "cik": "0000895126", "fillingDate": "2013-03-01", "acceptedDate": "2013-03-01 07:27:43", "calendarYear": "2012", "period": "FY", "revenue": 12316000000, "costOfRevenue": 10080000000, "grossProfit": 2236000000, "grossProfitRatio": 0.1815524521, "researchAndDevelopmentExpenses": 0, "generalAndAdministrativeExpenses": 542000000, "sellingAndMarketingExpenses": 5431000000, "sellingGeneralAndAdministrativeExpenses": 542000000, "otherExpenses": 8000000, "operatingExpenses": 542000000, "costAndExpenses": 10622000000, "interestIncome": 0, "interestExpense": 77000000, "depreciationAndAmortization": 2811000000, "ebitda": 1702000000, "ebitdaratio": 0.1381942189, "operatingIncome": -1694000000, "operatingIncomeRatio": -0.1375446574, "totalOtherIncomeExpensesNet": -2591000000, "incomeBeforeTax": -974000000, "incomeBeforeTaxRatio": -0.0790841182, "incomeTaxExpense": -380000000, "netIncome": -769000000, "netIncomeRatio": -0.0624391036, "eps": -239.19, "epsdiluted": -239.19, "weightedAverageShsOut": 3215000, "weightedAverageShsOutDil": 3215000, "link": "https://www.sec.gov/Archives/edgar/data/895126/000089512613000076/0000895126-13-000076-index.htm", "finalLink": "https://www.sec.gov/Archives/edgar/data/895126/000089512613000076/chk-2012123110k.htm", "calculatedOtherExpenses": 3388000000, "calculatedOperatingExpenses": 3930000000, "calculatedNetInterest": -77000000, "calculatedOtherIncome": 797000000, "calculatedIncomeNonControlling": 175000000, "calculatedEbitda": 1117000000}, {"date": "2011-12-31", "symbol": "CHKEL", "reportedCurrency": "USD", "cik": "0000895126", "fillingDate": "2012-02-29", "acceptedDate": "2012-02-29 17:17:22", "calendarYear": "2011", "period": "FY", "revenue": 11635000000, "costOfRevenue": 1667000000, "grossProfit": 9968000000, "grossProfitRatio": 0.8567253975, "researchAndDevelopmentExpenses": 0, "generalAndAdministrativeExpenses": 548000000, "sellingAndMarketingExpenses": 4967000000, "sellingGeneralAndAdministrativeExpenses": 5515000000, "otherExpenses": 1923000000, "operatingExpenses": 7438000000, "costAndExpenses": 9105000000, "interestIncome": 0, "interestExpense": 44000000, "depreciationAndAmortization": 1923000000, "ebitda": 4453000000, "ebitdaratio": 0.382724538, "operatingIncome": 2921000000, "operatingIncomeRatio": 0.2510528578, "totalOtherIncomeExpensesNet": 394000000, "incomeBeforeTax": 2880000000, "incomeBeforeTaxRatio": 0.2475290073, "incomeTaxExpense": 1123000000, "netIncome": 1742000000, "netIncomeRatio": 0.1497206704, "eps": 494, "epsdiluted": 464, "weightedAverageShsOut": 3185000, "weightedAverageShsOutDil": 3760000, "link": "https://www.sec.gov/Archives/edgar/data/895126/000119312512089591/0001193125-12-089591-index.htm", "finalLink": "https://www.sec.gov/Archives/edgar/data/895126/000119312512089591/d270087d10k.htm", "calculatedOtherExpenses": 1532000000, "calculatedOperatingExpenses": 7047000000, "calculatedNetInterest": -44000000, "calculatedOtherIncome": 3000000, "calculatedIncomeNonControlling": 15000000, "calculatedEbitda": 4844000000}, {"date": "2010-12-31", "symbol": "CHKEL", "reportedCurrency": "USD", "cik": "0000895126", "fillingDate": "2011-03-01", "acceptedDate": "2011-03-01 17:12:04", "calendarYear": "2010", "period": "FY", "revenue": 9366000000, "costOfRevenue": 1258000000, "grossProfit": 8108000000, "grossProfitRatio": 0.8656843903, "researchAndDevelopmentExpenses": 0, "generalAndAdministrativeExpenses": 453000000, "sellingAndMarketingExpenses": 3479000000, "sellingGeneralAndAdministrativeExpenses": 3805000000, "otherExpenses": 1614000000, "operatingExpenses": 5282000000, "costAndExpenses": 6540000000, "interestIncome": 0, "interestExpense": 19000000, "depreciationAndAmortization": 1614000000, "ebitda": 4667000000, "ebitdaratio": 0.4982916934, "operatingIncome": 2805000000, "operatingIncomeRatio": 0.299487508, "totalOtherIncomeExpensesNet": 77000000, "incomeBeforeTax": 2884000000, "incomeBeforeTaxRatio": 0.307922272, "incomeTaxExpense": 1110000000, "netIncome": 1774000000, "netIncomeRatio": 0.1894084988, "eps": 526, "epsdiluted": 502, "weightedAverageShsOut": 3155000, "weightedAverageShsOutDil": 3530000, "link": "https://www.sec.gov/Archives/edgar/data/895126/000119312511052349/0001193125-11-052349-index.htm", "finalLink": "https://www.sec.gov/Archives/edgar/data/895126/000119312511052349/d10k.htm", "calculatedOtherExpenses": 1498000000, "calculatedOperatingExpenses": 5303000000, "calculatedNetInterest": -19000000, "calculatedOtherIncome": 98000000, "calculatedIncomeNonControlling": 0, "calculatedEbitda": 4419000000}, {"date": "2009-12-31", "symbol": "CHKEL", "reportedCurrency": "USD", "cik": "0000895126", "fillingDate": "2010-03-01", "acceptedDate": "2010-03-01 16:42:14", "calendarYear": "2009", "period": "FY", "revenue": 7702000000, "costOfRevenue": 1165000000, "grossProfit": 6537000000, "grossProfitRatio": 0.8487405869, "researchAndDevelopmentExpenses": 0, "generalAndAdministrativeExpenses": 349000000, "sellingAndMarketingExpenses": 2463000000, "sellingGeneralAndAdministrativeExpenses": 2665000000, "otherExpenses": 1653000000, "operatingExpenses": 4318000000, "costAndExpenses": 5483000000, "interestIncome": 0, "interestExpense": 113000000, "depreciationAndAmortization": 1615000000, "ebitda": 3834000000, "ebitdaratio": 0.4977927811, "operatingIncome": -8945000000, "operatingIncomeRatio": -1.1613866528, "totalOtherIncomeExpensesNet": -11394000000, "incomeBeforeTax": -9288000000, "incomeBeforeTaxRatio": -1.2059205401, "incomeTaxExpense": -3483000000, "netIncome": -5830000000, "netIncomeRatio": -0.7569462477, "eps": -1905.23, "epsdiluted": -1905.23, "weightedAverageShsOut": 3060000, "weightedAverageShsOutDil": 3060000, "link": "https://www.sec.gov/Archives/edgar/data/895126/000119312510044784/0001193125-10-044784-index.htm", "finalLink": "https://www.sec.gov/Archives/edgar/data/895126/000119312510044784/d10k.htm", "calculatedOtherExpenses": 12817000000, "calculatedOperatingExpenses": 15482000000, "calculatedNetInterest": -113000000, "calculatedOtherIncome": -230000000, "calculatedIncomeNonControlling": 25000000, "calculatedEbitda": -7330000000}, {"date": "2008-12-31", "symbol": "CHKEL", "reportedCurrency": "USD", "cik": "0000895126", "fillingDate": "2009-03-02", "acceptedDate": "2009-03-02 17:15:17", "calendarYear": "2008", "period": "FY", "revenue": 11629000000, "costOfRevenue": 4537000000, "grossProfit": 7092000000, "grossProfitRatio": 0.6098546737, "researchAndDevelopmentExpenses": 0, "generalAndAdministrativeExpenses": 377000000, "sellingAndMarketingExpenses": 3598000000, "sellingGeneralAndAdministrativeExpenses": 377000000, "otherExpenses": 2251000000, "operatingExpenses": 2628000000, "costAndExpenses": 7165000000, "interestIncome": 0, "interestExpense": 268000000, "depreciationAndAmortization": 2147000000, "ebitda": 9564000000, "ebitdaratio": 0.8224266919, "operatingIncome": 1454000000, "operatingIncomeRatio": 0.125032247, "totalOtherIncomeExpensesNet": -2953000000, "incomeBeforeTax": 1186000000, "incomeBeforeTaxRatio": 0.1019864133, "incomeTaxExpense": 463000000, "netIncome": 723000000, "netIncomeRatio": 0.0621721558, "eps": 188, "epsdiluted": 186, "weightedAverageShsOut": 2680000, "weightedAverageShsOutDil": 2725000, "link": "https://www.sec.gov/Archives/edgar/data/895126/000119312509042739/0001193125-09-042739-index.htm", "finalLink": "https://www.sec.gov/Archives/edgar/data/895126/000119312509042739/d10k.htm", "calculatedOtherExpenses": 5261000000, "calculatedOperatingExpenses": 5638000000, "calculatedNetInterest": -268000000, "calculatedOtherIncome": 0, "calculatedIncomeNonControlling": 0, "calculatedEbitda": 3601000000}, {"date": "2007-12-31", "symbol": "CHKEL", "reportedCurrency": "USD", "cik": "0000895126", "fillingDate": "2008-02-29", "acceptedDate": "2008-02-29 16:40:09", "calendarYear": "2007", "period": "FY", "revenue": 7800000000, "costOfRevenue": 2919000000, "grossProfit": 4881000000, "grossProfitRatio": 0.6257692308, "researchAndDevelopmentExpenses": 0, "generalAndAdministrativeExpenses": 243000000, "sellingAndMarketingExpenses": 2040000000, "sellingGeneralAndAdministrativeExpenses": 243000000, "otherExpenses": 1989000000, "operatingExpenses": 2232000000, "costAndExpenses": 5151000000, "interestIncome": 15000000, "interestExpense": 406000000, "depreciationAndAmortization": 1971000000, "ebitda": 4653000000, "ebitdaratio": 0.5965384615, "operatingIncome": 2649000000, "operatingIncomeRatio": 0.3396153846, "totalOtherIncomeExpensesNet": 83000000, "incomeBeforeTax": 2341000000, "incomeBeforeTaxRatio": 0.3001282051, "incomeTaxExpense": 890000000, "netIncome": 1451000000, "netIncomeRatio": 0.186025641, "eps": 538, "epsdiluted": 524, "weightedAverageShsOut": 2280000, "weightedAverageShsOutDil": 2435000, "link": "https://www.sec.gov/Archives/edgar/data/895126/000119312508043772/0001193125-08-043772-index.htm", "finalLink": "https://www.sec.gov/Archives/edgar/data/895126/000119312508043772/d10k.htm", "calculatedOtherExpenses": 1989000000, "calculatedOperatingExpenses": 2232000000, "calculatedNetInterest": -391000000, "calculatedOtherIncome": 83000000, "calculatedIncomeNonControlling": 0, "calculatedEbitda": 4620000000}, {"date": "2006-12-31", "symbol": "CHKEL", "reportedCurrency": "USD", "cik": "0000895126", "fillingDate": "2007-03-01", "acceptedDate": "2007-03-01 13:19:46", "calendarYear": "2006", "period": "FY", "revenue": 7325595000, "costOfRevenue": 2255709000, "grossProfit": 5069886000, "grossProfitRatio": 0.6920783909, "researchAndDevelopmentExpenses": 0, "generalAndAdministrativeExpenses": 193905000, "sellingAndMarketingExpenses": 1576391000, "sellingGeneralAndAdministrativeExpenses": 193905000, "otherExpenses": 1462759000, "operatingExpenses": 1656664000, "costAndExpenses": 3912373000, "interestIncome": 25463000, "interestExpense": 300722000, "depreciationAndAmortization": 1449442000, "ebitda": 4901444000, "ebitdaratio": 0.6690847638, "operatingIncome": 3413222000, "operatingIncomeRatio": 0.4659310268, "totalOtherIncomeExpensesNet": 117396000, "incomeBeforeTax": 3255359000, "incomeBeforeTaxRatio": 0.4443815144, "incomeTaxExpense": 1252036000, "netIncome": 2003323000, "netIncomeRatio": 0.273468981, "eps": 956, "epsdiluted": 870, "weightedAverageShsOut": 1990000, "weightedAverageShsOutDil": 2295000, "link": "https://www.sec.gov/Archives/edgar/data/895126/000119312507043979/0001193125-07-043979-index.htm", "finalLink": "https://www.sec.gov/Archives/edgar/data/895126/000119312507043979/d10k.htm", "calculatedOtherExpenses": 1462759000, "calculatedOperatingExpenses": 1656664000, "calculatedNetInterest": -275259000, "calculatedOtherIncome": 117396000, "calculatedIncomeNonControlling": 0, "calculatedEbitda": 4862664000}, {"date": "2005-12-31", "symbol": "CHKEL", "reportedCurrency": "USD", "cik": "0000895126", "fillingDate": "2006-03-14", "acceptedDate": "2006-03-14 15:17:01", "calendarYear": "2005", "period": "FY", "revenue": 4665290000, "costOfRevenue": 1882857000, "grossProfit": 2782433000, "grossProfitRatio": 0.5964115843, "researchAndDevelopmentExpenses": 0, "generalAndAdministrativeExpenses": 64272000, "sellingAndMarketingExpenses": 1392705000, "sellingGeneralAndAdministrativeExpenses": 64272000, "otherExpenses": 945001000, "operatingExpenses": 1009273000, "costAndExpenses": 2892130000, "interestIncome": 10452000, "interestExpense": 219800000, "depreciationAndAmortization": 935965000, "ebitda": 2728613000, "ebitdaratio": 0.5848753239, "operatingIncome": 1773160000, "operatingIncomeRatio": 0.3800749793, "totalOtherIncomeExpensesNet": -70419000, "incomeBeforeTax": 1493393000, "incomeBeforeTaxRatio": 0.3201072173, "incomeTaxExpense": 545091000, "netIncome": 948302000, "netIncomeRatio": 0.2032675354, "eps": 546, "epsdiluted": 502, "weightedAverageShsOut": 1610000, "weightedAverageShsOutDil": 1835000, "link": "https://www.sec.gov/Archives/edgar/data/895126/000119312506053543/0001193125-06-053543-index.htm", "finalLink": "https://www.sec.gov/Archives/edgar/data/895126/000119312506053543/d10k.htm", "calculatedOtherExpenses": 945001000, "calculatedOperatingExpenses": 1009273000, "calculatedNetInterest": -209348000, "calculatedOtherIncome": -70419000, "calculatedIncomeNonControlling": 0, "calculatedEbitda": 2709125000}, {"date": "2004-12-31", "symbol": "CHKEL", "reportedCurrency": "USD", "cik": "0000895126", "fillingDate": "2005-03-09", "acceptedDate": "2005-03-09 15:22:42", "calendarYear": "2004", "period": "FY", "revenue": 2709268000, "costOfRevenue": 1064066000, "grossProfit": 1645202000, "grossProfitRatio": 0.6072496335, "researchAndDevelopmentExpenses": 0, "generalAndAdministrativeExpenses": 37045000, "sellingAndMarketingExpenses": 773092000, "sellingGeneralAndAdministrativeExpenses": 37045000, "otherExpenses": 611322000, "operatingExpenses": 648367000, "costAndExpenses": 1712433000, "interestIncome": 4476000, "interestExpense": 167328000, "depreciationAndAmortization": 605593000, "ebitda": 1612633000, "ebitdaratio": 0.5952283052, "operatingIncome": 992335000, "operatingIncomeRatio": 0.3662742113, "totalOtherIncomeExpensesNet": -29057000, "incomeBeforeTax": 804926000, "incomeBeforeTaxRatio": 0.2971009143, "incomeTaxExpense": 289771000, "netIncome": 515155000, "netIncomeRatio": 0.1901454563, "eps": 346, "epsdiluted": 306, "weightedAverageShsOut": 1266060, "weightedAverageShsOutDil": 1528590, "link": "https://www.sec.gov/Archives/edgar/data/895126/000119312505045468/0001193125-05-045468-index.htm", "finalLink": "https://www.sec.gov/Archives/edgar/data/895126/000119312505045468/d10k.htm", "calculatedOtherExpenses": 615822000, "calculatedOperatingExpenses": 652867000, "calculatedNetInterest": -162852000, "calculatedOtherIncome": -24557000, "calculatedIncomeNonControlling": 0, "calculatedEbitda": 1597928000}, {"date": "2003-12-31", "symbol": "CHKEL", "reportedCurrency": "USD", "cik": "0000895126", "fillingDate": "2004-03-15", "acceptedDate": "2004-03-15 17:28:50", "calendarYear": "2003", "period": "FY", "revenue": 1717432000, "costOfRevenue": 625764000, "grossProfit": 1091668000, "grossProfitRatio": 0.6356397226, "researchAndDevelopmentExpenses": 0, "generalAndAdministrativeExpenses": 23753000, "sellingAndMarketingExpenses": 420610000, "sellingGeneralAndAdministrativeExpenses": 23753000, "otherExpenses": 386258000, "operatingExpenses": 410011000, "costAndExpenses": 1035775000, "interestIncome": 2827000, "interestExpense": 154356000, "depreciationAndAmortization": 382004000, "ebitda": 1070742000, "ebitdaratio": 0.6234552518, "operatingIncome": 675255000, "operatingIncomeRatio": 0.3931771389, "totalOtherIncomeExpensesNet": -29176000, "incomeBeforeTax": 500952000, "incomeBeforeTaxRatio": 0.2916866578, "incomeTaxExpense": 190360000, "netIncome": 312981000, "netIncomeRatio": 0.1822377829, "eps": 276, "epsdiluted": 242, "weightedAverageShsOut": 1056015, "weightedAverageShsOutDil": 1292835, "link": "https://www.sec.gov/Archives/edgar/data/895126/000119312504042443/0001193125-04-042443-index.htm", "finalLink": "https://www.sec.gov/Archives/edgar/data/895126/000119312504042443/d10k.htm", "calculatedOtherExpenses": 392660000, "calculatedOperatingExpenses": 416413000, "calculatedNetInterest": -151529000, "calculatedOtherIncome": -22774000, "calculatedIncomeNonControlling": -2389000, "calculatedEbitda": 1057259000}, {"date": "2002-12-31", "symbol": "CHKEL", "reportedCurrency": "USD", "cik": "0000895126", "fillingDate": "2003-02-27", "acceptedDate": "2003-02-27 08:20:17", "calendarYear": "2002", "period": "FY", "revenue": 737751000, "costOfRevenue": 294028000, "grossProfit": 443723000, "grossProfitRatio": 0.601453607, "researchAndDevelopmentExpenses": 0, "generalAndAdministrativeExpenses": 17618000, "sellingAndMarketingExpenses": 170315000, "sellingGeneralAndAdministrativeExpenses": 17618000, "otherExpenses": 235198000, "operatingExpenses": 252816000, "costAndExpenses": 546844000, "interestIncome": 7340000, "interestExpense": 111280000, "depreciationAndAmortization": 230236000, "ebitda": 433445000, "ebitdaratio": 0.5875220772, "operatingIncome": 190907000, "operatingIncomeRatio": 0.25876888, "totalOtherIncomeExpensesNet": -19827000, "incomeBeforeTax": 67140000, "incomeBeforeTaxRatio": 0.0910063151, "incomeTaxExpense": 26854000, "netIncome": 40286000, "netIncomeRatio": 0.0546065, "eps": 36, "epsdiluted": 34, "weightedAverageShsOut": 834550, "weightedAverageShsOutDil": 863570, "link": "https://www.sec.gov/Archives/edgar/data/895126/000089924303000386/0000899243-03-000386-index.htm", "finalLink": "https://www.sec.gov/Archives/edgar/data/895126/000089924303000386/d10k.htm", "calculatedOtherExpenses": 235198000, "calculatedOperatingExpenses": 252816000, "calculatedNetInterest": -103940000, "calculatedOtherIncome": -19827000, "calculatedIncomeNonControlling": 0, "calculatedEbitda": 421143000}, {"date": "2001-12-31", "symbol": "CHKEL", "reportedCurrency": "USD", "cik": "0000895126", "fillingDate": "2002-03-28", "acceptedDate": "2002-03-28 00:00:00", "calendarYear": "2001", "period": "FY", "revenue": 969051000, "costOfRevenue": 252757000, "grossProfit": 716294000, "grossProfitRatio": 0.7391705906, "researchAndDevelopmentExpenses": 0, "generalAndAdministrativeExpenses": 0, "sellingAndMarketingExpenses": 0, "sellingGeneralAndAdministrativeExpenses": 14449000, "otherExpenses": 181565000, "operatingExpenses": 196014000, "costAndExpenses": 448771000, "interestIncome": 2877000, "interestExpense": 98321000, "depreciationAndAmortization": 177543000, "ebitda": 704722000, "ebitdaratio": 0.7272290107, "operatingIncome": 520280000, "operatingIncomeRatio": 0.5368964069, "totalOtherIncomeExpensesNet": 13529000, "incomeBeforeTax": 438365000, "incomeBeforeTaxRatio": 0.4523652522, "incomeTaxExpense": 174959000, "netIncome": 217406000, "netIncomeRatio": 0.2243493892, "eps": 266, "epsdiluted": 250, "weightedAverageShsOut": 811810, "weightedAverageShsOutDil": 869905, "link": "https://www.sec.gov/Archives/edgar/data/895126/000095013402002874/0000950134-02-002874-index.htm", "finalLink": "https://www.sec.gov/Archives/edgar/data/895126/000095013402002874/d95448e10-k.txt", "calculatedOtherExpenses": 181565000, "calculatedOperatingExpenses": 196014000, "calculatedNetInterest": -95444000, "calculatedOtherIncome": 13529000, "calculatedIncomeNonControlling": 46000000, "calculatedEbitda": 697823000}, {"date": "2000-12-31", "symbol": "CHKEL", "reportedCurrency": "USD", "cik": "0000895126", "fillingDate": "2001-03-29", "acceptedDate": "2001-03-29 00:00:00", "calendarYear": "2000", "period": "FY", "revenue": 377946000, "costOfRevenue": 178505000, "grossProfit": 199441000, "grossProfitRatio": 0.5276970784, "researchAndDevelopmentExpenses": 0, "generalAndAdministrativeExpenses": 19918000, "sellingAndMarketingExpenses": 0, "sellingGeneralAndAdministrativeExpenses": 19918000, "otherExpenses": 154720000, "operatingExpenses": 174638000, "costAndExpenses": 353143000, "interestIncome": 3926000, "interestExpense": 68249000, "depreciationAndAmortization": 152204000, "ebitda": 183449000, "ebitdaratio": 0.4853841554, "operatingIncome": -856197000, "operatingIncomeRatio": -2.2653950564, "totalOtherIncomeExpensesNet": -881000000, "incomeBeforeTax": -920520000, "incomeBeforeTaxRatio": -2.4355860361, "incomeTaxExpense": 13334000, "netIncome": -933854000, "netIncomeRatio": -2.4708662084, "eps": -1447.91, "epsdiluted": -1232.29, "weightedAverageShsOut": 644965, "weightedAverageShsOutDil": 757820, "link": "https://www.sec.gov/Archives/edgar/data/895126/000095013401002842/0000950134-01-002842-index.htm", "finalLink": "https://www.sec.gov/Archives/edgar/data/895126/000095013401002842/d84358e10-k405.txt", "calculatedOtherExpenses": 1035720000, "calculatedOperatingExpenses": 1055638000, "calculatedNetInterest": -64323000, "calculatedOtherIncome": 0, "calculatedIncomeNonControlling": 0, "calculatedEbitda": -703993000}, {"date": "1999-12-31", "symbol": "CHKEL", "reportedCurrency": "USD", "cik": "0000895126", "fillingDate": "2000-03-30", "acceptedDate": "2000-03-30 00:00:00", "calendarYear": "1999", "period": "FY", "revenue": 354946000, "costOfRevenue": 131095000, "grossProfit": 223851000, "grossProfitRatio": 0.6306621289, "researchAndDevelopmentExpenses": 0, "generalAndAdministrativeExpenses": 0, "sellingAndMarketingExpenses": 0, "sellingGeneralAndAdministrativeExpenses": 13477000, "otherExpenses": 102854000, "operatingExpenses": 116331000, "costAndExpenses": 247426000, "interestIncome": 8562000, "interestExpense": 81052000, "depreciationAndAmortization": 99516000, "ebitda": 218936000, "ebitdaratio": 0.6168149521, "operatingIncome": 107520000, "operatingIncomeRatio": 0.3029193173, "totalOtherIncomeExpensesNet": -72490000, "incomeBeforeTax": 35030000, "incomeBeforeTaxRatio": 0.0986910685, "incomeTaxExpense": 1764000, "netIncome": 33266000, "netIncomeRatio": 0.0937212985, "eps": 34, "epsdiluted": 32, "weightedAverageShsOut": 485385, "weightedAverageShsOutDil": 510190, "link": "https://www.sec.gov/Archives/edgar/data/895126/000095013400002858/0000950134-00-002858-index.html", "finalLink": "https://www.sec.gov/Archives/edgar/data/895126/000095013400002858/", "calculatedOtherExpenses": 102854000, "calculatedOperatingExpenses": 116331000, "calculatedNetInterest": -72490000, "calculatedOtherIncome": 0, "calculatedIncomeNonControlling": 0, "calculatedEbitda": 207036000}, {"date": "1998-12-31", "symbol": "CHKEL", "reportedCurrency": "USD", "cik": "0000895126", "fillingDate": "1999-03-31", "acceptedDate": "1999-03-31 00:00:00", "calendarYear": "1998", "period": "FY", "revenue": 377946000, "costOfRevenue": 178505000, "grossProfit": 199441000, "grossProfitRatio": 0.5276970784, "researchAndDevelopmentExpenses": 0, "generalAndAdministrativeExpenses": 0, "sellingAndMarketingExpenses": 0, "sellingGeneralAndAdministrativeExpenses": 19918000, "otherExpenses": 154720000, "operatingExpenses": 174638000, "costAndExpenses": 353143000, "interestIncome": 3926000, "interestExpense": 68249000, "depreciationAndAmortization": 152204000, "ebitda": 183449000, "ebitdaratio": 0.4853841554, "operatingIncome": -856197000, "operatingIncomeRatio": -2.2653950564, "totalOtherIncomeExpensesNet": -881000000, "incomeBeforeTax": -920520000, "incomeBeforeTaxRatio": -2.4355860361, "incomeTaxExpense": 13334000, "netIncome": -933854000, "netIncomeRatio": -2.4708662084, "eps": -1447.91, "epsdiluted": -1232.29, "weightedAverageShsOut": 644965, "weightedAverageShsOutDil": 757820, "link": "https://www.sec.gov/Archives/edgar/data/895126/000095013499002283/0000950134-99-002283-index.html", "finalLink": "https://www.sec.gov/Archives/edgar/data/895126/", "calculatedOtherExpenses": 1035720000, "calculatedOperatingExpenses": 1055638000, "calculatedNetInterest": -64323000, "calculatedOtherIncome": 0, "calculatedIncomeNonControlling": 0, "calculatedEbitda": -703993000}, {"date": "1997-06-30", "symbol": "CHKEL", "reportedCurrency": "USD", "cik": "0000895126", "fillingDate": "1997-10-14", "acceptedDate": "1997-10-14 00:00:00", "calendarYear": "1997", "period": "FY", "revenue": 269092000, "costOfRevenue": 108797000, "grossProfit": 160295000, "grossProfitRatio": 0.5956884634, "researchAndDevelopmentExpenses": 0, "generalAndAdministrativeExpenses": 0, "sellingAndMarketingExpenses": 0, "sellingGeneralAndAdministrativeExpenses": 8802000, "otherExpenses": 107046000, "operatingExpenses": 115848000, "costAndExpenses": 224645000, "interestIncome": 11223000, "interestExpense": 11223000, "depreciationAndAmortization": 105591000, "ebitda": 387493000, "ebitdaratio": 1.4400019324, "operatingIncome": -180330000, "operatingIncomeRatio": -0.6701425535, "totalOtherIncomeExpensesNet": -236000000, "incomeBeforeTax": -180330000, "incomeBeforeTaxRatio": -0.6701425535, "incomeTaxExpense": -3573000, "netIncome": -183377000, "netIncomeRatio": -0.6814658184, "eps": -2.61, "epsdiluted": -2.61, "weightedAverageShsOut": 70277000, "weightedAverageShsOutDil": 70277000, "link": "https://www.sec.gov/Archives/edgar/data/895126/000095013497007353/0000950134-97-007353-index.html", "finalLink": "https://www.sec.gov/Archives/edgar/data/895126/", "calculatedOtherExpenses": 331823000, "calculatedOperatingExpenses": 340625000, "calculatedNetInterest": 0, "calculatedOtherIncome": 0, "calculatedIncomeNonControlling": 6620000, "calculatedEbitda": -74739000}, {"date": "1996-06-30", "symbol": "CHKEL", "reportedCurrency": "USD", "cik": "0000895126", "fillingDate": "1996-09-30", "acceptedDate": "1996-09-30 00:00:00", "calendarYear": "1996", "period": "FY", "revenue": 145591000, "costOfRevenue": 40650000, "grossProfit": 104941000, "grossProfitRatio": 0.7207931809, "researchAndDevelopmentExpenses": 0, "generalAndAdministrativeExpenses": 0, "sellingAndMarketingExpenses": 0, "sellingGeneralAndAdministrativeExpenses": 4828000, "otherExpenses": 54056000, "operatingExpenses": 58884000, "costAndExpenses": 99534000, "interestIncome": 3831000, "interestExpense": 13679000, "depreciationAndAmortization": 52768000, "ebitda": 103944000, "ebitdaratio": 0.7139452301, "operatingIncome": 49888000, "operatingIncomeRatio": 0.3426585435, "totalOtherIncomeExpensesNet": -13679000, "incomeBeforeTax": 36209000, "incomeBeforeTaxRatio": 0.24870356, "incomeTaxExpense": 12854000, "netIncome": 23355000, "netIncomeRatio": 0.1604151356, "eps": 80, "epsdiluted": 80, "weightedAverageShsOut": 291710, "weightedAverageShsOutDil": 294610, "link": "https://www.sec.gov/Archives/edgar/data/895126/000095013496005132/0000950134-96-005132-index.html", "finalLink": "https://www.sec.gov/Archives/edgar/data/895126/", "calculatedOtherExpenses": 50225000, "calculatedOperatingExpenses": 55053000, "calculatedNetInterest": -9848000, "calculatedOtherIncome": -3831000, "calculatedIncomeNonControlling": 0, "calculatedEbitda": 102656000}, {"date": "1995-06-30", "symbol": "CHKEL", "reportedCurrency": "USD", "cik": "0000895126", "fillingDate": "1995-06-30", "acceptedDate": "1995-06-30 00:00:00", "calendarYear": "1995", "period": "FY", "revenue": 65800000, "costOfRevenue": 11500000, "grossProfit": 54300000, "grossProfitRatio": 0.8252279635, "researchAndDevelopmentExpenses": 0, "generalAndAdministrativeExpenses": 0, "sellingAndMarketingExpenses": 0, "sellingGeneralAndAdministrativeExpenses": 3600000, "otherExpenses": 27700000, "operatingExpenses": 31300000, "costAndExpenses": 42800000, "interestIncome": 0, "interestExpense": 3500000, "depreciationAndAmortization": 27700000, "ebitda": 49200000, "ebitdaratio": 0.7477203647, "operatingIncome": 23000000, "operatingIncomeRatio": 0.3495440729, "totalOtherIncomeExpensesNet": 1500000, "incomeBeforeTax": 18000000, "incomeBeforeTaxRatio": 0.273556231, "incomeTaxExpense": 6300000, "netIncome": 11700000, "netIncomeRatio": 0.1778115502, "eps": 42, "epsdiluted": 42, "weightedAverageShsOut": 279360, "weightedAverageShsOutDil": 283030, "link": null, "finalLink": null, "calculatedOtherExpenses": 27700000, "calculatedOperatingExpenses": 31300000, "calculatedNetInterest": -3500000, "calculatedOtherIncome": -1500000, "calculatedIncomeNonControlling": 0, "calculatedEbitda": 50700000}, {"date": "1994-06-30", "symbol": "CHKEL", "reportedCurrency": "USD", "cik": "0000895126", "fillingDate": "1994-06-30", "acceptedDate": "1994-06-30 00:00:00", "calendarYear": "1994", "period": "FY", "revenue": 28800000, "costOfRevenue": 8600000, "grossProfit": 20200000, "grossProfitRatio": 0.7013888889, "researchAndDevelopmentExpenses": 0, "generalAndAdministrativeExpenses": 0, "sellingAndMarketingExpenses": 0, "sellingGeneralAndAdministrativeExpenses": 3100000, "otherExpenses": 10200000, "operatingExpenses": 13300000, "costAndExpenses": 21900000, "interestIncome": 0, "interestExpense": 700000, "depreciationAndAmortization": 10200000, "ebitda": 16100000, "ebitdaratio": 0.5590277778, "operatingIncome": 6900000, "operatingIncomeRatio": 0.2395833333, "totalOtherIncomeExpensesNet": 1000000, "incomeBeforeTax": 5200000, "incomeBeforeTaxRatio": 0.1805555556, "incomeTaxExpense": 1300000, "netIncome": 3900000, "netIncomeRatio": 0.1354166667, "eps": 32, "epsdiluted": 32, "weightedAverageShsOut": 120600, "weightedAverageShsOutDil": 120915, "link": null, "finalLink": null, "calculatedOtherExpenses": 10200000, "calculatedOperatingExpenses": 13300000, "calculatedNetInterest": -700000, "calculatedOtherIncome": -1000000, "calculatedIncomeNonControlling": 0, "calculatedEbitda": 17100000}, {"date": "1993-06-30", "symbol": "CHKEL", "reportedCurrency": "USD", "cik": "0000895126", "fillingDate": "1993-06-30", "acceptedDate": "1993-06-30 00:00:00", "calendarYear": "1993", "period": "FY", "revenue": 17100000, "costOfRevenue": 6200000, "grossProfit": 10900000, "grossProfitRatio": 0.6374269006, "researchAndDevelopmentExpenses": 0, "generalAndAdministrativeExpenses": 0, "sellingAndMarketingExpenses": 0, "sellingGeneralAndAdministrativeExpenses": 5200000, "otherExpenses": 4700000, "operatingExpenses": 9900000, "costAndExpenses": 16100000, "interestIncome": 0, "interestExpense": 600000, "depreciationAndAmortization": 4700000, "ebitda": 4800000, "ebitdaratio": 0.2807017544, "operatingIncome": 1000000, "operatingIncomeRatio": 0.0584795322, "totalOtherIncomeExpensesNet": 900000, "incomeBeforeTax": -500000, "incomeBeforeTaxRatio": -0.0292397661, "incomeTaxExpense": -100000, "netIncome": -400000, "netIncomeRatio": -0.0233918129, "eps": -4, "epsdiluted": -4, "weightedAverageShsOut": 100000, "weightedAverageShsOutDil": 100000, "link": null, "finalLink": null, "calculatedOtherExpenses": 4700000, "calculatedOperatingExpenses": 9900000, "calculatedNetInterest": -600000, "calculatedOtherIncome": -900000, "calculatedIncomeNonControlling": 0, "calculatedEbitda": 5700000}]}