{"originalCurrency": "USD", "convertedCurrency": "USD", "report": [{"date": "2023-12-31", "symbol": "CHRD", "reportedCurrency": "USD", "cik": "0001486159", "fillingDate": "2024-02-26", "acceptedDate": "2024-02-26 17:04:34", "calendarYear": "2023", "period": "FY", "revenue": 3896641000, "costOfRevenue": 2485946000, "grossProfit": 1410695000, "grossProfitRatio": 0.3620284753, "researchAndDevelopmentExpenses": 0, "generalAndAdministrativeExpenses": 126319000, "sellingAndMarketingExpenses": 0, "sellingGeneralAndAdministrativeExpenses": 126319000, "otherExpenses": 9964000, "operatingExpenses": 126319000, "costAndExpenses": 2612265000, "interestIncome": 0, "interestExpense": 32729999, "depreciationAndAmortization": 598562000, "ebitda": 1882938000, "ebitdaratio": 0.4832208048, "operatingIncome": 1284376000, "operatingIncomeRatio": 0.3296110676, "totalOtherIncomeExpensesNet": 54652000, "incomeBeforeTax": 1339028000, "incomeBeforeTaxRatio": 0.3436364808, "incomeTaxExpense": 315249000, "netIncome": 1023779000, "netIncomeRatio": 0.2627337237, "eps": 24.59, "epsdiluted": 23.51, "weightedAverageShsOut": 41490000, "weightedAverageShsOutDil": 43398000, "link": "https://www.sec.gov/Archives/edgar/data/1486159/000148615924000007/0001486159-24-000007-index.htm", "finalLink": "https://www.sec.gov/Archives/edgar/data/1486159/000148615924000007/chrd-20231231.htm", "calculatedOtherExpenses": 0, "calculatedOperatingExpenses": 126319000, "calculatedNetInterest": -32729999, "calculatedOtherIncome": 87381999, "calculatedIncomeNonControlling": 0, "calculatedEbitda": 1882938000}, {"date": "2022-12-31", "symbol": "CHRD", "reportedCurrency": "USD", "cik": "0001486159", "fillingDate": "2023-02-28", "acceptedDate": "2023-02-28 16:12:14", "calendarYear": "2022", "period": "FY", "revenue": 3646794000, "costOfRevenue": 1856369000, "grossProfit": 1790425000, "grossProfitRatio": 0.4909586338, "researchAndDevelopmentExpenses": 0, "generalAndAdministrativeExpenses": 209299000, "sellingAndMarketingExpenses": 0, "sellingGeneralAndAdministrativeExpenses": 209299000, "otherExpenses": 2204000, "operatingExpenses": 211503000, "costAndExpenses": 2067872000, "interestIncome": 29349000, "interestExpense": 25341000, "depreciationAndAmortization": 398051000, "ebitda": 1981840000, "ebitdaratio": 0.5434472032, "operatingIncome": 1583789000, "operatingIncomeRatio": 0.4342962613, "totalOtherIncomeExpensesNet": -200210000, "incomeBeforeTax": 1383579000, "incomeBeforeTaxRatio": 0.3793959845, "incomeTaxExpense": -46884000, "netIncome": 1430463000, "netIncomeRatio": 0.3922522084, "eps": 46.91, "epsdiluted": 44.35, "weightedAverageShsOut": 30497000, "weightedAverageShsOutDil": 32250999, "link": "https://www.sec.gov/Archives/edgar/data/1486159/000148615923000004/0001486159-23-000004-index.htm", "finalLink": "https://www.sec.gov/Archives/edgar/data/1486159/000148615923000004/chrd-20221231.htm", "calculatedOtherExpenses": -2663000, "calculatedOperatingExpenses": 206636000, "calculatedNetInterest": 4008000, "calculatedOtherIncome": -204218000, "calculatedIncomeNonControlling": 0, "calculatedEbitda": 1981840000}, {"date": "2021-12-31", "symbol": "CHRD", "reportedCurrency": "USD", "cik": "0001486159", "fillingDate": "2022-02-25", "acceptedDate": "2022-02-24 19:42:53", "calendarYear": "2021", "period": "FY", "revenue": 1579926000, "costOfRevenue": 909837000, "grossProfit": 670089000, "grossProfitRatio": 0.4241268262, "researchAndDevelopmentExpenses": 0, "generalAndAdministrativeExpenses": 80688000, "sellingAndMarketingExpenses": 0, "sellingGeneralAndAdministrativeExpenses": 80688000, "otherExpenses": 2760000, "operatingExpenses": 83448000, "costAndExpenses": 993285000, "interestIncome": 30806000, "interestExpense": 17079000, "depreciationAndAmortization": 158304000, "ebitda": 730208000, "ebitdaratio": 0.4621786084, "operatingIncome": 571904000, "operatingIncomeRatio": 0.3619815105, "totalOtherIncomeExpensesNet": -383917000, "incomeBeforeTax": 187987000, "incomeBeforeTaxRatio": 0.1189846866, "incomeTaxExpense": -973000, "netIncome": 188960000, "netIncomeRatio": 0.1196005383, "eps": 9.55, "epsdiluted": 9.15, "weightedAverageShsOut": 19792000, "weightedAverageShsOutDil": 20648000, "link": "https://www.sec.gov/Archives/edgar/data/1486159/000148615922000014/0001486159-22-000014-index.htm", "finalLink": "https://www.sec.gov/Archives/edgar/data/1486159/000148615922000014/oas-20211231.htm", "calculatedOtherExpenses": 17497000, "calculatedOperatingExpenses": 98185000, "calculatedNetInterest": 13727000, "calculatedOtherIncome": -397644000, "calculatedIncomeNonControlling": 0, "calculatedEbitda": 730208000}, {"date": "2020-12-31", "symbol": "CHRD", "reportedCurrency": "USD", "cik": "0001486159", "fillingDate": "2021-03-08", "acceptedDate": "2021-03-08 17:25:51", "calendarYear": "2020", "period": "FY", "revenue": 1083334000, "costOfRevenue": 843286000, "grossProfit": 240048000, "grossProfitRatio": 0.2215826329, "researchAndDevelopmentExpenses": 0, "generalAndAdministrativeExpenses": 159518000, "sellingAndMarketingExpenses": 0, "sellingGeneralAndAdministrativeExpenses": 159518000, "otherExpenses": 2748000, "operatingExpenses": 162266000, "costAndExpenses": 1005552000, "interestIncome": 143856000, "interestExpense": 176545000, "depreciationAndAmortization": 307209000, "ebitda": 377889000, "ebitdaratio": 0.3488204007, "operatingIncome": 70680000, "operatingIncomeRatio": 0.0652430368, "totalOtherIncomeExpensesNet": -4107662000, "incomeBeforeTax": -4036982000, "incomeBeforeTaxRatio": -3.7264426299, "incomeTaxExpense": -266409000, "netIncome": -3770573000, "netIncomeRatio": -3.4805267812, "eps": -187.66, "epsdiluted": -187.66, "weightedAverageShsOut": 20093017, "weightedAverageShsOutDil": 20093017, "link": "https://www.sec.gov/Archives/edgar/data/1486159/000148615921000017/0001486159-21-000017-index.htm", "finalLink": "https://www.sec.gov/Archives/edgar/data/1486159/000148615921000017/oas-20201231.htm", "calculatedOtherExpenses": 9850000, "calculatedOperatingExpenses": 169368000, "calculatedNetInterest": -32689000, "calculatedOtherIncome": -4074973000, "calculatedIncomeNonControlling": 0, "calculatedEbitda": 377889000}, {"date": "2019-12-31", "symbol": "CHRD", "reportedCurrency": "USD", "cik": "0001486159", "fillingDate": "2020-02-27", "acceptedDate": "2020-02-26 18:19:56", "calendarYear": "2019", "period": "FY", "revenue": 1930797000, "costOfRevenue": 1850623000, "grossProfit": 80174000, "grossProfitRatio": 0.0415237853, "researchAndDevelopmentExpenses": 0, "generalAndAdministrativeExpenses": 128595000, "sellingAndMarketingExpenses": 128806000, "sellingGeneralAndAdministrativeExpenses": 128595000, "otherExpenses": 6658000, "operatingExpenses": 135253000, "costAndExpenses": 1985876000, "interestIncome": 159287000, "interestExpense": 151401000, "depreciationAndAmortization": 787192000, "ebitda": 724796000, "ebitdaratio": 0.3753869516, "operatingIncome": -62396000, "operatingIncomeRatio": -0.0323161886, "totalOtherIncomeExpensesNet": -288499000, "incomeBeforeTax": -350895000, "incomeBeforeTaxRatio": -0.1817358324, "incomeTaxExpense": -32715000, "netIncome": -318180000, "netIncomeRatio": -0.1647920522, "eps": -1.01, "epsdiluted": -1.01, "weightedAverageShsOut": 315002000, "weightedAverageShsOutDil": 315002000, "link": "https://www.sec.gov/Archives/edgar/data/1486159/000148615920000018/0001486159-20-000018-index.htm", "finalLink": "https://www.sec.gov/Archives/edgar/data/1486159/000148615920000018/oas-20191231.htm", "calculatedOtherExpenses": 13975000, "calculatedOperatingExpenses": 142570000, "calculatedNetInterest": 7886000, "calculatedOtherIncome": -296385000, "calculatedIncomeNonControlling": 0, "calculatedEbitda": 724796000}, {"date": "2018-12-31", "symbol": "CHRD", "reportedCurrency": "USD", "cik": "0001486159", "fillingDate": "2019-03-01", "acceptedDate": "2019-03-01 16:06:49", "calendarYear": "2018", "period": "FY", "revenue": 2321947000, "costOfRevenue": 1698516000, "grossProfit": 623431000, "grossProfitRatio": 0.2684949312, "researchAndDevelopmentExpenses": 0, "generalAndAdministrativeExpenses": 121346000, "sellingAndMarketingExpenses": 107193000, "sellingGeneralAndAdministrativeExpenses": 121346000, "otherExpenses": 121000, "operatingExpenses": 148778000, "costAndExpenses": 1847294000, "interestIncome": 0, "interestExpense": 151495000, "depreciationAndAmortization": 636296000, "ebitda": 1103480000, "ebitdaratio": 0.4752390989, "operatingIncome": 119012000, "operatingIncomeRatio": 0.0512552612, "totalOtherIncomeExpensesNet": -340911000, "incomeBeforeTax": -25343000, "incomeBeforeTaxRatio": -0.0109145471, "incomeTaxExpense": -5843000, "netIncome": -35296000, "netIncomeRatio": -0.015201036, "eps": -1.77, "epsdiluted": -1.77, "weightedAverageShsOut": 19991000, "weightedAverageShsOutDil": 19991000, "link": "https://www.sec.gov/Archives/edgar/data/1486159/000148615919000006/0001486159-19-000006-index.htm", "finalLink": "https://www.sec.gov/Archives/edgar/data/1486159/000148615919000006/oas-12312018x10k10xk18mast.htm", "calculatedOtherExpenses": 383073000, "calculatedOperatingExpenses": 504419000, "calculatedNetInterest": -151495000, "calculatedOtherIncome": 7140000, "calculatedIncomeNonControlling": 15796000, "calculatedEbitda": 755308000}, {"date": "2017-12-31", "symbol": "CHRD", "reportedCurrency": "USD", "cik": "0001486159", "fillingDate": "2018-02-28", "acceptedDate": "2018-02-28 15:55:33", "calendarYear": "2017", "period": "FY", "revenue": 1248424000, "costOfRevenue": 54817000, "grossProfit": 1193607000, "grossProfitRatio": 0.9560910396, "researchAndDevelopmentExpenses": 0, "generalAndAdministrativeExpenses": 91797000, "sellingAndMarketingExpenses": 55740000, "sellingGeneralAndAdministrativeExpenses": 147537000, "otherExpenses": 0, "operatingExpenses": 147537000, "costAndExpenses": 202354000, "interestIncome": 0, "interestExpense": -146837000, "depreciationAndAmortization": 530802000, "ebitda": 308107000, "ebitdaratio": 0.2467967614, "operatingIncome": 143968000, "operatingIncomeRatio": 0.1153197952, "totalOtherIncomeExpensesNet": -219826000, "incomeBeforeTax": -75858000, "incomeBeforeTaxRatio": -0.06076301, "incomeTaxExpense": -199654000, "netIncome": 123796000, "netIncomeRatio": 0.0991618232, "eps": 0.53, "epsdiluted": 0.52, "weightedAverageShsOut": 234986000, "weightedAverageShsOutDil": 237875000, "link": "https://www.sec.gov/Archives/edgar/data/1486159/000148615918000010/0001486159-18-000010-index.htm", "finalLink": "https://www.sec.gov/Archives/edgar/data/1486159/000148615918000010/oas-12312017x10k.htm", "calculatedOtherExpenses": 902102000, "calculatedOperatingExpenses": 1049639000, "calculatedNetInterest": 146837000, "calculatedOtherIncome": -366663000, "calculatedIncomeNonControlling": 0, "calculatedEbitda": 674770000}, {"date": "2016-12-31", "symbol": "CHRD", "reportedCurrency": "USD", "cik": "0001486159", "fillingDate": "2017-02-23", "acceptedDate": "2017-02-23 13:21:51", "calendarYear": "2016", "period": "FY", "revenue": 704665000, "costOfRevenue": 26012000, "grossProfit": 678653000, "grossProfitRatio": 0.9630860054, "researchAndDevelopmentExpenses": 0, "generalAndAdministrativeExpenses": 93008000, "sellingAndMarketingExpenses": 40366000, "sellingGeneralAndAdministrativeExpenses": 133374000, "otherExpenses": 0, "operatingExpenses": 133374000, "costAndExpenses": 159386000, "interestIncome": 0, "interestExpense": -140305000, "depreciationAndAmortization": 476331000, "ebitda": -35528000, "ebitdaratio": -0.0504182839, "operatingIncome": -130833000, "operatingIncomeRatio": -0.1856669481, "totalOtherIncomeExpensesNet": -240721000, "incomeBeforeTax": -371554000, "incomeBeforeTaxRatio": -0.5272775007, "incomeTaxExpense": 128538000, "netIncome": -500092000, "netIncomeRatio": -0.709687582, "eps": -2.72, "epsdiluted": -2.72, "weightedAverageShsOut": 183615000, "weightedAverageShsOutDil": 183615000, "link": "https://www.sec.gov/Archives/edgar/data/1486159/000148615917000009/0001486159-17-000009-index.htm", "finalLink": "https://www.sec.gov/Archives/edgar/data/1486159/000148615917000009/oas-12312016x10k.htm", "calculatedOtherExpenses": 676112000, "calculatedOperatingExpenses": 809486000, "calculatedNetInterest": 140305000, "calculatedOtherIncome": -381026000, "calculatedIncomeNonControlling": 0, "calculatedEbitda": 345498000}, {"date": "2015-12-31", "symbol": "CHRD", "reportedCurrency": "USD", "cik": "0001486159", "fillingDate": "2016-02-25", "acceptedDate": "2016-02-25 13:32:42", "calendarYear": "2015", "period": "FY", "revenue": 789735000, "costOfRevenue": 74140000, "grossProfit": 715595000, "grossProfitRatio": 0.9061204075, "researchAndDevelopmentExpenses": 0, "generalAndAdministrativeExpenses": 92498000, "sellingAndMarketingExpenses": 31610000, "sellingGeneralAndAdministrativeExpenses": 124108000, "otherExpenses": 0, "operatingExpenses": 124108000, "costAndExpenses": 198248000, "interestIncome": 0, "interestExpense": -149648000, "depreciationAndAmortization": 485322000, "ebitda": 311549000, "ebitdaratio": 0.3944981544, "operatingIncome": -114164000, "operatingIncomeRatio": -0.144559884, "totalOtherIncomeExpensesNet": 57793000, "incomeBeforeTax": -56371000, "incomeBeforeTaxRatio": -0.07137964, "incomeTaxExpense": 16123000, "netIncome": -40248000, "netIncomeRatio": -0.0509639309, "eps": -0.31, "epsdiluted": -0.31, "weightedAverageShsOut": 129832258, "weightedAverageShsOutDil": 130186000, "link": "https://www.sec.gov/Archives/edgar/data/1486159/000148615916000090/0001486159-16-000090-index.htm", "finalLink": "https://www.sec.gov/Archives/edgar/data/1486159/000148615916000090/oas-12312015x10k.htm", "calculatedOtherExpenses": 705651000, "calculatedOperatingExpenses": 829759000, "calculatedNetInterest": 149648000, "calculatedOtherIncome": -91855000, "calculatedIncomeNonControlling": -32246000, "calculatedEbitda": 371158000}, {"date": "2014-12-31", "symbol": "CHRD", "reportedCurrency": "USD", "cik": "0001486159", "fillingDate": "2015-02-26", "acceptedDate": "2015-02-26 14:25:05", "calendarYear": "2014", "period": "FY", "revenue": 1390228000, "costOfRevenue": 284489000, "grossProfit": 1105739000, "grossProfitRatio": 0.7953652207, "researchAndDevelopmentExpenses": 0, "generalAndAdministrativeExpenses": 92306000, "sellingAndMarketingExpenses": 29133000, "sellingGeneralAndAdministrativeExpenses": 121439000, "otherExpenses": 48161000, "operatingExpenses": 169600000, "costAndExpenses": 454089000, "interestIncome": 0, "interestExpense": -158390000, "depreciationAndAmortization": 412334000, "ebitda": 1068412000, "ebitdaratio": 0.7685156679, "operatingIncome": 645652000, "operatingIncomeRatio": 0.4644216632, "totalOtherIncomeExpensesNet": 168816000, "incomeBeforeTax": 814468000, "incomeBeforeTaxRatio": 0.5858521048, "incomeTaxExpense": 307591000, "netIncome": 506877000, "netIncomeRatio": 0.3645999074, "eps": 5.09, "epsdiluted": 5.05, "weightedAverageShsOut": 99677000, "weightedAverageShsOutDil": 100365000, "link": "https://www.sec.gov/Archives/edgar/data/1486159/000148615915000009/0001486159-15-000009-index.htm", "finalLink": "https://www.sec.gov/Archives/edgar/data/1486159/000148615915000009/oas-12312014x10k.htm", "calculatedOtherExpenses": 338648000, "calculatedOperatingExpenses": 460087000, "calculatedNetInterest": 158390000, "calculatedOtherIncome": 10426000, "calculatedIncomeNonControlling": 0, "calculatedEbitda": 1057986000}, {"date": "2013-12-31", "symbol": "CHRD", "reportedCurrency": "USD", "cik": "0001486159", "fillingDate": "2014-02-27", "acceptedDate": "2014-02-27 11:41:48", "calendarYear": "2013", "period": "FY", "revenue": 1141999000, "costOfRevenue": 31881000, "grossProfit": 1110118000, "grossProfitRatio": 0.9720831629, "researchAndDevelopmentExpenses": 0, "generalAndAdministrativeExpenses": 75310000, "sellingAndMarketingExpenses": 25924000, "sellingGeneralAndAdministrativeExpenses": 101234000, "otherExpenses": 0, "operatingExpenses": 101234000, "costAndExpenses": 133115000, "interestIncome": 0, "interestExpense": -107165000, "depreciationAndAmortization": 307055000, "ebitda": 562907000, "ebitdaratio": 0.4929137416, "operatingIncome": 504398000, "operatingIncomeRatio": 0.4416798964, "totalOtherIncomeExpensesNet": -141381000, "incomeBeforeTax": 363017000, "incomeBeforeTaxRatio": 0.3178785621, "incomeTaxExpense": 135058000, "netIncome": 227959000, "netIncomeRatio": 0.1996140102, "eps": 2.45, "epsdiluted": 2.44, "weightedAverageShsOut": 92867000, "weightedAverageShsOutDil": 93411000, "link": "https://www.sec.gov/Archives/edgar/data/1486159/000148615914000011/0001486159-14-000011-index.htm", "finalLink": "https://www.sec.gov/Archives/edgar/data/1486159/000148615914000011/oas-12312013x10k.htm", "calculatedOtherExpenses": 504486000, "calculatedOperatingExpenses": 605720000, "calculatedNetInterest": 107165000, "calculatedOtherIncome": -248546000, "calculatedIncomeNonControlling": 0, "calculatedEbitda": 811453000}, {"date": "2012-12-31", "symbol": "CHRD", "reportedCurrency": "USD", "cik": "0001486159", "fillingDate": "2013-03-01", "acceptedDate": "2013-03-01 15:45:31", "calendarYear": "2012", "period": "FY", "revenue": 686668000, "costOfRevenue": 15355000, "grossProfit": 671313000, "grossProfitRatio": 0.9776383929, "researchAndDevelopmentExpenses": 0, "generalAndAdministrativeExpenses": 57190000, "sellingAndMarketingExpenses": 9257000, "sellingGeneralAndAdministrativeExpenses": 66447000, "otherExpenses": 0, "operatingExpenses": 66447000, "costAndExpenses": 81802000, "interestIncome": 0, "interestExpense": -70143000, "depreciationAndAmortization": 206734000, "ebitda": 382465000, "ebitdaratio": 0.5569867825, "operatingIncome": 276993000, "operatingIncomeRatio": 0.4033870808, "totalOtherIncomeExpensesNet": -31119000, "incomeBeforeTax": 245874000, "incomeBeforeTaxRatio": 0.3580682368, "incomeTaxExpense": 92486000, "netIncome": 153388000, "netIncomeRatio": 0.2233801488, "eps": 1.66, "epsdiluted": 1.66, "weightedAverageShsOut": 92180000, "weightedAverageShsOutDil": 92513000, "link": "https://www.sec.gov/Archives/edgar/data/1486159/000119312513087568/0001193125-13-087568-index.htm", "finalLink": "https://www.sec.gov/Archives/edgar/data/1486159/000119312513087568/d456381d10k.htm", "calculatedOtherExpenses": 327873000, "calculatedOperatingExpenses": 394320000, "calculatedNetInterest": 70143000, "calculatedOtherIncome": -101262000, "calculatedIncomeNonControlling": 0, "calculatedEbitda": 483727000}, {"date": "2011-12-31", "symbol": "CHRD", "reportedCurrency": "USD", "cik": "0001486159", "fillingDate": "2012-02-28", "acceptedDate": "2012-02-28 15:55:26", "calendarYear": "2011", "period": "FY", "revenue": 330422000, "costOfRevenue": 3817000, "grossProfit": 326605000, "grossProfitRatio": 0.9884481058, "researchAndDevelopmentExpenses": 0, "generalAndAdministrativeExpenses": 29435000, "sellingAndMarketingExpenses": 0, "sellingGeneralAndAdministrativeExpenses": 29435000, "otherExpenses": 820000, "operatingExpenses": 30255000, "costAndExpenses": 34072000, "interestIncome": 0, "interestExpense": -29618000, "depreciationAndAmortization": 74981000, "ebitda": 171542000, "ebitdaratio": 0.5191603465, "operatingIncome": 152567000, "operatingIncomeRatio": 0.4617337829, "totalOtherIncomeExpensesNet": -26388000, "incomeBeforeTax": 126179000, "incomeBeforeTaxRatio": 0.3818722724, "incomeTaxExpense": 46789000, "netIncome": 79390000, "netIncomeRatio": 0.2402685051, "eps": 0.86, "epsdiluted": 0.86, "weightedAverageShsOut": 92056000, "weightedAverageShsOutDil": 92241000, "link": "https://www.sec.gov/Archives/edgar/data/1486159/000119312512085092/0001193125-12-085092-index.htm", "finalLink": "https://www.sec.gov/Archives/edgar/data/1486159/000119312512085092/d253600d10k.htm", "calculatedOtherExpenses": 144603000, "calculatedOperatingExpenses": 174038000, "calculatedNetInterest": 29618000, "calculatedOtherIncome": -56006000, "calculatedIncomeNonControlling": 0, "calculatedEbitda": 227548000}, {"date": "2010-12-31", "symbol": "CHRD", "reportedCurrency": "USD", "cik": "0001486159", "fillingDate": "2011-03-10", "acceptedDate": "2011-03-10 16:03:02", "calendarYear": "2010", "period": "FY", "revenue": 128927000, "costOfRevenue": 11967000, "grossProfit": 116960000, "grossProfitRatio": 0.9071800321, "researchAndDevelopmentExpenses": 0, "generalAndAdministrativeExpenses": 19745000, "sellingAndMarketingExpenses": 0, "sellingGeneralAndAdministrativeExpenses": 19745000, "otherExpenses": 0, "operatingExpenses": 19745000, "costAndExpenses": 31712000, "interestIncome": 0, "interestExpense": -1357000, "depreciationAndAmortization": 37832000, "ebitda": 49742000, "ebitdaratio": 0.3858152288, "operatingIncome": 21993000, "operatingIncomeRatio": 0.1705849046, "totalOtherIncomeExpensesNet": -8726000, "incomeBeforeTax": 13267000, "incomeBeforeTaxRatio": 0.1029031933, "incomeTaxExpense": 42962000, "netIncome": -29695000, "netIncomeRatio": -0.2303241369, "eps": -0.32, "epsdiluted": -0.32, "weightedAverageShsOut": 92000000, "weightedAverageShsOutDil": 92000000, "link": "https://www.sec.gov/Archives/edgar/data/1486159/000095012311024114/0000950123-11-024114-index.htm", "finalLink": "https://www.sec.gov/Archives/edgar/data/1486159/000095012311024114/h80310e10vk.htm", "calculatedOtherExpenses": 75222000, "calculatedOperatingExpenses": 94967000, "calculatedNetInterest": 1357000, "calculatedOtherIncome": -10083000, "calculatedIncomeNonControlling": 0, "calculatedEbitda": 59825000}, {"date": "2009-12-31", "symbol": "CHRD", "reportedCurrency": "USD", "cik": "0001486159", "fillingDate": "2009-12-31", "acceptedDate": "2009-12-30 19:00:00", "calendarYear": "2009", "period": "FY", "revenue": 0, "costOfRevenue": 0, "grossProfit": 0, "grossProfitRatio": 0, "researchAndDevelopmentExpenses": 0, "generalAndAdministrativeExpenses": 0, "sellingAndMarketingExpenses": 0, "sellingGeneralAndAdministrativeExpenses": 0, "otherExpenses": 0, "operatingExpenses": 0, "costAndExpenses": 0, "interestIncome": 0, "interestExpense": 0, "depreciationAndAmortization": 0, "ebitda": 0, "ebitdaratio": 0, "operatingIncome": 0, "operatingIncomeRatio": 0, "totalOtherIncomeExpensesNet": 0, "incomeBeforeTax": 0, "incomeBeforeTaxRatio": 0, "incomeTaxExpense": 0, "netIncome": 0, "netIncomeRatio": 0, "eps": 0, "epsdiluted": 0, "weightedAverageShsOut": 92215295, "weightedAverageShsOutDil": 92215295, "link": "", "finalLink": "", "calculatedOtherExpenses": 0, "calculatedOperatingExpenses": 0, "calculatedNetInterest": 0, "calculatedOtherIncome": 0, "calculatedIncomeNonControlling": 0, "calculatedEbitda": 0}, {"date": "2008-12-31", "symbol": "CHRD", "reportedCurrency": "USD", "cik": "0001486159", "fillingDate": "2008-12-31", "acceptedDate": "2008-12-30 19:00:00", "calendarYear": "2008", "period": "FY", "revenue": 0, "costOfRevenue": 0, "grossProfit": 0, "grossProfitRatio": 0, "researchAndDevelopmentExpenses": 0, "generalAndAdministrativeExpenses": 0, "sellingAndMarketingExpenses": 0, "sellingGeneralAndAdministrativeExpenses": 0, "otherExpenses": 0, "operatingExpenses": 0, "costAndExpenses": 0, "interestIncome": 0, "interestExpense": 0, "depreciationAndAmortization": 0, "ebitda": 0, "ebitdaratio": 0, "operatingIncome": 0, "operatingIncomeRatio": 0, "totalOtherIncomeExpensesNet": 0, "incomeBeforeTax": 0, "incomeBeforeTaxRatio": 0, "incomeTaxExpense": 0, "netIncome": 0, "netIncomeRatio": 0, "eps": 0, "epsdiluted": 0, "weightedAverageShsOut": 92215295, "weightedAverageShsOutDil": 92215295, "link": "", "finalLink": "", "calculatedOtherExpenses": 0, "calculatedOperatingExpenses": 0, "calculatedNetInterest": 0, "calculatedOtherIncome": 0, "calculatedIncomeNonControlling": 0, "calculatedEbitda": 0}]}