{"originalCurrency": "USD", "convertedCurrency": "USD", "report": [{"date": "2023-12-31", "symbol": "CHRW", "reportedCurrency": "USD", "cik": "0001043277", "fillingDate": "2024-02-16", "acceptedDate": "2024-02-16 13:26:51", "calendarYear": "2023", "period": "FY", "revenue": 17596443000, "costOfRevenue": 16439161000, "grossProfit": 1157282000, "grossProfitRatio": 0.0657679509, "researchAndDevelopmentExpenses": 33620000, "generalAndAdministrativeExpenses": 0, "sellingAndMarketingExpenses": 0, "sellingGeneralAndAdministrativeExpenses": 604634000, "otherExpenses": 2571546000, "operatingExpenses": 604634000, "costAndExpenses": 17043794999, "interestIncome": 0, "interestExpense": 90200000, "depreciationAndAmortization": 98985000, "ebitda": 651633000, "ebitdaratio": 0.0370320865, "operatingIncome": 552648000, "operatingIncomeRatio": 0.0314068019, "totalOtherIncomeExpensesNet": -143462000, "incomeBeforeTax": 409186000, "incomeBeforeTaxRatio": 0.0232539042, "incomeTaxExpense": 84057000, "netIncome": 325129000, "netIncomeRatio": 0.0184769729, "eps": 2.74, "epsdiluted": 2.72, "weightedAverageShsOut": 118551000, "weightedAverageShsOutDil": 119677000, "link": "https://www.sec.gov/Archives/edgar/data/1043277/000104327724000011/0001043277-24-000011-index.htm", "finalLink": "https://www.sec.gov/Archives/edgar/data/1043277/000104327724000011/chrw-20231231.htm", "calculatedOtherExpenses": -33620000, "calculatedOperatingExpenses": 604634000, "calculatedNetInterest": -90200000, "calculatedOtherIncome": -53262000, "calculatedIncomeNonControlling": 0, "calculatedEbitda": 651633000}, {"date": "2022-12-31", "symbol": "CHRW", "reportedCurrency": "USD", "cik": "0001043277", "fillingDate": "2023-02-17", "acceptedDate": "2023-02-17 14:06:38", "calendarYear": "2022", "period": "FY", "revenue": 24696625000, "costOfRevenue": 22826428000, "grossProfit": 1870197000, "grossProfitRatio": 0.075726825, "researchAndDevelopmentExpenses": 25487000, "generalAndAdministrativeExpenses": 0, "sellingAndMarketingExpenses": 0, "sellingGeneralAndAdministrativeExpenses": 603415000, "otherExpenses": 2790713000, "operatingExpenses": 603415000, "costAndExpenses": 23429843000, "interestIncome": 76517000, "interestExpense": 100017000, "depreciationAndAmortization": 92776000, "ebitda": 1359558000, "ebitdaratio": 0.0550503561, "operatingIncome": 1266782000, "operatingIncomeRatio": 0.0512937294, "totalOtherIncomeExpensesNet": -100017000, "incomeBeforeTax": 1166765000, "incomeBeforeTaxRatio": 0.0472439048, "incomeTaxExpense": 226241000, "netIncome": 940524000, "netIncomeRatio": 0.0380830984, "eps": 7.48, "epsdiluted": 7.4, "weightedAverageShsOut": 125743000, "weightedAverageShsOutDil": 127150000, "link": "https://www.sec.gov/Archives/edgar/data/1043277/000104327723000005/0001043277-23-000005-index.htm", "finalLink": "https://www.sec.gov/Archives/edgar/data/1043277/000104327723000005/chrw-20221231.htm", "calculatedOtherExpenses": -25487000, "calculatedOperatingExpenses": 603415000, "calculatedNetInterest": -23500000, "calculatedOtherIncome": -76517000, "calculatedIncomeNonControlling": 0, "calculatedEbitda": 1359558000}, {"date": "2021-12-31", "symbol": "CHRW", "reportedCurrency": "USD", "cik": "0001043277", "fillingDate": "2022-02-23", "acceptedDate": "2022-02-23 14:45:00", "calendarYear": "2021", "period": "FY", "revenue": 23102138000, "costOfRevenue": 21493659000, "grossProfit": 1608479000, "grossProfitRatio": 0.0696246815, "researchAndDevelopmentExpenses": 20208000, "generalAndAdministrativeExpenses": 0, "sellingAndMarketingExpenses": 0, "sellingGeneralAndAdministrativeExpenses": 526371000, "otherExpenses": 2499085000, "operatingExpenses": 526371000, "costAndExpenses": 22020030000, "interestIncome": 44717000, "interestExpense": 59817000, "depreciationAndAmortization": 91259000, "ebitda": 1173367000, "ebitdaratio": 0.0507904074, "operatingIncome": 1082108000, "operatingIncomeRatio": 0.0468401669, "totalOtherIncomeExpensesNet": -59817000, "incomeBeforeTax": 1022291000, "incomeBeforeTaxRatio": 0.044250926, "incomeTaxExpense": 178046000, "netIncome": 844245000, "netIncomeRatio": 0.0365440203, "eps": 6.37, "epsdiluted": 6.31, "weightedAverageShsOut": 132482000, "weightedAverageShsOutDil": 133834000, "link": "https://www.sec.gov/Archives/edgar/data/1043277/000104327722000006/0001043277-22-000006-index.htm", "finalLink": "https://www.sec.gov/Archives/edgar/data/1043277/000104327722000006/chrw-20211231.htm", "calculatedOtherExpenses": -20208000, "calculatedOperatingExpenses": 526371000, "calculatedNetInterest": -15100000, "calculatedOtherIncome": -44717000, "calculatedIncomeNonControlling": 0, "calculatedEbitda": 1173367000}, {"date": "2020-12-31", "symbol": "CHRW", "reportedCurrency": "USD", "cik": "0001043277", "fillingDate": "2021-02-19", "acceptedDate": "2021-02-19 14:14:17", "calendarYear": "2020", "period": "FY", "revenue": 16207106000, "costOfRevenue": 15037716000, "grossProfit": 1169390000, "grossProfitRatio": 0.0721529186, "researchAndDevelopmentExpenses": 16634000, "generalAndAdministrativeExpenses": 0, "sellingAndMarketingExpenses": 0, "sellingGeneralAndAdministrativeExpenses": 496122000, "otherExpenses": 2203108000, "operatingExpenses": 496122000, "costAndExpenses": 15533838000, "interestIncome": 44937000, "interestExpense": 44937000, "depreciationAndAmortization": 101727000, "ebitda": 774995000, "ebitdaratio": 0.0478182225, "operatingIncome": 673268000, "operatingIncomeRatio": 0.0415415312, "totalOtherIncomeExpensesNet": -44937000, "incomeBeforeTax": 628331000, "incomeBeforeTaxRatio": 0.0387688585, "incomeTaxExpense": 121910000, "netIncome": 506421000, "netIncomeRatio": 0.0312468494, "eps": 3.74, "epsdiluted": 3.72, "weightedAverageShsOut": 135532000, "weightedAverageShsOutDil": 136173000, "link": "https://www.sec.gov/Archives/edgar/data/1043277/000104327721000009/0001043277-21-000009-index.htm", "finalLink": "https://www.sec.gov/Archives/edgar/data/1043277/000104327721000009/chrw-20201231.htm", "calculatedOtherExpenses": -16634000, "calculatedOperatingExpenses": 496122000, "calculatedNetInterest": 0, "calculatedOtherIncome": -44937000, "calculatedIncomeNonControlling": 0, "calculatedEbitda": 774995000}, {"date": "2019-12-31", "symbol": "CHRW", "reportedCurrency": "USD", "cik": "0001043277", "fillingDate": "2020-02-19", "acceptedDate": "2020-02-19 15:44:34", "calendarYear": "2019", "period": "FY", "revenue": 15309508000, "costOfRevenue": 14021726000, "grossProfit": 1287782000, "grossProfitRatio": 0.084116485, "researchAndDevelopmentExpenses": 11492000, "generalAndAdministrativeExpenses": 0, "sellingAndMarketingExpenses": 0, "sellingGeneralAndAdministrativeExpenses": 497806000, "otherExpenses": 2182293000, "operatingExpenses": 497806000, "costAndExpenses": 14519532000, "interestIncome": 47719000, "interestExpense": 47719000, "depreciationAndAmortization": 100449000, "ebitda": 890425000, "ebitdaratio": 0.0581615686, "operatingIncome": 789976000, "operatingIncomeRatio": 0.0516003519, "totalOtherIncomeExpensesNet": -47719000, "incomeBeforeTax": 742257000, "incomeBeforeTaxRatio": 0.0484834, "incomeTaxExpense": 165289000, "netIncome": 576968000, "netIncomeRatio": 0.0376869067, "eps": 4.21, "epsdiluted": 4.19, "weightedAverageShsOut": 136955000, "weightedAverageShsOutDil": 137735000, "link": "https://www.sec.gov/Archives/edgar/data/1043277/000104327720000016/0001043277-20-000016-index.htm", "finalLink": "https://www.sec.gov/Archives/edgar/data/1043277/000104327720000016/chrw-20191231.htm", "calculatedOtherExpenses": -11492000, "calculatedOperatingExpenses": 497806000, "calculatedNetInterest": 0, "calculatedOtherIncome": -47719000, "calculatedIncomeNonControlling": 0, "calculatedEbitda": 890425000}, {"date": "2018-12-31", "symbol": "CHRW", "reportedCurrency": "USD", "cik": "0001043277", "fillingDate": "2019-02-25", "acceptedDate": "2019-02-25 11:11:01", "calendarYear": "2018", "period": "FY", "revenue": 16631172000, "costOfRevenue": 15269479000, "grossProfit": 1361693000, "grossProfitRatio": 0.0818759496, "researchAndDevelopmentExpenses": 9664000, "generalAndAdministrativeExpenses": 0, "sellingAndMarketingExpenses": 0, "sellingGeneralAndAdministrativeExpenses": 449610000, "otherExpenses": 2347302000, "operatingExpenses": 449610000, "costAndExpenses": 15719089000, "interestIncome": 0, "interestExpense": 31810000, "depreciationAndAmortization": 96729000, "ebitda": 1008812000, "ebitdaratio": 0.0606579019, "operatingIncome": 912083000, "operatingIncomeRatio": 0.0548417754, "totalOtherIncomeExpensesNet": -31810000, "incomeBeforeTax": 880273000, "incomeBeforeTaxRatio": 0.0529291021, "incomeTaxExpense": 215768000, "netIncome": 664505000, "netIncomeRatio": 0.0399553922, "eps": 4.78, "epsdiluted": 4.73, "weightedAverageShsOut": 139010000, "weightedAverageShsOutDil": 140405000, "link": "https://www.sec.gov/Archives/edgar/data/1043277/000104327719000006/0001043277-19-000006-index.htm", "finalLink": "https://www.sec.gov/Archives/edgar/data/1043277/000104327719000006/chrw10-k2018.htm", "calculatedOtherExpenses": -9664000, "calculatedOperatingExpenses": 449610000, "calculatedNetInterest": -31810000, "calculatedOtherIncome": 0, "calculatedIncomeNonControlling": 0, "calculatedEbitda": 1008812000}, {"date": "2017-12-31", "symbol": "CHRW", "reportedCurrency": "USD", "cik": "0001043277", "fillingDate": "2018-02-28", "acceptedDate": "2018-02-28 15:54:51", "calendarYear": "2017", "period": "FY", "revenue": 14869380000, "costOfRevenue": 13680857000, "grossProfit": 1188523000, "grossProfitRatio": 0.079930905, "researchAndDevelopmentExpenses": 0, "generalAndAdministrativeExpenses": 0, "sellingAndMarketingExpenses": 0, "sellingGeneralAndAdministrativeExpenses": 413404000, "otherExpenses": 2423567000, "operatingExpenses": 413404000, "costAndExpenses": 14094261000, "interestIncome": 0, "interestExpense": 46656000, "depreciationAndAmortization": 92977000, "ebitda": 868096000, "ebitdaratio": 0.0583814524, "operatingIncome": 775119000, "operatingIncomeRatio": 0.0521285353, "totalOtherIncomeExpensesNet": -46656000, "incomeBeforeTax": 728463000, "incomeBeforeTaxRatio": 0.048990812, "incomeTaxExpense": 223570000, "netIncome": 504893000, "netIncomeRatio": 0.0339552153, "eps": 3.59, "epsdiluted": 3.57, "weightedAverageShsOut": 140610000, "weightedAverageShsOutDil": 141382000, "link": "https://www.sec.gov/Archives/edgar/data/1043277/000104327718000007/0001043277-18-000007-index.htm", "finalLink": "https://www.sec.gov/Archives/edgar/data/1043277/000104327718000007/chrw-10k2017.htm", "calculatedOtherExpenses": 0, "calculatedOperatingExpenses": 413404000, "calculatedNetInterest": -46656000, "calculatedOtherIncome": 0, "calculatedIncomeNonControlling": 0, "calculatedEbitda": 868096000}, {"date": "2016-12-31", "symbol": "CHRW", "reportedCurrency": "USD", "cik": "0001043277", "fillingDate": "2017-03-01", "acceptedDate": "2017-03-01 15:03:35", "calendarYear": "2016", "period": "FY", "revenue": 13144413000, "costOfRevenue": 11931821000, "grossProfit": 1212592000, "grossProfitRatio": 0.092251514, "researchAndDevelopmentExpenses": 0, "generalAndAdministrativeExpenses": 0, "sellingAndMarketingExpenses": 0, "sellingGeneralAndAdministrativeExpenses": 375061000, "otherExpenses": 2381887000, "operatingExpenses": 375061000, "costAndExpenses": 12306882000, "interestIncome": 0, "interestExpense": 25581000, "depreciationAndAmortization": 74669000, "ebitda": 912200000, "ebitdaratio": 0.0693983063, "operatingIncome": 837531000, "operatingIncomeRatio": 0.0637176419, "totalOtherIncomeExpensesNet": -25581000, "incomeBeforeTax": 811950000, "incomeBeforeTaxRatio": 0.0617714918, "incomeTaxExpense": 298566000, "netIncome": 513384000, "netIncomeRatio": 0.0390572025, "eps": 3.6, "epsdiluted": 3.59, "weightedAverageShsOut": 142706000, "weightedAverageShsOutDil": 142991000, "link": "https://www.sec.gov/Archives/edgar/data/1043277/000104327717000004/0001043277-17-000004-index.htm", "finalLink": "https://www.sec.gov/Archives/edgar/data/1043277/000104327717000004/chrw-10k2016.htm", "calculatedOtherExpenses": 0, "calculatedOperatingExpenses": 375061000, "calculatedNetInterest": -25581000, "calculatedOtherIncome": 0, "calculatedIncomeNonControlling": 0, "calculatedEbitda": 912200000}, {"date": "2015-12-31", "symbol": "CHRW", "reportedCurrency": "USD", "cik": "0001043277", "fillingDate": "2016-02-29", "acceptedDate": "2016-02-29 14:29:48", "calendarYear": "2015", "period": "FY", "revenue": 13476084000, "costOfRevenue": 12259014000, "grossProfit": 1217070000, "grossProfitRatio": 0.0903133284, "researchAndDevelopmentExpenses": 0, "generalAndAdministrativeExpenses": 0, "sellingAndMarketingExpenses": 0, "sellingGeneralAndAdministrativeExpenses": 358760000, "otherExpenses": 2416743000, "operatingExpenses": 358760000, "costAndExpenses": 12617774000, "interestIncome": 0, "interestExpense": 35529000, "depreciationAndAmortization": 66409000, "ebitda": 924719000, "ebitdaratio": 0.0686192665, "operatingIncome": 858310000, "operatingIncomeRatio": 0.0636913513, "totalOtherIncomeExpensesNet": -35529000, "incomeBeforeTax": 822781000, "incomeBeforeTaxRatio": 0.0610549029, "incomeTaxExpense": 313082000, "netIncome": 509699000, "netIncomeRatio": 0.0378224861, "eps": 3.52, "epsdiluted": 3.51, "weightedAverageShsOut": 144967000, "weightedAverageShsOutDil": 145349000, "link": "https://www.sec.gov/Archives/edgar/data/1043277/000104327716000020/0001043277-16-000020-index.htm", "finalLink": "https://www.sec.gov/Archives/edgar/data/1043277/000104327716000020/chrw-10k2015.htm", "calculatedOtherExpenses": 0, "calculatedOperatingExpenses": 358760000, "calculatedNetInterest": -35529000, "calculatedOtherIncome": 0, "calculatedIncomeNonControlling": 0, "calculatedEbitda": 924719000}, {"date": "2014-12-31", "symbol": "CHRW", "reportedCurrency": "USD", "cik": "0001043277", "fillingDate": "2015-03-02", "acceptedDate": "2015-03-02 12:14:06", "calendarYear": "2014", "period": "FY", "revenue": 13470067000, "costOfRevenue": 12401436000, "grossProfit": 1068631000, "grossProfitRatio": 0.0793337554, "researchAndDevelopmentExpenses": 0, "generalAndAdministrativeExpenses": 0, "sellingAndMarketingExpenses": 0, "sellingGeneralAndAdministrativeExpenses": 320213000, "otherExpenses": 2359186000, "operatingExpenses": 320213000, "costAndExpenses": 12721649000, "interestIncome": 0, "interestExpense": 24987000, "depreciationAndAmortization": 57009000, "ebitda": 805427000, "ebitdaratio": 0.0597938377, "operatingIncome": 748418000, "operatingIncomeRatio": 0.0555615648, "totalOtherIncomeExpensesNet": -24987000, "incomeBeforeTax": 723431000, "incomeBeforeTaxRatio": 0.0537065629, "incomeTaxExpense": 273720000, "netIncome": 449711000, "netIncomeRatio": 0.0333859512, "eps": 3.06, "epsdiluted": 3.05, "weightedAverageShsOut": 147202000, "weightedAverageShsOutDil": 147542000, "link": "https://www.sec.gov/Archives/edgar/data/1043277/000162828015001350/0001628280-15-001350-index.htm", "finalLink": "https://www.sec.gov/Archives/edgar/data/1043277/000162828015001350/chrw-10k2014.htm", "calculatedOtherExpenses": 0, "calculatedOperatingExpenses": 320213000, "calculatedNetInterest": -24987000, "calculatedOtherIncome": 0, "calculatedIncomeNonControlling": 0, "calculatedEbitda": 805427000}, {"date": "2013-12-31", "symbol": "CHRW", "reportedCurrency": "USD", "cik": "0001043277", "fillingDate": "2014-03-03", "acceptedDate": "2014-03-03 14:31:49", "calendarYear": "2013", "period": "FY", "revenue": 12752076000, "costOfRevenue": 11742642000, "grossProfit": 1009434000, "grossProfitRatio": 0.0791584053, "researchAndDevelopmentExpenses": 0, "generalAndAdministrativeExpenses": 0, "sellingAndMarketingExpenses": 0, "sellingGeneralAndAdministrativeExpenses": 326784000, "otherExpenses": 2371327000, "operatingExpenses": 326784000, "costAndExpenses": 12069426000, "interestIncome": 0, "interestExpense": 0, "depreciationAndAmortization": 56882000, "ebitda": 748821000, "ebitdaratio": 0.0587214976, "operatingIncome": 682650000, "operatingIncomeRatio": 0.0535324601, "totalOtherIncomeExpensesNet": -9289000, "incomeBeforeTax": 673361000, "incomeBeforeTaxRatio": 0.0528040297, "incomeTaxExpense": 257457000, "netIncome": 415904000, "netIncomeRatio": 0.0326146111, "eps": 2.65, "epsdiluted": 2.65, "weightedAverageShsOut": 156915000, "weightedAverageShsOutDil": 157080000, "link": "https://www.sec.gov/Archives/edgar/data/1043277/000104327714000004/0001043277-14-000004-index.htm", "finalLink": "https://www.sec.gov/Archives/edgar/data/1043277/000104327714000004/chrw-10k2013.htm", "calculatedOtherExpenses": 0, "calculatedOperatingExpenses": 326784000, "calculatedNetInterest": 0, "calculatedOtherIncome": -9289000, "calculatedIncomeNonControlling": 0, "calculatedEbitda": 739532000}, {"date": "2012-12-31", "symbol": "CHRW", "reportedCurrency": "USD", "cik": "0001043277", "fillingDate": "2013-03-01", "acceptedDate": "2013-03-01 14:15:36", "calendarYear": "2012", "period": "FY", "revenue": 11359113000, "costOfRevenue": 10407548000, "grossProfit": 951565000, "grossProfitRatio": 0.0837710656, "researchAndDevelopmentExpenses": 0, "generalAndAdministrativeExpenses": 0, "sellingAndMarketingExpenses": 0, "sellingGeneralAndAdministrativeExpenses": 276245000, "otherExpenses": 2250270000, "operatingExpenses": 276245000, "costAndExpenses": 10683793000, "interestIncome": 0, "interestExpense": 0, "depreciationAndAmortization": 38090000, "ebitda": 430268000, "ebitdaratio": 0.0378786618, "operatingIncome": 675320000, "operatingIncomeRatio": 0.0594518252, "totalOtherIncomeExpensesNet": 283142000, "incomeBeforeTax": 958462000, "incomeBeforeTaxRatio": 0.0843782433, "incomeTaxExpense": 364658000, "netIncome": 593804000, "netIncomeRatio": 0.0522755606, "eps": 3.68, "epsdiluted": 3.67, "weightedAverageShsOut": 161557000, "weightedAverageShsOutDil": 161946000, "link": "https://www.sec.gov/Archives/edgar/data/1043277/000104327713000004/0001043277-13-000004-index.htm", "finalLink": "https://www.sec.gov/Archives/edgar/data/1043277/000104327713000004/chrw-10k2012.htm", "calculatedOtherExpenses": 0, "calculatedOperatingExpenses": 276245000, "calculatedNetInterest": 0, "calculatedOtherIncome": 283142000, "calculatedIncomeNonControlling": 0, "calculatedEbitda": 713410000}, {"date": "2011-12-31", "symbol": "CHRW", "reportedCurrency": "USD", "cik": "0001043277", "fillingDate": "2012-02-29", "acceptedDate": "2012-02-29 13:53:29", "calendarYear": "2011", "period": "FY", "revenue": 10336346000, "costOfRevenue": 8703688000, "grossProfit": 1632658000, "grossProfitRatio": 0.1579531103, "researchAndDevelopmentExpenses": 0, "generalAndAdministrativeExpenses": 939928000, "sellingAndMarketingExpenses": 0, "sellingGeneralAndAdministrativeExpenses": 939928000, "otherExpenses": 2103313000, "operatingExpenses": 939928000, "costAndExpenses": 9643616000, "interestIncome": 0, "interestExpense": 0, "depreciationAndAmortization": 32498000, "ebitda": 723254000, "ebitdaratio": 0.0699719224, "operatingIncome": 692730000, "operatingIncomeRatio": 0.0670188479, "totalOtherIncomeExpensesNet": 1974000, "incomeBeforeTax": 694704000, "incomeBeforeTaxRatio": 0.0672098244, "incomeTaxExpense": 263092000, "netIncome": 431612000, "netIncomeRatio": 0.0417567291, "eps": 2.63, "epsdiluted": 2.62, "weightedAverageShsOut": 164114000, "weightedAverageShsOutDil": 164741000, "link": "https://www.sec.gov/Archives/edgar/data/1043277/000119312512088389/0001193125-12-088389-index.htm", "finalLink": "https://www.sec.gov/Archives/edgar/data/1043277/000119312512088389/d270024d10k.htm", "calculatedOtherExpenses": 0, "calculatedOperatingExpenses": 939928000, "calculatedNetInterest": 0, "calculatedOtherIncome": 1974000, "calculatedIncomeNonControlling": 0, "calculatedEbitda": 725228000}, {"date": "2010-12-31", "symbol": "CHRW", "reportedCurrency": "USD", "cik": "0001043277", "fillingDate": "2011-03-01", "acceptedDate": "2011-03-01 11:52:53", "calendarYear": "2010", "period": "FY", "revenue": 9274305000, "costOfRevenue": 7806327000, "grossProfit": 1467978000, "grossProfitRatio": 0.1582844213, "researchAndDevelopmentExpenses": 0, "generalAndAdministrativeExpenses": 845118000, "sellingAndMarketingExpenses": 0, "sellingGeneralAndAdministrativeExpenses": 845118000, "otherExpenses": 2135861000, "operatingExpenses": 845118000, "costAndExpenses": 8651445000, "interestIncome": 0, "interestExpense": 0, "depreciationAndAmortization": 29369000, "ebitda": 650987000, "ebitdaratio": 0.0701925373, "operatingIncome": 622860000, "operatingIncomeRatio": 0.0671597494, "totalOtherIncomeExpensesNet": 1242000, "incomeBeforeTax": 624102000, "incomeBeforeTaxRatio": 0.0672936678, "incomeTaxExpense": 237076000, "netIncome": 387026000, "netIncomeRatio": 0.0417309976, "eps": 2.35, "epsdiluted": 2.33, "weightedAverageShsOut": 164909000, "weightedAverageShsOutDil": 165972000, "link": "https://www.sec.gov/Archives/edgar/data/1043277/000119312511051458/0001193125-11-051458-index.htm", "finalLink": "https://www.sec.gov/Archives/edgar/data/1043277/000119312511051458/d10k.htm", "calculatedOtherExpenses": 0, "calculatedOperatingExpenses": 845118000, "calculatedNetInterest": 0, "calculatedOtherIncome": 1242000, "calculatedIncomeNonControlling": 0, "calculatedEbitda": 652229000}, {"date": "2009-12-31", "symbol": "CHRW", "reportedCurrency": "USD", "cik": "0001043277", "fillingDate": "2010-03-01", "acceptedDate": "2010-03-01 16:03:50", "calendarYear": "2009", "period": "FY", "revenue": 7577189000, "costOfRevenue": 6195230000, "grossProfit": 1381959000, "grossProfitRatio": 0.1823841269, "researchAndDevelopmentExpenses": 0, "generalAndAdministrativeExpenses": 797148000, "sellingAndMarketingExpenses": 0, "sellingGeneralAndAdministrativeExpenses": 797148000, "otherExpenses": 0, "operatingExpenses": 797148000, "costAndExpenses": 6992378000, "interestIncome": 0, "interestExpense": 0, "depreciationAndAmortization": 30514000, "ebitda": 613075000, "ebitdaratio": 0.0809106121, "operatingIncome": 584811000, "operatingIncomeRatio": 0.0771804689, "totalOtherIncomeExpensesNet": 2250000, "incomeBeforeTax": 587061000, "incomeBeforeTaxRatio": 0.0774774128, "incomeTaxExpense": 226231000, "netIncome": 360830000, "netIncomeRatio": 0.0476205622, "eps": 2.15, "epsdiluted": 2.13, "weightedAverageShsOut": 167695000, "weightedAverageShsOutDil": 169194000, "link": "https://www.sec.gov/Archives/edgar/data/1043277/000119312510044679/0001193125-10-044679-index.htm", "finalLink": "https://www.sec.gov/Archives/edgar/data/1043277/000119312510044679/d10k.htm", "calculatedOtherExpenses": 0, "calculatedOperatingExpenses": 797148000, "calculatedNetInterest": 0, "calculatedOtherIncome": 2250000, "calculatedIncomeNonControlling": 0, "calculatedEbitda": 615325000}, {"date": "2008-12-31", "symbol": "CHRW", "reportedCurrency": "USD", "cik": "0001043277", "fillingDate": "2009-02-27", "acceptedDate": "2009-02-27 16:13:04", "calendarYear": "2008", "period": "FY", "revenue": 8578614000, "costOfRevenue": 7203651000, "grossProfit": 1374963000, "grossProfitRatio": 0.160277989, "researchAndDevelopmentExpenses": 0, "generalAndAdministrativeExpenses": 201555000, "sellingAndMarketingExpenses": 0, "sellingGeneralAndAdministrativeExpenses": 201555000, "otherExpenses": 0, "operatingExpenses": 803377000, "costAndExpenses": 803377000, "interestIncome": 0, "interestExpense": 0, "depreciationAndAmortization": 31164000, "ebitda": 7806401000, "ebitdaratio": 0.9099839438, "operatingIncome": 571586000, "operatingIncomeRatio": 0.0666291781, "totalOtherIncomeExpensesNet": 6801000, "incomeBeforeTax": 578387000, "incomeBeforeTaxRatio": 0.0674219635, "incomeTaxExpense": 219210000, "netIncome": 359177000, "netIncomeRatio": 0.0418688846, "eps": 2.12, "epsdiluted": 2.08, "weightedAverageShsOut": 169056000, "weightedAverageShsOutDil": 172733000, "link": "https://www.sec.gov/Archives/edgar/data/1043277/000119312509040954/0001193125-09-040954-index.htm", "finalLink": "https://www.sec.gov/Archives/edgar/data/1043277/000119312509040954/d10k.htm", "calculatedOtherExpenses": 601822000, "calculatedOperatingExpenses": 803377000, "calculatedNetInterest": 0, "calculatedOtherIncome": 6801000, "calculatedIncomeNonControlling": 0, "calculatedEbitda": 602750000}, {"date": "2007-12-31", "symbol": "CHRW", "reportedCurrency": "USD", "cik": "0001043277", "fillingDate": "2008-02-29", "acceptedDate": "2008-02-29 14:49:17", "calendarYear": "2007", "period": "FY", "revenue": 7316223000, "costOfRevenue": 6072445000, "grossProfit": 1243778000, "grossProfitRatio": 0.170002746, "researchAndDevelopmentExpenses": 0, "generalAndAdministrativeExpenses": 0, "sellingAndMarketingExpenses": 0, "sellingGeneralAndAdministrativeExpenses": 734094000, "otherExpenses": 0, "operatingExpenses": 734094000, "costAndExpenses": 6806539000, "interestIncome": 0, "interestExpense": 0, "depreciationAndAmortization": 27366000, "ebitda": 523220000, "ebitdaratio": 0.0715150427, "operatingIncome": 509684000, "operatingIncomeRatio": 0.0696649077, "totalOtherIncomeExpensesNet": 13830000, "incomeBeforeTax": 523514000, "incomeBeforeTaxRatio": 0.0715552273, "incomeTaxExpense": 199253000, "netIncome": 324261000, "netIncomeRatio": 0.0443208196, "eps": 1.9, "epsdiluted": 1.86, "weightedAverageShsOut": 170493000, "weightedAverageShsOutDil": 174040000, "link": "https://www.sec.gov/Archives/edgar/data/1043277/000119312508043464/0001193125-08-043464-index.htm", "finalLink": "https://www.sec.gov/Archives/edgar/data/1043277/000119312508043464/d10k.htm", "calculatedOtherExpenses": 0, "calculatedOperatingExpenses": 734094000, "calculatedNetInterest": 0, "calculatedOtherIncome": 13830000, "calculatedIncomeNonControlling": 0, "calculatedEbitda": 537050000}, {"date": "2006-12-31", "symbol": "CHRW", "reportedCurrency": "USD", "cik": "0001043277", "fillingDate": "2007-03-01", "acceptedDate": "2007-03-01 13:36:00", "calendarYear": "2006", "period": "FY", "revenue": 6556194000, "costOfRevenue": 5473650000, "grossProfit": 1082544000, "grossProfitRatio": 0.1651177497, "researchAndDevelopmentExpenses": 0, "generalAndAdministrativeExpenses": 0, "sellingAndMarketingExpenses": 0, "sellingGeneralAndAdministrativeExpenses": 664699000, "otherExpenses": 0, "operatingExpenses": 664699000, "costAndExpenses": 6138349000, "interestIncome": 0, "interestExpense": 0, "depreciationAndAmortization": 23932000, "ebitda": 441777000, "ebitdaratio": 0.0673831494, "operatingIncome": 417845000, "operatingIncomeRatio": 0.0637328609, "totalOtherIncomeExpensesNet": 11843000, "incomeBeforeTax": 429688000, "incomeBeforeTaxRatio": 0.0655392443, "incomeTaxExpense": 162763000, "netIncome": 266925000, "netIncomeRatio": 0.0407134078, "eps": 1.56, "epsdiluted": 1.53, "weightedAverageShsOut": 170888000, "weightedAverageShsOutDil": 174787000, "link": "https://www.sec.gov/Archives/edgar/data/1043277/000119312507044015/0001193125-07-044015-index.htm", "finalLink": "https://www.sec.gov/Archives/edgar/data/1043277/000119312507044015/d10k.htm", "calculatedOtherExpenses": 0, "calculatedOperatingExpenses": 664699000, "calculatedNetInterest": 0, "calculatedOtherIncome": 11843000, "calculatedIncomeNonControlling": 0, "calculatedEbitda": 441777000}, {"date": "2005-12-31", "symbol": "CHRW", "reportedCurrency": "USD", "cik": "0001043277", "fillingDate": "2006-03-16", "acceptedDate": "2006-03-16 14:51:54", "calendarYear": "2005", "period": "FY", "revenue": 5688948000, "costOfRevenue": 4809198000, "grossProfit": 879750000, "grossProfitRatio": 0.1546419479, "researchAndDevelopmentExpenses": 0, "generalAndAdministrativeExpenses": 0, "sellingAndMarketingExpenses": 0, "sellingGeneralAndAdministrativeExpenses": 553389000, "otherExpenses": 0, "operatingExpenses": 553389000, "costAndExpenses": 5362587000, "interestIncome": 0, "interestExpense": 0, "depreciationAndAmortization": 18500000, "ebitda": 344777000, "ebitdaratio": 0.0606047023, "operatingIncome": 326361000, "operatingIncomeRatio": 0.0573675484, "totalOtherIncomeExpensesNet": 84000, "incomeBeforeTax": 332753000, "incomeBeforeTaxRatio": 0.0584911305, "incomeTaxExpense": 129395000, "netIncome": 203358000, "netIncomeRatio": 0.035746152, "eps": 1.2, "epsdiluted": 1.16, "weightedAverageShsOut": 170052000, "weightedAverageShsOutDil": 174698000, "link": "https://www.sec.gov/Archives/edgar/data/1043277/000119312506056510/0001193125-06-056510-index.htm", "finalLink": "https://www.sec.gov/Archives/edgar/data/1043277/000119312506056510/d10k.htm", "calculatedOtherExpenses": 0, "calculatedOperatingExpenses": 553389000, "calculatedNetInterest": 0, "calculatedOtherIncome": 6392000, "calculatedIncomeNonControlling": 0, "calculatedEbitda": 344861000}, {"date": "2004-12-31", "symbol": "CHRW", "reportedCurrency": "USD", "cik": "0001043277", "fillingDate": "2005-03-15", "acceptedDate": "2005-03-15 14:26:05", "calendarYear": "2004", "period": "FY", "revenue": 4341538000, "costOfRevenue": 3680547000, "grossProfit": 660991000, "grossProfitRatio": 0.1522481204, "researchAndDevelopmentExpenses": 0, "generalAndAdministrativeExpenses": 0, "sellingAndMarketingExpenses": 0, "sellingGeneralAndAdministrativeExpenses": 438223000, "otherExpenses": 0, "operatingExpenses": 438223000, "costAndExpenses": 4118770000, "interestIncome": 0, "interestExpense": 0, "depreciationAndAmortization": 11814000, "ebitda": 234136000, "ebitdaratio": 0.0539292758, "operatingIncome": 222768000, "operatingIncomeRatio": 0.0513108488, "totalOtherIncomeExpensesNet": 446000, "incomeBeforeTax": 226038000, "incomeBeforeTaxRatio": 0.0520640381, "incomeTaxExpense": 88784000, "netIncome": 137254000, "netIncomeRatio": 0.0316141423, "eps": 0.81, "epsdiluted": 0.79, "weightedAverageShsOut": 169228000, "weightedAverageShsOutDil": 173144000, "link": "https://www.sec.gov/Archives/edgar/data/1043277/000119312505050796/0001193125-05-050796-index.htm", "finalLink": "https://www.sec.gov/Archives/edgar/data/1043277/000119312505050796/d10k.htm", "calculatedOtherExpenses": 0, "calculatedOperatingExpenses": 438223000, "calculatedNetInterest": 0, "calculatedOtherIncome": 3270000, "calculatedIncomeNonControlling": 0, "calculatedEbitda": 234582000}, {"date": "2003-12-31", "symbol": "CHRW", "reportedCurrency": "USD", "cik": "0001043277", "fillingDate": "2004-03-15", "acceptedDate": "2004-03-15 16:18:48", "calendarYear": "2003", "period": "FY", "revenue": 3613645000, "costOfRevenue": 3068797000, "grossProfit": 544848000, "grossProfitRatio": 0.1507751868, "researchAndDevelopmentExpenses": 0, "generalAndAdministrativeExpenses": 0, "sellingAndMarketingExpenses": 0, "sellingGeneralAndAdministrativeExpenses": 361264000, "otherExpenses": 0, "operatingExpenses": 361264000, "costAndExpenses": 3430061000, "interestIncome": 0, "interestExpense": 0, "depreciationAndAmortization": 10992000, "ebitda": 194234000, "ebitdaratio": 0.0537501608, "operatingIncome": 183584000, "operatingIncomeRatio": 0.0508029981, "totalOtherIncomeExpensesNet": 342000, "incomeBeforeTax": 186172000, "incomeBeforeTaxRatio": 0.0515191725, "incomeTaxExpense": 72049000, "netIncome": 114123000, "netIncomeRatio": 0.0315811321, "eps": 0.64, "epsdiluted": 0.62, "weightedAverageShsOut": 168774000, "weightedAverageShsOutDil": 172138000, "link": "https://www.sec.gov/Archives/edgar/data/1043277/000119312504042242/0001193125-04-042242-index.htm", "finalLink": "https://www.sec.gov/Archives/edgar/data/1043277/000119312504042242/d10k.htm", "calculatedOtherExpenses": 0, "calculatedOperatingExpenses": 361264000, "calculatedNetInterest": 0, "calculatedOtherIncome": 2588000, "calculatedIncomeNonControlling": 0, "calculatedEbitda": 194576000}, {"date": "2002-12-31", "symbol": "CHRW", "reportedCurrency": "USD", "cik": "0001043277", "fillingDate": "2003-03-17", "acceptedDate": "2003-03-17 17:16:36", "calendarYear": "2002", "period": "FY", "revenue": 3294473000, "costOfRevenue": 2810695000, "grossProfit": 483778000, "grossProfitRatio": 0.1468453376, "researchAndDevelopmentExpenses": 0, "generalAndAdministrativeExpenses": 0, "sellingAndMarketingExpenses": 0, "sellingGeneralAndAdministrativeExpenses": 327198000, "otherExpenses": 0, "operatingExpenses": 327198000, "costAndExpenses": 3137893000, "interestIncome": 0, "interestExpense": 0, "depreciationAndAmortization": 14029000, "ebitda": 169275000, "ebitdaratio": 0.0513815108, "operatingIncome": 156580000, "operatingIncomeRatio": 0.0475280872, "totalOtherIncomeExpensesNet": 1334000, "incomeBeforeTax": 157914000, "incomeBeforeTaxRatio": 0.0479330078, "incomeTaxExpense": 61589000, "netIncome": 96325000, "netIncomeRatio": 0.0292383638, "eps": 0.53, "epsdiluted": 0.52, "weightedAverageShsOut": 168736000, "weightedAverageShsOutDil": 171514000, "link": "https://www.sec.gov/Archives/edgar/data/1043277/000104596903000650/0001045969-03-000650-index.htm", "finalLink": "https://www.sec.gov/Archives/edgar/data/1043277/000104596903000650/d10k.htm", "calculatedOtherExpenses": 0, "calculatedOperatingExpenses": 327198000, "calculatedNetInterest": 0, "calculatedOtherIncome": 1334000, "calculatedIncomeNonControlling": 0, "calculatedEbitda": 170609000}, {"date": "2001-12-31", "symbol": "CHRW", "reportedCurrency": "USD", "cik": "0001043277", "fillingDate": "2002-03-15", "acceptedDate": "2002-03-15 00:00:00", "calendarYear": "2001", "period": "FY", "revenue": 3090072000, "costOfRevenue": 2633500000, "grossProfit": 456572000, "grossProfitRatio": 0.147754486, "researchAndDevelopmentExpenses": 0, "generalAndAdministrativeExpenses": 0, "sellingAndMarketingExpenses": 0, "sellingGeneralAndAdministrativeExpenses": 322298000, "otherExpenses": 0, "operatingExpenses": 322298000, "costAndExpenses": 2955798000, "interestIncome": 0, "interestExpense": 0, "depreciationAndAmortization": 19136000, "ebitda": 149311000, "ebitdaratio": 0.0483195861, "operatingIncome": 134274000, "operatingIncomeRatio": 0.0434533564, "totalOtherIncomeExpensesNet": 4099000, "incomeBeforeTax": 138373000, "incomeBeforeTaxRatio": 0.0447798627, "incomeTaxExpense": 54381000, "netIncome": 83992000, "netIncomeRatio": 0.0271812437, "eps": 0.48, "epsdiluted": 0.47, "weightedAverageShsOut": 168748000, "weightedAverageShsOutDil": 171548000, "link": "https://www.sec.gov/Archives/edgar/data/1043277/000104596902000429/0001045969-02-000429-index.htm", "finalLink": "https://www.sec.gov/Archives/edgar/data/1043277/000104596902000429/d10k.htm", "calculatedOtherExpenses": 0, "calculatedOperatingExpenses": 322298000, "calculatedNetInterest": 0, "calculatedOtherIncome": 4099000, "calculatedIncomeNonControlling": 0, "calculatedEbitda": 153410000}, {"date": "2000-12-31", "symbol": "CHRW", "reportedCurrency": "USD", "cik": "0001043277", "fillingDate": "2001-03-30", "acceptedDate": "2001-03-30 00:00:00", "calendarYear": "2000", "period": "FY", "revenue": 2882175000, "costOfRevenue": 2462832000, "grossProfit": 419343000, "grossProfitRatio": 0.145495329, "researchAndDevelopmentExpenses": 0, "generalAndAdministrativeExpenses": 0, "sellingAndMarketingExpenses": 0, "sellingGeneralAndAdministrativeExpenses": 302335000, "otherExpenses": 0, "operatingExpenses": 302335000, "costAndExpenses": 2765167000, "interestIncome": 0, "interestExpense": 0, "depreciationAndAmortization": 17318000, "ebitda": 133576000, "ebitdaratio": 0.046345555, "operatingIncome": 117008000, "operatingIncomeRatio": 0.0405971185, "totalOtherIncomeExpensesNet": 750000, "incomeBeforeTax": 117758000, "incomeBeforeTaxRatio": 0.0408573386, "incomeTaxExpense": 46516000, "netIncome": 71242000, "netIncomeRatio": 0.0247181382, "eps": 0.41, "epsdiluted": 0.41, "weightedAverageShsOut": 169058000, "weightedAverageShsOutDil": 171434000, "link": "https://www.sec.gov/Archives/edgar/data/1043277/000095010901500359/0000950109-01-500359-index.htm", "finalLink": "https://www.sec.gov/Archives/edgar/data/1043277/000095010901500359/d10k.htm", "calculatedOtherExpenses": 0, "calculatedOperatingExpenses": 302335000, "calculatedNetInterest": 0, "calculatedOtherIncome": 750000, "calculatedIncomeNonControlling": 0, "calculatedEbitda": 134326000}, {"date": "1999-12-31", "symbol": "CHRW", "reportedCurrency": "USD", "cik": "0001043277", "fillingDate": "2000-03-24", "acceptedDate": "2000-03-24 00:00:00", "calendarYear": "1999", "period": "FY", "revenue": 2261000000, "costOfRevenue": 1967700000, "grossProfit": 293300000, "grossProfitRatio": 0.1297213622, "researchAndDevelopmentExpenses": 0, "generalAndAdministrativeExpenses": 0, "sellingAndMarketingExpenses": 0, "sellingGeneralAndAdministrativeExpenses": 209500000, "otherExpenses": 0, "operatingExpenses": 209500000, "costAndExpenses": 2177200000, "interestIncome": 0, "interestExpense": 0, "depreciationAndAmortization": 10100000, "ebitda": 89300000, "ebitdaratio": 0.0394957983, "operatingIncome": 83800000, "operatingIncomeRatio": 0.0370632464, "totalOtherIncomeExpensesNet": 4600000, "incomeBeforeTax": 88400000, "incomeBeforeTaxRatio": 0.0390977444, "incomeTaxExpense": 35100000, "netIncome": 53300000, "netIncomeRatio": 0.02357364, "eps": 0.33, "epsdiluted": 0.32, "weightedAverageShsOut": 164912000, "weightedAverageShsOutDil": 166012000, "link": "https://www.sec.gov/Archives/edgar/data/1043277/000104596900000210/0001045969-00-000210-index.html", "finalLink": "https://www.sec.gov/Archives/edgar/data/1043277/000104596900000210/", "calculatedOtherExpenses": 0, "calculatedOperatingExpenses": 209500000, "calculatedNetInterest": 0, "calculatedOtherIncome": 4600000, "calculatedIncomeNonControlling": 0, "calculatedEbitda": 93900000}, {"date": "1998-12-31", "symbol": "CHRW", "reportedCurrency": "USD", "cik": "0001043277", "fillingDate": "1999-03-26", "acceptedDate": "1999-03-26 00:00:00", "calendarYear": "1998", "period": "FY", "revenue": 2038100000, "costOfRevenue": 1792500000, "grossProfit": 245600000, "grossProfitRatio": 0.1205043913, "researchAndDevelopmentExpenses": 0, "generalAndAdministrativeExpenses": 0, "sellingAndMarketingExpenses": 0, "sellingGeneralAndAdministrativeExpenses": 177200000, "otherExpenses": 0, "operatingExpenses": 177200000, "costAndExpenses": 1969700000, "interestIncome": 0, "interestExpense": 0, "depreciationAndAmortization": 8500000, "ebitda": 74100000, "ebitdaratio": 0.0363573917, "operatingIncome": 68400000, "operatingIncomeRatio": 0.0335606693, "totalOtherIncomeExpensesNet": 2800000, "incomeBeforeTax": 71300000, "incomeBeforeTaxRatio": 0.0349835631, "incomeTaxExpense": 28300000, "netIncome": 43000000, "netIncomeRatio": 0.0210980815, "eps": 0.26, "epsdiluted": 0.26, "weightedAverageShsOut": 164864000, "weightedAverageShsOutDil": 165236000, "link": "https://www.sec.gov/Archives/edgar/data/1043277/000104596999000186/0001045969-99-000186-index.html", "finalLink": "https://www.sec.gov/Archives/edgar/data/1043277/", "calculatedOtherExpenses": 0, "calculatedOperatingExpenses": 177200000, "calculatedNetInterest": 0, "calculatedOtherIncome": 2900000, "calculatedIncomeNonControlling": 0, "calculatedEbitda": 76900000}, {"date": "1997-12-31", "symbol": "CHRW", "reportedCurrency": "USD", "cik": "0001043277", "fillingDate": "1998-03-25", "acceptedDate": "1998-03-25 00:00:00", "calendarYear": "1997", "period": "FY", "revenue": 1790800000, "costOfRevenue": 1584800000, "grossProfit": 206000000, "grossProfitRatio": 0.1150323878, "researchAndDevelopmentExpenses": 0, "generalAndAdministrativeExpenses": 0, "sellingAndMarketingExpenses": 0, "sellingGeneralAndAdministrativeExpenses": 174000000, "otherExpenses": 0, "operatingExpenses": 174000000, "costAndExpenses": 1758800000, "interestIncome": 0, "interestExpense": 0, "depreciationAndAmortization": 8700000, "ebitda": 37800000, "ebitdaratio": 0.0211078847, "operatingIncome": 32000000, "operatingIncomeRatio": 0.0178691088, "totalOtherIncomeExpensesNet": 2900000, "incomeBeforeTax": 35000000, "incomeBeforeTaxRatio": 0.0195443377, "incomeTaxExpense": 23500000, "netIncome": 27600000, "netIncomeRatio": 0.0154121063, "eps": 0.17, "epsdiluted": 0.17, "weightedAverageShsOut": 162352941, "weightedAverageShsOutDil": 162352941, "link": "https://www.sec.gov/Archives/edgar/data/1043277/000104596998000295/0001045969-98-000295-index.html", "finalLink": "https://www.sec.gov/Archives/edgar/data/1043277/", "calculatedOtherExpenses": 0, "calculatedOperatingExpenses": 174000000, "calculatedNetInterest": 0, "calculatedOtherIncome": 3000000, "calculatedIncomeNonControlling": -16100000, "calculatedEbitda": 40700000}, {"date": "1996-12-31", "symbol": "CHRW", "reportedCurrency": "USD", "cik": "0001043277", "fillingDate": "1996-12-31", "acceptedDate": "1996-12-30 19:00:00", "calendarYear": "1996", "period": "FY", "revenue": 1605900000, "costOfRevenue": 1426800000, "grossProfit": 179100000, "grossProfitRatio": 0.111526247, "researchAndDevelopmentExpenses": 0, "generalAndAdministrativeExpenses": 0, "sellingAndMarketingExpenses": 0, "sellingGeneralAndAdministrativeExpenses": 129000000, "otherExpenses": 0, "operatingExpenses": 129000000, "costAndExpenses": 1555800000, "interestIncome": 0, "interestExpense": 0, "depreciationAndAmortization": 7600000, "ebitda": 54600000, "ebitdaratio": 0.0339996264, "operatingIncome": 50100000, "operatingIncomeRatio": 0.0311974594, "totalOtherIncomeExpensesNet": 3100000, "incomeBeforeTax": 53100000, "incomeBeforeTaxRatio": 0.0330655707, "incomeTaxExpense": 20700000, "netIncome": 34600000, "netIncomeRatio": 0.0215455508, "eps": 0.21, "epsdiluted": 0.21, "weightedAverageShsOut": 167196000, "weightedAverageShsOutDil": 167196000, "link": "", "finalLink": "", "calculatedOtherExpenses": 0, "calculatedOperatingExpenses": 129000000, "calculatedNetInterest": 0, "calculatedOtherIncome": 3000000, "calculatedIncomeNonControlling": -2200000, "calculatedEbitda": 57700000}]}