{"originalCurrency": "USD", "convertedCurrency": "USD", "report": [{"date": "2023-12-31", "symbol": "CHTR", "reportedCurrency": "USD", "cik": "0001091667", "fillingDate": "2024-02-02", "acceptedDate": "2024-02-02 07:03:03", "calendarYear": "2023", "period": "FY", "revenue": 54607000000, "costOfRevenue": 29752000000, "grossProfit": 24855000000, "grossProfitRatio": 0.4551614262, "researchAndDevelopmentExpenses": 0, "generalAndAdministrativeExpenses": 216000000, "sellingAndMarketingExpenses": 3653000000, "sellingGeneralAndAdministrativeExpenses": 3869000000, "otherExpenses": -216000000, "operatingExpenses": 12565000000, "costAndExpenses": 42317000000, "interestIncome": 0, "interestExpense": 5188000000, "depreciationAndAmortization": 8696000000, "ebitda": 20643000000, "ebitdaratio": 0.3780284579, "operatingIncome": 12559000000, "operatingIncomeRatio": 0.2299888293, "totalOtherIncomeExpensesNet": -248000000, "incomeBeforeTax": 6854000000, "incomeBeforeTaxRatio": 0.1255150439, "incomeTaxExpense": 1593000000, "netIncome": 4557000000, "netIncomeRatio": 0.0834508396, "eps": 30.54, "epsdiluted": 29.99, "weightedAverageShsOut": 149208188, "weightedAverageShsOutDil": 151966313, "link": "https://www.sec.gov/Archives/edgar/data/1091667/000109166724000028/0001091667-24-000028-index.htm", "finalLink": "https://www.sec.gov/Archives/edgar/data/1091667/000109166724000028/chtr-20231231.htm", "calculatedOtherExpenses": 8427000000, "calculatedOperatingExpenses": 12296000000, "calculatedNetInterest": -5188000000, "calculatedOtherIncome": -517000000, "calculatedIncomeNonControlling": 704000000, "calculatedEbitda": 21255000000}, {"date": "2022-12-31", "symbol": "CHTR", "reportedCurrency": "USD", "cik": "0001091667", "fillingDate": "2023-01-27", "acceptedDate": "2023-01-27 07:04:46", "calendarYear": "2022", "period": "FY", "revenue": 54022000000, "costOfRevenue": 32876000000, "grossProfit": 21146000000, "grossProfitRatio": 0.3914331198, "researchAndDevelopmentExpenses": 0, "generalAndAdministrativeExpenses": -254000000, "sellingAndMarketingExpenses": 3339000000, "sellingGeneralAndAdministrativeExpenses": 3339000000, "otherExpenses": 5845000000, "operatingExpenses": 9184000000, "costAndExpenses": 42060000000, "interestIncome": 4556000000, "interestExpense": 4556000000, "depreciationAndAmortization": 8959000000, "ebitda": 20921000000, "ebitdaratio": 0.38726815, "operatingIncome": 11962000000, "operatingIncomeRatio": 0.221428307, "totalOtherIncomeExpensesNet": -4500000000, "incomeBeforeTax": 7462000000, "incomeBeforeTaxRatio": 0.1381289104, "incomeTaxExpense": 1613000000, "netIncome": 5055000000, "netIncomeRatio": 0.0935729888, "eps": 31.3, "epsdiluted": 30.74, "weightedAverageShsOut": 161501355, "weightedAverageShsOutDil": 164433596, "link": "https://www.sec.gov/Archives/edgar/data/1091667/000109166723000024/0001091667-23-000024-index.htm", "finalLink": "https://www.sec.gov/Archives/edgar/data/1091667/000109166723000024/chtr-20221231.htm", "calculatedOtherExpenses": 5845000000, "calculatedOperatingExpenses": 9184000000, "calculatedNetInterest": 0, "calculatedOtherIncome": -4500000000, "calculatedIncomeNonControlling": 794000000, "calculatedEbitda": 20921000000}, {"date": "2021-12-31", "symbol": "CHTR", "reportedCurrency": "USD", "cik": "0001091667", "fillingDate": "2022-01-28", "acceptedDate": "2022-01-28 07:05:57", "calendarYear": "2021", "period": "FY", "revenue": 51682000000, "costOfRevenue": 27981000000, "grossProfit": 23701000000, "grossProfitRatio": 0.4585929337, "researchAndDevelopmentExpenses": 0, "generalAndAdministrativeExpenses": 430000000, "sellingAndMarketingExpenses": 3071000000, "sellingGeneralAndAdministrativeExpenses": 3501000000, "otherExpenses": 9674000000, "operatingExpenses": 13175000000, "costAndExpenses": 41156000000, "interestIncome": 4037000000, "interestExpense": 4037000000, "depreciationAndAmortization": 9244000000, "ebitda": 19770000000, "ebitdaratio": 0.3825316358, "operatingIncome": 10526000000, "operatingIncomeRatio": 0.2036685887, "totalOtherIncomeExpensesNet": -4138000000, "incomeBeforeTax": 6388000000, "incomeBeforeTaxRatio": 0.1236020278, "incomeTaxExpense": 1068000000, "netIncome": 4654000000, "netIncomeRatio": 0.0900506946, "eps": 25.34, "epsdiluted": 24.11, "weightedAverageShsOut": 183669369, "weightedAverageShsOutDil": 193042948, "link": "https://www.sec.gov/Archives/edgar/data/1091667/000109166722000024/0001091667-22-000024-index.htm", "finalLink": "https://www.sec.gov/Archives/edgar/data/1091667/000109166722000024/chtr-20211231.htm", "calculatedOtherExpenses": 9674000000, "calculatedOperatingExpenses": 13175000000, "calculatedNetInterest": 0, "calculatedOtherIncome": -4138000000, "calculatedIncomeNonControlling": 666000000, "calculatedEbitda": 19770000000}, {"date": "2020-12-31", "symbol": "CHTR", "reportedCurrency": "USD", "cik": "0001091667", "fillingDate": "2021-01-29", "acceptedDate": "2021-01-29 07:06:30", "calendarYear": "2020", "period": "FY", "revenue": 48097000000, "costOfRevenue": 26548000000, "grossProfit": 21549000000, "grossProfitRatio": 0.4480321018, "researchAndDevelopmentExpenses": 0, "generalAndAdministrativeExpenses": 351000000, "sellingAndMarketingExpenses": 3031000000, "sellingGeneralAndAdministrativeExpenses": 3382000000, "otherExpenses": 9762000000, "operatingExpenses": 13144000000, "costAndExpenses": 39692000000, "interestIncome": 3848000000, "interestExpense": 3848000000, "depreciationAndAmortization": 9607000000, "ebitda": 18012000000, "ebitdaratio": 0.3744932116, "operatingIncome": 8405000000, "operatingIncomeRatio": 0.174751024, "totalOtherIncomeExpensesNet": -4103000000, "incomeBeforeTax": 4302000000, "incomeBeforeTaxRatio": 0.0894442481, "incomeTaxExpense": 626000000, "netIncome": 3222000000, "netIncomeRatio": 0.0669896251, "eps": 15.85, "epsdiluted": 15.4, "weightedAverageShsOut": 203316483, "weightedAverageShsOutDil": 209273247, "link": "https://www.sec.gov/Archives/edgar/data/1091667/000109166721000022/0001091667-21-000022-index.htm", "finalLink": "https://www.sec.gov/Archives/edgar/data/1091667/000109166721000022/chtr-20201231.htm", "calculatedOtherExpenses": 9762000000, "calculatedOperatingExpenses": 13144000000, "calculatedNetInterest": 0, "calculatedOtherIncome": -4103000000, "calculatedIncomeNonControlling": 454000000, "calculatedEbitda": 18012000000}, {"date": "2019-12-31", "symbol": "CHTR", "reportedCurrency": "USD", "cik": "0001091667", "fillingDate": "2020-01-31", "acceptedDate": "2020-01-31 07:08:17", "calendarYear": "2019", "period": "FY", "revenue": 45764000000, "costOfRevenue": 25865000000, "grossProfit": 19899000000, "grossProfitRatio": 0.4348177607, "researchAndDevelopmentExpenses": 0, "generalAndAdministrativeExpenses": 315000000, "sellingAndMarketingExpenses": 3044000000, "sellingGeneralAndAdministrativeExpenses": 3359000000, "otherExpenses": 10029000000, "operatingExpenses": 13388000000, "costAndExpenses": 39253000000, "interestIncome": 3797000000, "interestExpense": 3797000000, "depreciationAndAmortization": 9722000000, "ebitda": 16233000000, "ebitdaratio": 0.3547111266, "operatingIncome": 6511000000, "operatingIncomeRatio": 0.1422734027, "totalOtherIncomeExpensesNet": -4080000000, "incomeBeforeTax": 2431000000, "incomeBeforeTaxRatio": 0.0531203566, "incomeTaxExpense": 439000000, "netIncome": 1668000000, "netIncomeRatio": 0.0364478629, "eps": 7.6, "epsdiluted": 7.45, "weightedAverageShsOut": 219506735, "weightedAverageShsOutDil": 223786380, "link": "https://www.sec.gov/Archives/edgar/data/1091667/000109166720000024/0001091667-20-000024-index.htm", "finalLink": "https://www.sec.gov/Archives/edgar/data/1091667/000109166720000024/chtr12312019-10k.htm", "calculatedOtherExpenses": 10029000000, "calculatedOperatingExpenses": 13388000000, "calculatedNetInterest": 0, "calculatedOtherIncome": -4080000000, "calculatedIncomeNonControlling": 324000000, "calculatedEbitda": 16233000000}, {"date": "2018-12-31", "symbol": "CHTR", "reportedCurrency": "USD", "cik": "0001091667", "fillingDate": "2019-01-31", "acceptedDate": "2019-01-31 07:13:55", "calendarYear": "2018", "period": "FY", "revenue": 43634000000, "costOfRevenue": 27860000000, "grossProfit": 15774000000, "grossProfitRatio": 0.3615070816, "researchAndDevelopmentExpenses": 0, "generalAndAdministrativeExpenses": 285000000, "sellingAndMarketingExpenses": 3042000000, "sellingGeneralAndAdministrativeExpenses": 285000000, "otherExpenses": 10033000000, "operatingExpenses": 10318000000, "costAndExpenses": 38178000000, "interestIncome": 0, "interestExpense": 3540000000, "depreciationAndAmortization": 10318000000, "ebitda": 15268000000, "ebitdaratio": 0.3499106202, "operatingIncome": 5221000000, "operatingIncomeRatio": 0.1196543979, "totalOtherIncomeExpensesNet": -3535000000, "incomeBeforeTax": 1686000000, "incomeBeforeTaxRatio": 0.038639593, "incomeTaxExpense": 180000000, "netIncome": 1230000000, "netIncomeRatio": 0.0281890269, "eps": 5.29, "epsdiluted": 5.22, "weightedAverageShsOut": 232356665, "weightedAverageShsOutDil": 235525226, "link": "https://www.sec.gov/Archives/edgar/data/1091667/000109166719000029/0001091667-19-000029-index.htm", "finalLink": "https://www.sec.gov/Archives/edgar/data/1091667/000109166719000029/chtr12312018-10k.htm", "calculatedOtherExpenses": 10268000000, "calculatedOperatingExpenses": 10553000000, "calculatedNetInterest": -3540000000, "calculatedOtherIncome": 5000000, "calculatedIncomeNonControlling": 276000000, "calculatedEbitda": 15539000000}, {"date": "2017-12-31", "symbol": "CHTR", "reportedCurrency": "USD", "cik": "0001091667", "fillingDate": "2018-02-02", "acceptedDate": "2018-02-02 08:07:24", "calendarYear": "2017", "period": "FY", "revenue": 41581000000, "costOfRevenue": 26541000000, "grossProfit": 15040000000, "grossProfitRatio": 0.3617036627, "researchAndDevelopmentExpenses": 0, "generalAndAdministrativeExpenses": 261000000, "sellingAndMarketingExpenses": 2420000000, "sellingGeneralAndAdministrativeExpenses": 261000000, "otherExpenses": 10327000000, "operatingExpenses": 10588000000, "costAndExpenses": 37129000000, "interestIncome": 0, "interestExpense": 3090000000, "depreciationAndAmortization": 10588000000, "ebitda": 14486000000, "ebitdaratio": 0.3483802698, "operatingIncome": 4106000000, "operatingIncomeRatio": 0.0987470239, "totalOtherIncomeExpensesNet": -3078000000, "incomeBeforeTax": 1028000000, "incomeBeforeTaxRatio": 0.0247228301, "incomeTaxExpense": -9087000000, "netIncome": 9895000000, "netIncomeRatio": 0.2379692648, "eps": 38.55, "epsdiluted": 34.09, "weightedAverageShsOut": 256720715, "weightedAverageShsOutDil": 296703956, "link": "https://www.sec.gov/Archives/edgar/data/1091667/000109166718000025/0001091667-18-000025-index.htm", "finalLink": "https://www.sec.gov/Archives/edgar/data/1091667/000109166718000025/chtr12312017-10k.htm", "calculatedOtherExpenses": 10673000000, "calculatedOperatingExpenses": 10934000000, "calculatedNetInterest": -3090000000, "calculatedOtherIncome": 12000000, "calculatedIncomeNonControlling": 220000000, "calculatedEbitda": 14694000000}, {"date": "2016-12-31", "symbol": "CHTR", "reportedCurrency": "USD", "cik": "0001091667", "fillingDate": "2017-02-16", "acceptedDate": "2017-02-16 07:10:06", "calendarYear": "2016", "period": "FY", "revenue": 29003000000, "costOfRevenue": 18655000000, "grossProfit": 10348000000, "grossProfitRatio": 0.3567906768, "researchAndDevelopmentExpenses": 0, "generalAndAdministrativeExpenses": -899000000, "sellingAndMarketingExpenses": 1699000000, "sellingGeneralAndAdministrativeExpenses": -899000000, "otherExpenses": 6907000000, "operatingExpenses": 6008000000, "costAndExpenses": 24663000000, "interestIncome": 0, "interestExpense": 2499000000, "depreciationAndAmortization": 6907000000, "ebitda": 10003000000, "ebitdaratio": 0.3448953557, "operatingIncome": 3355000000, "operatingIncomeRatio": 0.1156776885, "totalOtherIncomeExpensesNet": -2535000000, "incomeBeforeTax": 820000000, "incomeBeforeTaxRatio": 0.0282729373, "incomeTaxExpense": -2925000000, "netIncome": 3522000000, "netIncomeRatio": 0.1214357135, "eps": 17.05, "epsdiluted": 15.94, "weightedAverageShsOut": 206539100, "weightedAverageShsOutDil": 234791439, "link": "https://www.sec.gov/Archives/edgar/data/1091667/000109166717000030/0001091667-17-000030-index.htm", "finalLink": "https://www.sec.gov/Archives/edgar/data/1091667/000109166717000030/chtr123116-10k.htm", "calculatedOtherExpenses": 7892000000, "calculatedOperatingExpenses": 6993000000, "calculatedNetInterest": -2499000000, "calculatedOtherIncome": -36000000, "calculatedIncomeNonControlling": 223000000, "calculatedEbitda": 10262000000}, {"date": "2015-12-31", "symbol": "CHTR", "reportedCurrency": "USD", "cik": "0001091667", "fillingDate": "2016-02-10", "acceptedDate": "2016-02-09 19:19:39", "calendarYear": "2015", "period": "FY", "revenue": 9754000000, "costOfRevenue": 6426000000, "grossProfit": 3328000000, "grossProfitRatio": 0.3411933566, "researchAndDevelopmentExpenses": 0, "generalAndAdministrativeExpenses": 78000000, "sellingAndMarketingExpenses": 619000000, "sellingGeneralAndAdministrativeExpenses": 78000000, "otherExpenses": 2047000000, "operatingExpenses": 2125000000, "costAndExpenses": 8551000000, "interestIncome": 0, "interestExpense": 1306000000, "depreciationAndAmortization": 2125000000, "ebitda": 3100000000, "ebitdaratio": 0.3178183309, "operatingIncome": 1114000000, "operatingIncomeRatio": 0.1142095551, "totalOtherIncomeExpensesNet": -1445000000, "incomeBeforeTax": -331000000, "incomeBeforeTaxRatio": -0.033934796, "incomeTaxExpense": -60000000, "netIncome": -271000000, "netIncomeRatio": -0.0277834734, "eps": -2.68, "epsdiluted": -2.68, "weightedAverageShsOut": 101119402, "weightedAverageShsOutDil": 101152646, "link": "https://www.sec.gov/Archives/edgar/data/1091667/000109166716000396/0001091667-16-000396-index.htm", "finalLink": "https://www.sec.gov/Archives/edgar/data/1091667/000109166716000396/chtr123115-10k.htm", "calculatedOtherExpenses": 2136000000, "calculatedOperatingExpenses": 2214000000, "calculatedNetInterest": -1306000000, "calculatedOtherIncome": -139000000, "calculatedIncomeNonControlling": 0, "calculatedEbitda": 3239000000}, {"date": "2014-12-31", "symbol": "CHTR", "reportedCurrency": "USD", "cik": "0001091667", "fillingDate": "2015-02-24", "acceptedDate": "2015-02-23 19:13:45", "calendarYear": "2014", "period": "FY", "revenue": 9108000000, "costOfRevenue": 5973000000, "grossProfit": 3135000000, "grossProfitRatio": 0.3442028986, "researchAndDevelopmentExpenses": 0, "generalAndAdministrativeExpenses": 55000000, "sellingAndMarketingExpenses": 529000000, "sellingGeneralAndAdministrativeExpenses": 55000000, "otherExpenses": 2047000000, "operatingExpenses": 2102000000, "costAndExpenses": 8075000000, "interestIncome": 0, "interestExpense": 911000000, "depreciationAndAmortization": 2102000000, "ebitda": 3066000000, "ebitdaratio": 0.336627141, "operatingIncome": 971000000, "operatingIncomeRatio": 0.106609574, "totalOtherIncomeExpensesNet": -918000000, "incomeBeforeTax": 53000000, "incomeBeforeTaxRatio": 0.0058190602, "incomeTaxExpense": 236000000, "netIncome": -183000000, "netIncomeRatio": -0.0200922266, "eps": -1.88, "epsdiluted": -1.87, "weightedAverageShsOut": 97340477, "weightedAverageShsOutDil": 97991915, "link": "https://www.sec.gov/Archives/edgar/data/1091667/000109166715000049/0001091667-15-000049-index.htm", "finalLink": "https://www.sec.gov/Archives/edgar/data/1091667/000109166715000049/chtr123114-10k.htm", "calculatedOtherExpenses": 2109000000, "calculatedOperatingExpenses": 2164000000, "calculatedNetInterest": -911000000, "calculatedOtherIncome": -7000000, "calculatedIncomeNonControlling": 0, "calculatedEbitda": 3073000000}, {"date": "2013-12-31", "symbol": "CHTR", "reportedCurrency": "USD", "cik": "0001091667", "fillingDate": "2014-02-21", "acceptedDate": "2014-02-21 08:04:50", "calendarYear": "2013", "period": "FY", "revenue": 8155000000, "costOfRevenue": 5345000000, "grossProfit": 2810000000, "grossProfitRatio": 0.3445738811, "researchAndDevelopmentExpenses": 0, "generalAndAdministrativeExpenses": 48000000, "sellingAndMarketingExpenses": 479000000, "sellingGeneralAndAdministrativeExpenses": 48000000, "otherExpenses": 1806000000, "operatingExpenses": 1854000000, "costAndExpenses": 7199000000, "interestIncome": 0, "interestExpense": 846000000, "depreciationAndAmortization": 1854000000, "ebitda": 2651000000, "ebitdaratio": 0.3250766401, "operatingIncome": 925000000, "operatingIncomeRatio": 0.1134273452, "totalOtherIncomeExpensesNet": -974000000, "incomeBeforeTax": -49000000, "incomeBeforeTaxRatio": -0.0060085837, "incomeTaxExpense": 120000000, "netIncome": -169000000, "netIncomeRatio": -0.0207234825, "eps": -1.83, "epsdiluted": -1.83, "weightedAverageShsOut": 92169292, "weightedAverageShsOutDil": 92169292, "link": "https://www.sec.gov/Archives/edgar/data/1091667/000109166714000080/0001091667-14-000080-index.htm", "finalLink": "https://www.sec.gov/Archives/edgar/data/1091667/000109166714000080/chtr123113-10k.htm", "calculatedOtherExpenses": 1837000000, "calculatedOperatingExpenses": 1885000000, "calculatedNetInterest": -846000000, "calculatedOtherIncome": -128000000, "calculatedIncomeNonControlling": 0, "calculatedEbitda": 2779000000}, {"date": "2012-12-31", "symbol": "CHTR", "reportedCurrency": "USD", "cik": "0001091667", "fillingDate": "2013-02-22", "acceptedDate": "2013-02-22 08:08:15", "calendarYear": "2012", "period": "FY", "revenue": 7504000000, "costOfRevenue": 4860000000, "grossProfit": 2644000000, "grossProfitRatio": 0.3523454158, "researchAndDevelopmentExpenses": 0, "generalAndAdministrativeExpenses": 0, "sellingAndMarketingExpenses": 422000000, "sellingGeneralAndAdministrativeExpenses": 422000000, "otherExpenses": 1713000000, "operatingExpenses": 1713000000, "costAndExpenses": 6573000000, "interestIncome": 0, "interestExpense": 907000000, "depreciationAndAmortization": 1713000000, "ebitda": 2573000000, "ebitdaratio": 0.3428837953, "operatingIncome": 916000000, "operatingIncomeRatio": 0.1220682303, "totalOtherIncomeExpensesNet": -963000000, "incomeBeforeTax": -47000000, "incomeBeforeTaxRatio": -0.0062633262, "incomeTaxExpense": 257000000, "netIncome": -304000000, "netIncomeRatio": -0.0405117271, "eps": -3.37, "epsdiluted": -3.37, "weightedAverageShsOut": 90110753, "weightedAverageShsOutDil": 90110753, "link": "https://www.sec.gov/Archives/edgar/data/1091667/000109166713000020/0001091667-13-000020-index.htm", "finalLink": "https://www.sec.gov/Archives/edgar/data/1091667/000109166713000020/chtr123112-10k.htm", "calculatedOtherExpenses": 1306000000, "calculatedOperatingExpenses": 1728000000, "calculatedNetInterest": -907000000, "calculatedOtherIncome": -56000000, "calculatedIncomeNonControlling": 0, "calculatedEbitda": 2629000000}, {"date": "2011-12-31", "symbol": "CHTR", "reportedCurrency": "USD", "cik": "0001091667", "fillingDate": "2012-02-27", "acceptedDate": "2012-02-27 08:14:46", "calendarYear": "2011", "period": "FY", "revenue": 7204000000, "costOfRevenue": 3138000000, "grossProfit": 4066000000, "grossProfitRatio": 0.5644086619, "researchAndDevelopmentExpenses": 0, "generalAndAdministrativeExpenses": 0, "sellingAndMarketingExpenses": 0, "sellingGeneralAndAdministrativeExpenses": 1426000000, "otherExpenses": 1599000000, "operatingExpenses": 3025000000, "costAndExpenses": 6163000000, "interestIncome": 0, "interestExpense": 963000000, "depreciationAndAmortization": 1592000000, "ebitda": 2485000000, "ebitdaratio": 0.3449472515, "operatingIncome": 1041000000, "operatingIncomeRatio": 0.1445030539, "totalOtherIncomeExpensesNet": -1111000000, "incomeBeforeTax": -70000000, "incomeBeforeTaxRatio": -0.009716824, "incomeTaxExpense": 299000000, "netIncome": -369000000, "netIncomeRatio": -0.0512215436, "eps": -3.75, "epsdiluted": -3.75, "weightedAverageShsOut": 98511282, "weightedAverageShsOutDil": 98511282, "link": "https://www.sec.gov/Archives/edgar/data/1091667/000109166712000026/0001091667-12-000026-index.htm", "finalLink": "https://www.sec.gov/Archives/edgar/data/1091667/000109166712000026/chtr12312011-10k.htm", "calculatedOtherExpenses": 1599000000, "calculatedOperatingExpenses": 3025000000, "calculatedNetInterest": -963000000, "calculatedOtherIncome": -148000000, "calculatedIncomeNonControlling": 0, "calculatedEbitda": 2633000000}, {"date": "2010-12-31", "symbol": "CHTR", "reportedCurrency": "USD", "cik": "0001091667", "fillingDate": "2011-03-01", "acceptedDate": "2011-03-01 08:30:41", "calendarYear": "2010", "period": "FY", "revenue": 7059000000, "costOfRevenue": 3064000000, "grossProfit": 3995000000, "grossProfitRatio": 0.5659441847, "researchAndDevelopmentExpenses": 0, "generalAndAdministrativeExpenses": 0, "sellingAndMarketingExpenses": 0, "sellingGeneralAndAdministrativeExpenses": 1422000000, "otherExpenses": 1524000000, "operatingExpenses": 2946000000, "costAndExpenses": 6010000000, "interestIncome": 0, "interestExpense": 877000000, "depreciationAndAmortization": 1524000000, "ebitda": 2459000000, "ebitdaratio": 0.3483496246, "operatingIncome": 1049000000, "operatingIncomeRatio": 0.1486046182, "totalOtherIncomeExpensesNet": -991000000, "incomeBeforeTax": 58000000, "incomeBeforeTaxRatio": 0.0082164613, "incomeTaxExpense": 295000000, "netIncome": -237000000, "netIncomeRatio": -0.0335741606, "eps": -2.32, "epsdiluted": -2.32, "weightedAverageShsOut": 102299796, "weightedAverageShsOutDil": 102299796, "link": "https://www.sec.gov/Archives/edgar/data/1091667/000109166711000029/0001091667-11-000029-index.htm", "finalLink": "https://www.sec.gov/Archives/edgar/data/1091667/000109166711000029/body.htm", "calculatedOtherExpenses": 1524000000, "calculatedOperatingExpenses": 2946000000, "calculatedNetInterest": -877000000, "calculatedOtherIncome": -114000000, "calculatedIncomeNonControlling": 0, "calculatedEbitda": 2573000000}, {"date": "2009-12-31", "symbol": "CHTR", "reportedCurrency": "USD", "cik": "0001091667", "fillingDate": "2010-02-26", "acceptedDate": "2010-02-26 16:43:18", "calendarYear": "2009", "period": "FY", "revenue": 6755000000, "costOfRevenue": 2909000000, "grossProfit": 3846000000, "grossProfitRatio": 0.5693560326, "researchAndDevelopmentExpenses": 0, "generalAndAdministrativeExpenses": 1380000000, "sellingAndMarketingExpenses": 0, "sellingGeneralAndAdministrativeExpenses": 1380000000, "otherExpenses": -8385000000, "operatingExpenses": -7005000000, "costAndExpenses": -4096000000, "interestIncome": 0, "interestExpense": -68000000, "depreciationAndAmortization": 1316000000, "ebitda": 12606000000, "ebitdaratio": 1.866173205, "operatingIncome": 10851000000, "operatingIncomeRatio": 1.6063656551, "totalOtherIncomeExpensesNet": -1093000000, "incomeBeforeTax": 9758000000, "incomeBeforeTaxRatio": 1.4445595855, "incomeTaxExpense": -8000000, "netIncome": 11366000000, "netIncomeRatio": 1.6826054774, "eps": 110.35, "epsdiluted": 110.35, "weightedAverageShsOut": 103000000, "weightedAverageShsOutDil": 103000000, "link": "https://www.sec.gov/Archives/edgar/data/1091667/000109166710000019/0001091667-10-000019-index.htm", "finalLink": "https://www.sec.gov/Archives/edgar/data/1091667/000109166710000019/body.htm", "calculatedOtherExpenses": -8385000000, "calculatedOperatingExpenses": -7005000000, "calculatedNetInterest": 68000000, "calculatedOtherIncome": -1161000000, "calculatedIncomeNonControlling": -1600000000, "calculatedEbitda": 12167000000}, {"date": "2008-12-31", "symbol": "CHTR", "reportedCurrency": "USD", "cik": "0001091667", "fillingDate": "2009-03-16", "acceptedDate": "2009-03-16 14:54:25", "calendarYear": "2008", "period": "FY", "revenue": 6479000000, "costOfRevenue": 2792000000, "grossProfit": 3687000000, "grossProfitRatio": 0.5690693008, "researchAndDevelopmentExpenses": 0, "generalAndAdministrativeExpenses": 0, "sellingAndMarketingExpenses": 0, "sellingGeneralAndAdministrativeExpenses": 1401000000, "otherExpenses": 1323000000, "operatingExpenses": 2724000000, "costAndExpenses": 5516000000, "interestIncome": 0, "interestExpense": 1903000000, "depreciationAndAmortization": 1310000000, "ebitda": 659000000, "ebitdaratio": 0.1017132273, "operatingIncome": 963000000, "operatingIncomeRatio": 0.1486340485, "totalOtherIncomeExpensesNet": -3517000000, "incomeBeforeTax": -2554000000, "incomeBeforeTaxRatio": -0.3941966353, "incomeTaxExpense": -103000000, "netIncome": -2451000000, "netIncomeRatio": -0.3782991202, "eps": -7.26, "epsdiluted": -7.26, "weightedAverageShsOut": 337686980, "weightedAverageShsOutDil": 337686980, "link": "https://www.sec.gov/Archives/edgar/data/1091667/000109166709000038/0001091667-09-000038-index.htm", "finalLink": "https://www.sec.gov/Archives/edgar/data/1091667/000109166709000038/body.htm", "calculatedOtherExpenses": 1323000000, "calculatedOperatingExpenses": 2724000000, "calculatedNetInterest": -1903000000, "calculatedOtherIncome": -1614000000, "calculatedIncomeNonControlling": 0, "calculatedEbitda": 2273000000}, {"date": "2007-12-31", "symbol": "CHTR", "reportedCurrency": "USD", "cik": "0001091667", "fillingDate": "2008-02-27", "acceptedDate": "2008-02-27 08:31:25", "calendarYear": "2007", "period": "FY", "revenue": 6002000000, "costOfRevenue": 2620000000, "grossProfit": 3382000000, "grossProfitRatio": 0.5634788404, "researchAndDevelopmentExpenses": 0, "generalAndAdministrativeExpenses": 0, "sellingAndMarketingExpenses": 0, "sellingGeneralAndAdministrativeExpenses": 1289000000, "otherExpenses": 1545000000, "operatingExpenses": 2834000000, "costAndExpenses": 5454000000, "interestIncome": 0, "interestExpense": -1851000000, "depreciationAndAmortization": 1328000000, "ebitda": -79000000, "ebitdaratio": -0.0131622792, "operatingIncome": 548000000, "operatingIncomeRatio": 0.091302899, "totalOtherIncomeExpensesNet": -1955000000, "incomeBeforeTax": -1407000000, "incomeBeforeTaxRatio": -0.2344218594, "incomeTaxExpense": 209000000, "netIncome": -1616000000, "netIncomeRatio": -0.2692435855, "eps": -4.85, "epsdiluted": -4.85, "weightedAverageShsOut": 332963157, "weightedAverageShsOutDil": 332963157, "link": "https://www.sec.gov/Archives/edgar/data/1091667/000109166708000004/0001091667-08-000004-index.htm", "finalLink": "https://www.sec.gov/Archives/edgar/data/1091667/000109166708000004/body.htm", "calculatedOtherExpenses": 1545000000, "calculatedOperatingExpenses": 2834000000, "calculatedNetInterest": 1851000000, "calculatedOtherIncome": -3806000000, "calculatedIncomeNonControlling": 0, "calculatedEbitda": 1876000000}, {"date": "2006-12-31", "symbol": "CHTR", "reportedCurrency": "USD", "cik": "0001091667", "fillingDate": "2007-02-28", "acceptedDate": "2007-02-28 08:15:57", "calendarYear": "2006", "period": "FY", "revenue": 5504000000, "costOfRevenue": 2438000000, "grossProfit": 3066000000, "grossProfitRatio": 0.5570494186, "researchAndDevelopmentExpenses": 0, "generalAndAdministrativeExpenses": 0, "sellingAndMarketingExpenses": 0, "sellingGeneralAndAdministrativeExpenses": 1165000000, "otherExpenses": 1534000000, "operatingExpenses": 2699000000, "costAndExpenses": 5137000000, "interestIncome": 0, "interestExpense": -1887000000, "depreciationAndAmortization": 1362000000, "ebitda": 179000000, "ebitdaratio": 0.0325218023, "operatingIncome": 367000000, "operatingIncomeRatio": 0.0666787791, "totalOtherIncomeExpensesNet": -1766000000, "incomeBeforeTax": -1399000000, "incomeBeforeTaxRatio": -0.2541787791, "incomeTaxExpense": 187000000, "netIncome": -1370000000, "netIncomeRatio": -0.2489098837, "eps": -4.56, "epsdiluted": -4.56, "weightedAverageShsOut": 300141764, "weightedAverageShsOutDil": 300141764, "link": "https://www.sec.gov/Archives/edgar/data/1091667/000109166707000015/0001091667-07-000015-index.htm", "finalLink": "https://www.sec.gov/Archives/edgar/data/1091667/000109166707000015/body.htm", "calculatedOtherExpenses": 1534000000, "calculatedOperatingExpenses": 2699000000, "calculatedNetInterest": 1887000000, "calculatedOtherIncome": -3653000000, "calculatedIncomeNonControlling": -216000000, "calculatedEbitda": 1729000000}, {"date": "2005-12-31", "symbol": "CHTR", "reportedCurrency": "USD", "cik": "0001091667", "fillingDate": "2006-02-28", "acceptedDate": "2006-02-28 08:13:50", "calendarYear": "2005", "period": "FY", "revenue": 5254000000, "costOfRevenue": 2293000000, "grossProfit": 2961000000, "grossProfitRatio": 0.5635706129, "researchAndDevelopmentExpenses": 0, "generalAndAdministrativeExpenses": 0, "sellingAndMarketingExpenses": 0, "sellingGeneralAndAdministrativeExpenses": 1048000000, "otherExpenses": 1570000000, "operatingExpenses": 2618000000, "costAndExpenses": 4911000000, "interestIncome": 0, "interestExpense": -1789000000, "depreciationAndAmortization": 1499000000, "ebitda": 647000000, "ebitdaratio": 0.123144271, "operatingIncome": 343000000, "operatingIncomeRatio": 0.0652835935, "totalOtherIncomeExpensesNet": -1195000000, "incomeBeforeTax": -852000000, "incomeBeforeTaxRatio": -0.1621621622, "incomeTaxExpense": 115000000, "netIncome": -967000000, "netIncomeRatio": -0.1840502474, "eps": -3.45, "epsdiluted": -3.45, "weightedAverageShsOut": 280445810, "weightedAverageShsOutDil": 280445810, "link": "https://www.sec.gov/Archives/edgar/data/1091667/000109166706000093/0001091667-06-000093-index.htm", "finalLink": "https://www.sec.gov/Archives/edgar/data/1091667/000109166706000093/body.htm", "calculatedOtherExpenses": 1570000000, "calculatedOperatingExpenses": 2618000000, "calculatedNetInterest": 1789000000, "calculatedOtherIncome": -2984000000, "calculatedIncomeNonControlling": 0, "calculatedEbitda": 1842000000}, {"date": "2004-12-31", "symbol": "CHTR", "reportedCurrency": "USD", "cik": "0001091667", "fillingDate": "2005-03-03", "acceptedDate": "2005-03-02 21:06:46", "calendarYear": "2004", "period": "FY", "revenue": 4977000000, "costOfRevenue": 2080000000, "grossProfit": 2897000000, "grossProfitRatio": 0.5820775568, "researchAndDevelopmentExpenses": 0, "generalAndAdministrativeExpenses": 0, "sellingAndMarketingExpenses": 0, "sellingGeneralAndAdministrativeExpenses": 1002000000, "otherExpenses": 3941000000, "operatingExpenses": 4943000000, "costAndExpenses": 7023000000, "interestIncome": 0, "interestExpense": -1670000000, "depreciationAndAmortization": 1495000000, "ebitda": -2949000000, "ebitdaratio": -0.5925256178, "operatingIncome": -2046000000, "operatingIncomeRatio": -0.4110910187, "totalOtherIncomeExpensesNet": -1633000000, "incomeBeforeTax": -3679000000, "incomeBeforeTaxRatio": -0.7392003215, "incomeTaxExpense": -103000000, "netIncome": -4341000000, "netIncomeRatio": -0.872212176, "eps": -15.99, "epsdiluted": -15.99, "weightedAverageShsOut": 271523915, "weightedAverageShsOutDil": 271523915, "link": "https://www.sec.gov/Archives/edgar/data/1091667/000095013705002540/0000950137-05-002540-index.htm", "finalLink": "https://www.sec.gov/Archives/edgar/data/1091667/000095013705002540/c92627e10vk.htm", "calculatedOtherExpenses": 3941000000, "calculatedOperatingExpenses": 4943000000, "calculatedNetInterest": 1670000000, "calculatedOtherIncome": -3303000000, "calculatedIncomeNonControlling": 765000000, "calculatedEbitda": -551000000}, {"date": "2003-12-31", "symbol": "CHTR", "reportedCurrency": "USD", "cik": "0001091667", "fillingDate": "2004-03-15", "acceptedDate": "2004-03-15 16:55:06", "calendarYear": "2003", "period": "FY", "revenue": 4819000000, "costOfRevenue": 1952000000, "grossProfit": 2867000000, "grossProfitRatio": 0.5949367089, "researchAndDevelopmentExpenses": 0, "generalAndAdministrativeExpenses": 0, "sellingAndMarketingExpenses": 0, "sellingGeneralAndAdministrativeExpenses": 940000000, "otherExpenses": 1411000000, "operatingExpenses": 2351000000, "costAndExpenses": 4303000000, "interestIncome": 0, "interestExpense": -1557000000, "depreciationAndAmortization": 1479000000, "ebitda": 1131000000, "ebitdaratio": 0.234695995, "operatingIncome": 516000000, "operatingIncomeRatio": 0.1070761569, "totalOtherIncomeExpensesNet": -864000000, "incomeBeforeTax": -348000000, "incomeBeforeTaxRatio": -0.0722141523, "incomeTaxExpense": -110000000, "netIncome": -238000000, "netIncomeRatio": -0.0493878398, "eps": -0.89, "epsdiluted": -0.89, "weightedAverageShsOut": 266375076, "weightedAverageShsOutDil": 266375076, "link": "https://www.sec.gov/Archives/edgar/data/1091667/000095013704001876/0000950137-04-001876-index.htm", "finalLink": "https://www.sec.gov/Archives/edgar/data/1091667/000095013704001876/c83767e10vk.htm", "calculatedOtherExpenses": 1411000000, "calculatedOperatingExpenses": 2351000000, "calculatedNetInterest": 1557000000, "calculatedOtherIncome": -2421000000, "calculatedIncomeNonControlling": 0, "calculatedEbitda": 1995000000}, {"date": "2002-12-31", "symbol": "CHTR", "reportedCurrency": "USD", "cik": "0001091667", "fillingDate": "2003-04-15", "acceptedDate": "2003-04-15 14:02:15", "calendarYear": "2002", "period": "FY", "revenue": 4566000000, "costOfRevenue": 1804000000, "grossProfit": 2762000000, "grossProfitRatio": 0.6049058257, "researchAndDevelopmentExpenses": 0, "generalAndAdministrativeExpenses": 897000000, "sellingAndMarketingExpenses": 74000000, "sellingGeneralAndAdministrativeExpenses": 971000000, "otherExpenses": 6075000000, "operatingExpenses": 7046000000, "costAndExpenses": 8850000000, "interestIncome": 0, "interestExpense": -1506000000, "depreciationAndAmortization": 1437000000, "ebitda": -1597000000, "ebitdaratio": -0.3497590889, "operatingIncome": -4284000000, "operatingIncomeRatio": -0.938239159, "totalOtherIncomeExpensesNet": 1516000000, "incomeBeforeTax": -2768000000, "incomeBeforeTaxRatio": -0.6062198861, "incomeTaxExpense": -520000000, "netIncome": -2514000000, "netIncomeRatio": -0.5505913272, "eps": -9.44, "epsdiluted": -9.44, "weightedAverageShsOut": 266232883, "weightedAverageShsOutDil": 266232883, "link": "https://www.sec.gov/Archives/edgar/data/1091667/000095012303004266/0000950123-03-004266-index.htm", "finalLink": "https://www.sec.gov/Archives/edgar/data/1091667/000095012303004266/y85418e10vk.htm", "calculatedOtherExpenses": 6075000000, "calculatedOperatingExpenses": 7046000000, "calculatedNetInterest": 1506000000, "calculatedOtherIncome": 10000000, "calculatedIncomeNonControlling": 266000000, "calculatedEbitda": -2847000000}, {"date": "2001-12-31", "symbol": "CHTR", "reportedCurrency": "USD", "cik": "0001091667", "fillingDate": "2002-03-29", "acceptedDate": "2002-03-29 00:00:00", "calendarYear": "2001", "period": "FY", "revenue": 3953132000, "costOfRevenue": 2110043000, "grossProfit": 1843089000, "grossProfitRatio": 0.466235127, "researchAndDevelopmentExpenses": 0, "generalAndAdministrativeExpenses": 11247000, "sellingAndMarketingExpenses": 0, "sellingGeneralAndAdministrativeExpenses": 11247000, "otherExpenses": 3027697000, "operatingExpenses": 3038944000, "costAndExpenses": 5148987000, "interestIncome": 0, "interestExpense": 0, "depreciationAndAmortization": 3010068000, "ebitda": 1832391000, "ebitdaratio": 0.4635289183, "operatingIncome": -1195855000, "operatingIncomeRatio": -0.302508239, "totalOtherIncomeExpensesNet": -165902000, "incomeBeforeTax": -1361757000, "incomeBeforeTaxRatio": -0.3444754691, "incomeTaxExpense": -165902000, "netIncome": -1177677000, "netIncomeRatio": -0.2979098598, "eps": -4.83, "epsdiluted": -4.83, "weightedAverageShsOut": 243767243, "weightedAverageShsOutDil": 243767243, "link": "https://www.sec.gov/Archives/edgar/data/1091667/000095012302003204/0000950123-02-003204-index.htm", "finalLink": "https://www.sec.gov/Archives/edgar/data/1091667/000095012302003204/y58890e10-k405.htm", "calculatedOtherExpenses": 3027697000, "calculatedOperatingExpenses": 3038944000, "calculatedNetInterest": 0, "calculatedOtherIncome": -165902000, "calculatedIncomeNonControlling": -18178000, "calculatedEbitda": 1814213000}, {"date": "2000-12-31", "symbol": "CHTR", "reportedCurrency": "USD", "cik": "0001091667", "fillingDate": "2001-03-06", "acceptedDate": "2001-03-06 00:00:00", "calendarYear": "2000", "period": "FY", "revenue": 3249222000, "costOfRevenue": 794597000, "grossProfit": 2454625000, "grossProfitRatio": 0.7554500739, "researchAndDevelopmentExpenses": 0, "generalAndAdministrativeExpenses": 952977000, "sellingAndMarketingExpenses": 0, "sellingGeneralAndAdministrativeExpenses": 952977000, "otherExpenses": 2473082000, "operatingExpenses": 3426059000, "costAndExpenses": 4220656000, "interestIncome": 0, "interestExpense": 0, "depreciationAndAmortization": 2473082000, "ebitda": 1644432000, "ebitdaratio": 0.5061002295, "operatingIncome": -971434000, "operatingIncomeRatio": -0.2989743391, "totalOtherIncomeExpensesNet": -31729000, "incomeBeforeTax": -1003163000, "incomeBeforeTaxRatio": -0.3087394459, "incomeTaxExpense": -31729000, "netIncome": -828650000, "netIncomeRatio": -0.2550302811, "eps": -4.06, "epsdiluted": -4.06, "weightedAverageShsOut": 204075928, "weightedAverageShsOutDil": 204075928, "link": "https://www.sec.gov/Archives/edgar/data/1091667/000095012301002038/0000950123-01-002038-index.htm", "finalLink": "https://www.sec.gov/Archives/edgar/data/1091667/000095012301002038/y44579tke10-k.txt", "calculatedOtherExpenses": 2473082000, "calculatedOperatingExpenses": 3426059000, "calculatedNetInterest": 0, "calculatedOtherIncome": -31729000, "calculatedIncomeNonControlling": -142784000, "calculatedEbitda": 1501648000}, {"date": "1999-12-31", "symbol": "CHTR", "reportedCurrency": "USD", "cik": "0001091667", "fillingDate": "2000-03-30", "acceptedDate": "2000-03-30 00:00:00", "calendarYear": "1999", "period": "FY", "revenue": 1428244000, "costOfRevenue": 0, "grossProfit": 1428244000, "grossProfitRatio": 1, "researchAndDevelopmentExpenses": 0, "generalAndAdministrativeExpenses": 817936000, "sellingAndMarketingExpenses": 0, "sellingGeneralAndAdministrativeExpenses": 817936000, "otherExpenses": 745315000, "operatingExpenses": 1563251000, "costAndExpenses": 1563251000, "interestIncome": 34467000, "interestExpense": 477799000, "depreciationAndAmortization": 745315000, "ebitda": 1157915000, "ebitdaratio": 0.8107263185, "operatingIncome": -135007000, "operatingIncomeRatio": -0.0945265655, "totalOtherIncomeExpensesNet": -502799000, "incomeBeforeTax": -637806000, "incomeBeforeTaxRatio": -0.4465665531, "incomeTaxExpense": 1030000, "netIncome": -66229000, "netIncomeRatio": -0.0463709282, "eps": -0.33, "epsdiluted": -0.33, "weightedAverageShsOut": 200506350, "weightedAverageShsOutDil": 200506350, "link": "https://www.sec.gov/Archives/edgar/data/1091667/000095012400001846/0000950124-00-001846-index.html", "finalLink": "https://www.sec.gov/Archives/edgar/data/1091667/000095012400001846/", "calculatedOtherExpenses": 745315000, "calculatedOperatingExpenses": 1563251000, "calculatedNetInterest": -443332000, "calculatedOtherIncome": -59467000, "calculatedIncomeNonControlling": -572607000, "calculatedEbitda": 610308000}, {"date": "1998-12-31", "symbol": "CHTR", "reportedCurrency": "USD", "cik": "0001091667", "fillingDate": "1998-12-31", "acceptedDate": "1998-12-30 19:00:00", "calendarYear": "1998", "period": "FY", "revenue": 13713000, "costOfRevenue": 0, "grossProfit": 13713000, "grossProfitRatio": 1, "researchAndDevelopmentExpenses": 0, "generalAndAdministrativeExpenses": 7979000, "sellingAndMarketingExpenses": 0, "sellingGeneralAndAdministrativeExpenses": 7979000, "otherExpenses": 8318000, "operatingExpenses": 16297000, "costAndExpenses": 16297000, "interestIncome": 133000, "interestExpense": 2353000, "depreciationAndAmortization": 8318000, "ebitda": 10669000, "ebitdaratio": 0.7780208561, "operatingIncome": -2584000, "operatingIncomeRatio": -0.1884343324, "totalOtherIncomeExpensesNet": -2693000, "incomeBeforeTax": -5277000, "incomeBeforeTaxRatio": -0.3848173266, "incomeTaxExpense": -340000, "netIncome": -2000, "netIncomeRatio": -0.000145847, "eps": 0, "epsdiluted": 0, "weightedAverageShsOut": 200506350, "weightedAverageShsOutDil": 200506350, "link": "", "finalLink": "", "calculatedOtherExpenses": 8318000, "calculatedOperatingExpenses": 16297000, "calculatedNetInterest": -2220000, "calculatedOtherIncome": -473000, "calculatedIncomeNonControlling": -4935000, "calculatedEbitda": 5734000}]}