{"originalCurrency": "USD", "convertedCurrency": "USD", "report": [{"date": "2024-01-28", "symbol": "CHWY", "reportedCurrency": "USD", "cik": "0001766502", "fillingDate": "2024-03-20", "acceptedDate": "2024-03-20 16:33:31", "calendarYear": "2023", "period": "FY", "revenue": 11147720000, "costOfRevenue": 8092002000, "grossProfit": 3055718000, "grossProfitRatio": 0.2741114775, "researchAndDevelopmentExpenses": 30200000, "generalAndAdministrativeExpenses": 2442683000, "sellingAndMarketingExpenses": 742460000, "sellingGeneralAndAdministrativeExpenses": 3050329000, "otherExpenses": 742460000, "operatingExpenses": 3050329000, "costAndExpenses": 11142331000, "interestIncome": 62083000, "interestExpense": 3582000, "depreciationAndAmortization": 109693000, "ebitda": 115082000, "ebitdaratio": 0.0103233666, "operatingIncome": 5389000, "operatingIncomeRatio": 0.0004834172, "totalOtherIncomeExpensesNet": 42841000, "incomeBeforeTax": 48230000, "incomeBeforeTaxRatio": 0.0043264452, "incomeTaxExpense": 8650000, "netIncome": 39580000, "netIncomeRatio": 0.0035505018, "eps": 0.0922, "epsdiluted": 0.0916, "weightedAverageShsOut": 429457000, "weightedAverageShsOutDil": 432040000, "link": "https://www.sec.gov/Archives/edgar/data/1766502/000176650224000014/0001766502-24-000014-index.htm", "finalLink": "https://www.sec.gov/Archives/edgar/data/1766502/000176650224000014/chwy-20240128.htm", "calculatedOtherExpenses": -30200000, "calculatedOperatingExpenses": 3050329000, "calculatedNetInterest": 58501000, "calculatedOtherIncome": -15660000, "calculatedIncomeNonControlling": 0, "calculatedEbitda": 115082000}, {"date": "2023-01-29", "symbol": "CHWY", "reportedCurrency": "USD", "cik": "0001766502", "fillingDate": "2023-03-22", "acceptedDate": "2023-03-22 16:33:57", "calendarYear": "2022", "period": "FY", "revenue": 10098939000, "costOfRevenue": 7268034000, "grossProfit": 2830905000, "grossProfitRatio": 0.2803170709, "researchAndDevelopmentExpenses": 22400000, "generalAndAdministrativeExpenses": 2125766000, "sellingAndMarketingExpenses": 649386000, "sellingGeneralAndAdministrativeExpenses": 2775152000, "otherExpenses": -13166000, "operatingExpenses": 2775152000, "costAndExpenses": 10043186000, "interestIncome": 11865000, "interestExpense": 9291000, "depreciationAndAmortization": 83307000, "ebitda": 139060000, "ebitdaratio": 0.0137697633, "operatingIncome": 55753000, "operatingIncomeRatio": 0.005520679, "totalOtherIncomeExpensesNet": -3875000, "incomeBeforeTax": 51878000, "incomeBeforeTaxRatio": 0.0051369753, "incomeTaxExpense": 2646000, "netIncome": 49899000, "netIncomeRatio": 0.0049410141, "eps": 0.12, "epsdiluted": 0.12, "weightedAverageShsOut": 422331000, "weightedAverageShsOutDil": 427770000, "link": "https://www.sec.gov/Archives/edgar/data/1766502/000176650223000011/0001766502-23-000011-index.htm", "finalLink": "https://www.sec.gov/Archives/edgar/data/1766502/000176650223000011/chwy-20230129.htm", "calculatedOtherExpenses": -22400000, "calculatedOperatingExpenses": 2775152000, "calculatedNetInterest": 2574000, "calculatedOtherIncome": -6449000, "calculatedIncomeNonControlling": -667000, "calculatedEbitda": 139060000}, {"date": "2022-01-30", "symbol": "CHWY", "reportedCurrency": "USD", "cik": "0001766502", "fillingDate": "2022-03-29", "acceptedDate": "2022-03-29 16:30:10", "calendarYear": "2021", "period": "FY", "revenue": 8890773000, "costOfRevenue": 6517191000, "grossProfit": 2373582000, "grossProfitRatio": 0.2669713871, "researchAndDevelopmentExpenses": 14200000, "generalAndAdministrativeExpenses": 1826858000, "sellingAndMarketingExpenses": 618902000, "sellingGeneralAndAdministrativeExpenses": 2445760000, "otherExpenses": 618902000, "operatingExpenses": 2445760000, "costAndExpenses": 8962951000, "interestIncome": 1639000, "interestExpense": -1639000, "depreciationAndAmortization": 55009000, "ebitda": -17169000, "ebitdaratio": -0.0019311032, "operatingIncome": -72178000, "operatingIncomeRatio": -0.0081183042, "totalOtherIncomeExpensesNet": -1639000, "incomeBeforeTax": -73817000, "incomeBeforeTaxRatio": -0.0083026526, "incomeTaxExpense": 1639000, "netIncome": -75456000, "netIncomeRatio": -0.0084870011, "eps": -0.18, "epsdiluted": -0.18, "weightedAverageShsOut": 417218000, "weightedAverageShsOutDil": 417218000, "link": "https://www.sec.gov/Archives/edgar/data/1766502/000176650222000008/0001766502-22-000008-index.htm", "finalLink": "https://www.sec.gov/Archives/edgar/data/1766502/000176650222000008/chwy-20220130.htm", "calculatedOtherExpenses": -14200000, "calculatedOperatingExpenses": 2445760000, "calculatedNetInterest": 3278000, "calculatedOtherIncome": -4917000, "calculatedIncomeNonControlling": 0, "calculatedEbitda": -17169000}, {"date": "2021-01-31", "symbol": "CHWY", "reportedCurrency": "USD", "cik": "0001766502", "fillingDate": "2021-03-30", "acceptedDate": "2021-03-30 16:43:44", "calendarYear": "2020", "period": "FY", "revenue": 7146264000, "costOfRevenue": 5325457000, "grossProfit": 1820807000, "grossProfitRatio": 0.2547914547, "researchAndDevelopmentExpenses": 7400000, "generalAndAdministrativeExpenses": 1397969000, "sellingAndMarketingExpenses": 513302000, "sellingGeneralAndAdministrativeExpenses": 1911271000, "otherExpenses": 513302000, "operatingExpenses": 1911271000, "costAndExpenses": 7236728000, "interestIncome": 2021999, "interestExpense": -2022000, "depreciationAndAmortization": 35664000, "ebitda": -54800000, "ebitdaratio": -0.0076683425, "operatingIncome": -90464000, "operatingIncomeRatio": -0.0126589222, "totalOtherIncomeExpensesNet": -2022000, "incomeBeforeTax": -92486000, "incomeBeforeTaxRatio": -0.0129418672, "incomeTaxExpense": 2022000, "netIncome": -94508000, "netIncomeRatio": -0.0132248123, "eps": -0.23, "epsdiluted": -0.23, "weightedAverageShsOut": 407240000, "weightedAverageShsOutDil": 407240000, "link": "https://www.sec.gov/Archives/edgar/data/1766502/000176650221000008/0001766502-21-000008-index.htm", "finalLink": "https://www.sec.gov/Archives/edgar/data/1766502/000176650221000008/chwy-20210131.htm", "calculatedOtherExpenses": -7400000, "calculatedOperatingExpenses": 1911271000, "calculatedNetInterest": 4043999, "calculatedOtherIncome": -6065999, "calculatedIncomeNonControlling": 0, "calculatedEbitda": -54800000}, {"date": "2020-02-02", "symbol": "CHWY", "reportedCurrency": "USD", "cik": "0001766502", "fillingDate": "2020-04-02", "acceptedDate": "2020-04-02 16:35:12", "calendarYear": "2019", "period": "FY", "revenue": 4846743000, "costOfRevenue": 3702683000, "grossProfit": 1144060000, "grossProfitRatio": 0.2360471764, "researchAndDevelopmentExpenses": 8600000, "generalAndAdministrativeExpenses": 969890000, "sellingAndMarketingExpenses": 426896000, "sellingGeneralAndAdministrativeExpenses": 1396786000, "otherExpenses": 426896000, "operatingExpenses": 1396786000, "costAndExpenses": 5099469000, "interestIncome": 356000, "interestExpense": 356000, "depreciationAndAmortization": 30645000, "ebitda": -222081000, "ebitdaratio": -0.0458206676, "operatingIncome": -252726000, "operatingIncomeRatio": -0.0521434704, "totalOtherIncomeExpensesNet": 356000, "incomeBeforeTax": -252370000, "incomeBeforeTaxRatio": -0.052070019, "incomeTaxExpense": -356000, "netIncome": -252014000, "netIncomeRatio": -0.0519965676, "eps": -0.63, "epsdiluted": -0.63, "weightedAverageShsOut": 401367876, "weightedAverageShsOutDil": 401367876, "link": "https://www.sec.gov/Archives/edgar/data/1766502/000176650220000007/0001766502-20-000007-index.htm", "finalLink": "https://www.sec.gov/Archives/edgar/data/1766502/000176650220000007/chwy-20200202.htm", "calculatedOtherExpenses": -8600000, "calculatedOperatingExpenses": 1396786000, "calculatedNetInterest": 0, "calculatedOtherIncome": 356000, "calculatedIncomeNonControlling": 0, "calculatedEbitda": -222081000}, {"date": "2019-01-31", "symbol": "CHWY", "reportedCurrency": "USD", "cik": "0001766502", "fillingDate": "2019-01-31", "acceptedDate": "2019-01-30 19:00:00", "calendarYear": "2018", "period": "FY", "revenue": 3532837000, "costOfRevenue": 2818032000, "grossProfit": 714805000, "grossProfitRatio": 0.2023317238, "researchAndDevelopmentExpenses": 0, "generalAndAdministrativeExpenses": 589507000, "sellingAndMarketingExpenses": 393064000, "sellingGeneralAndAdministrativeExpenses": 982571000, "otherExpenses": 0, "operatingExpenses": 982571000, "costAndExpenses": 3800603000, "interestIncome": 57000, "interestExpense": 181000, "depreciationAndAmortization": 23210000, "ebitda": -244499000, "ebitdaratio": -0.0692075519, "operatingIncome": -267766000, "operatingIncomeRatio": -0.075793477, "totalOtherIncomeExpensesNet": -124000, "incomeBeforeTax": -267890000, "incomeBeforeTaxRatio": -0.0758285763, "incomeTaxExpense": 57000, "netIncome": -267890000, "netIncomeRatio": -0.0758285763, "eps": -0.68, "epsdiluted": -0.68, "weightedAverageShsOut": 393000544, "weightedAverageShsOutDil": 395711689, "link": "", "finalLink": "", "calculatedOtherExpenses": 0, "calculatedOperatingExpenses": 982571000, "calculatedNetInterest": -124000, "calculatedOtherIncome": 0, "calculatedIncomeNonControlling": -57000, "calculatedEbitda": -244556000}, {"date": "2018-01-31", "symbol": "CHWY", "reportedCurrency": "USD", "cik": "0001766502", "fillingDate": "2018-01-31", "acceptedDate": "2018-01-30 19:00:00", "calendarYear": "2017", "period": "FY", "revenue": 2104287000, "costOfRevenue": 1736737000, "grossProfit": 367550000, "grossProfitRatio": 0.1746672388, "researchAndDevelopmentExpenses": 0, "generalAndAdministrativeExpenses": 451673000, "sellingAndMarketingExpenses": 253728000, "sellingGeneralAndAdministrativeExpenses": 705401000, "otherExpenses": 0, "operatingExpenses": 705401000, "costAndExpenses": 2442138000, "interestIncome": 350000, "interestExpense": 556000, "depreciationAndAmortization": 12536000, "ebitda": -325315000, "ebitdaratio": -0.1545963074, "operatingIncome": -337851000, "operatingIncomeRatio": -0.1605536697, "totalOtherIncomeExpensesNet": -206000, "incomeBeforeTax": -338057000, "incomeBeforeTaxRatio": -0.1606515651, "incomeTaxExpense": 0, "netIncome": -338057000, "netIncomeRatio": -0.1606515651, "eps": -0.85, "epsdiluted": -0.85, "weightedAverageShsOut": 395711689, "weightedAverageShsOutDil": 395711689, "link": "", "finalLink": "", "calculatedOtherExpenses": 0, "calculatedOperatingExpenses": 705401000, "calculatedNetInterest": -206000, "calculatedOtherIncome": 0, "calculatedIncomeNonControlling": 0, "calculatedEbitda": -325315000}, {"date": "2016-12-31", "symbol": "CHWY", "reportedCurrency": "USD", "cik": "0001766502", "fillingDate": "2016-12-31", "acceptedDate": "2016-12-30 19:00:00", "calendarYear": "2016", "period": "FY", "revenue": 900566000, "costOfRevenue": 750735000, "grossProfit": 149831000, "grossProfitRatio": 0.166374258, "researchAndDevelopmentExpenses": 0, "generalAndAdministrativeExpenses": 149581000, "sellingAndMarketingExpenses": 107677000, "sellingGeneralAndAdministrativeExpenses": 257258000, "otherExpenses": 41000, "operatingExpenses": 257258000, "costAndExpenses": 1007993000, "interestIncome": 518000, "interestExpense": 296000, "depreciationAndAmortization": 5043000, "ebitda": -101825000, "ebitdaratio": -0.1130677818, "operatingIncome": -107427000, "operatingIncomeRatio": -0.1192883142, "totalOtherIncomeExpensesNet": 41000, "incomeBeforeTax": -107164000, "incomeBeforeTaxRatio": -0.1189962757, "incomeTaxExpense": 337000, "netIncome": -107164000, "netIncomeRatio": -0.1189962757, "eps": -0.27, "epsdiluted": -0.27, "weightedAverageShsOut": 395711689, "weightedAverageShsOutDil": 395711689, "link": "", "finalLink": "", "calculatedOtherExpenses": 0, "calculatedOperatingExpenses": 257258000, "calculatedNetInterest": 222000, "calculatedOtherIncome": 41000, "calculatedIncomeNonControlling": -337000, "calculatedEbitda": -102384000}]}