{"originalCurrency": "USD", "convertedCurrency": "USD", "report": [{"date": "2023-12-31", "symbol": "CHX", "reportedCurrency": "USD", "cik": "0001723089", "fillingDate": "2024-02-06", "acceptedDate": "2024-02-06 16:33:48", "calendarYear": "2023", "period": "FY", "revenue": 3758285000, "costOfRevenue": 2618646000, "grossProfit": 1139639000, "grossProfitRatio": 0.3032337888, "researchAndDevelopmentExpenses": 53300000, "generalAndAdministrativeExpenses": 0, "sellingAndMarketingExpenses": 0, "sellingGeneralAndAdministrativeExpenses": 633032000, "otherExpenses": 21078000, "operatingExpenses": 633032000, "costAndExpenses": 3251678000, "interestIncome": 0, "interestExpense": 54562000, "depreciationAndAmortization": 235936000, "ebitda": 763621000, "ebitdaratio": 0.2031833669, "operatingIncome": 506607000, "operatingIncomeRatio": 0.1347973876, "totalOtherIncomeExpensesNet": -28221000, "incomeBeforeTax": 423824000, "incomeBeforeTaxRatio": 0.1127705855, "incomeTaxExpense": 105105000, "netIncome": 314238000, "netIncomeRatio": 0.0836120731, "eps": 1.6, "epsdiluted": 1.57, "weightedAverageShsOut": 196083000, "weightedAverageShsOutDil": 199906000, "link": "https://www.sec.gov/Archives/edgar/data/1723089/000172308924000011/0001723089-24-000011-index.htm", "finalLink": "https://www.sec.gov/Archives/edgar/data/1723089/000172308924000011/championx-20231231.htm", "calculatedOtherExpenses": -53300000, "calculatedOperatingExpenses": 633032000, "calculatedNetInterest": -54562000, "calculatedOtherIncome": -28221000, "calculatedIncomeNonControlling": 4481000, "calculatedEbitda": 742543000}, {"date": "2022-12-31", "symbol": "CHX", "reportedCurrency": "USD", "cik": "0001723089", "fillingDate": "2023-02-02", "acceptedDate": "2023-02-02 15:02:08", "calendarYear": "2022", "period": "FY", "revenue": 3805948000, "costOfRevenue": 2907284000, "grossProfit": 898664000, "grossProfitRatio": 0.2361209349, "researchAndDevelopmentExpenses": 45100000, "generalAndAdministrativeExpenses": 0, "sellingAndMarketingExpenses": 0, "sellingGeneralAndAdministrativeExpenses": 592282000, "otherExpenses": -6262000, "operatingExpenses": 592282000, "costAndExpenses": 3499566000, "interestIncome": 0, "interestExpense": 45204000, "depreciationAndAmortization": 241880000, "ebitda": 542000000, "ebitdaratio": 0.1424086719, "operatingIncome": 300120000, "operatingIncomeRatio": 0.0788555177, "totalOtherIncomeExpensesNet": -103314000, "incomeBeforeTax": 196806000, "incomeBeforeTaxRatio": 0.0517101127, "incomeTaxExpense": 40243000, "netIncome": 154969000, "netIncomeRatio": 0.0407175821, "eps": 0.77, "epsdiluted": 0.75, "weightedAverageShsOut": 201740000, "weightedAverageShsOutDil": 207259000, "link": "https://www.sec.gov/Archives/edgar/data/1723089/000172308923000011/0001723089-23-000011-index.htm", "finalLink": "https://www.sec.gov/Archives/edgar/data/1723089/000172308923000011/championx-20221231.htm", "calculatedOtherExpenses": -38838000, "calculatedOperatingExpenses": 598544000, "calculatedNetInterest": -45204000, "calculatedOtherIncome": -58110000, "calculatedIncomeNonControlling": 1594000, "calculatedEbitda": 542000000}, {"date": "2021-12-31", "symbol": "CHX", "reportedCurrency": "USD", "cik": "0001723089", "fillingDate": "2022-02-10", "acceptedDate": "2022-02-10 14:43:01", "calendarYear": "2021", "period": "FY", "revenue": 3074990000, "costOfRevenue": 2331715000, "grossProfit": 743275000, "grossProfitRatio": 0.2417162332, "researchAndDevelopmentExpenses": 46500000, "generalAndAdministrativeExpenses": 0, "sellingAndMarketingExpenses": 0, "sellingGeneralAndAdministrativeExpenses": 570357000, "otherExpenses": 31688000, "operatingExpenses": 570357000, "costAndExpenses": 2902072000, "interestIncome": 0, "interestExpense": 51921000, "depreciationAndAmortization": 237285000, "ebitda": 441891000, "ebitdaratio": 0.1437048576, "operatingIncome": 204606000, "operatingIncomeRatio": 0.066538753, "totalOtherIncomeExpensesNet": -51921000, "incomeBeforeTax": 152685000, "incomeBeforeTaxRatio": 0.04965382, "incomeTaxExpense": 38445000, "netIncome": 113299000, "netIncomeRatio": 0.0368453231, "eps": 0.56, "epsdiluted": 0.54, "weightedAverageShsOut": 201579000, "weightedAverageShsOutDil": 208325000, "link": "https://www.sec.gov/Archives/edgar/data/1723089/000172308922000021/0001723089-22-000021-index.htm", "finalLink": "https://www.sec.gov/Archives/edgar/data/1723089/000172308922000021/championx-20211231.htm", "calculatedOtherExpenses": -78188000, "calculatedOperatingExpenses": 538669000, "calculatedNetInterest": -51921000, "calculatedOtherIncome": 0, "calculatedIncomeNonControlling": 941000, "calculatedEbitda": 441891000}, {"date": "2020-12-31", "symbol": "CHX", "reportedCurrency": "USD", "cik": "0001723089", "fillingDate": "2021-03-01", "acceptedDate": "2021-03-01 12:56:23", "calendarYear": "2020", "period": "FY", "revenue": 1899996000, "costOfRevenue": 1490824000, "grossProfit": 409172000, "grossProfitRatio": 0.2153541376, "researchAndDevelopmentExpenses": 31200000, "generalAndAdministrativeExpenses": 0, "sellingAndMarketingExpenses": 0, "sellingGeneralAndAdministrativeExpenses": 463767000, "otherExpenses": 828000, "operatingExpenses": 463767000, "costAndExpenses": 1954591000, "interestIncome": 0, "interestExpense": 51731000, "depreciationAndAmortization": 214362000, "ebitda": 160595000, "ebitdaratio": 0.0845238622, "operatingIncome": -53767000, "operatingIncomeRatio": -0.0282984806, "totalOtherIncomeExpensesNet": -708982000, "incomeBeforeTax": -762749000, "incomeBeforeTaxRatio": -0.4014476873, "incomeTaxExpense": -20396000, "netIncome": -742353000, "netIncomeRatio": -0.3907129278, "eps": -5, "epsdiluted": -5, "weightedAverageShsOut": 148370000, "weightedAverageShsOutDil": 148370000, "link": "https://www.sec.gov/Archives/edgar/data/1723089/000172308921000047/0001723089-21-000047-index.htm", "finalLink": "https://www.sec.gov/Archives/edgar/data/1723089/000172308921000047/championx-20201231.htm", "calculatedOtherExpenses": -32028000, "calculatedOperatingExpenses": 462939000, "calculatedNetInterest": -51731000, "calculatedOtherIncome": -657251000, "calculatedIncomeNonControlling": 0, "calculatedEbitda": 160595000}, {"date": "2019-12-31", "symbol": "CHX", "reportedCurrency": "USD", "cik": "0001723089", "fillingDate": "2020-03-02", "acceptedDate": "2020-03-02 16:31:37", "calendarYear": "2019", "period": "FY", "revenue": 1131251000, "costOfRevenue": 754147000, "grossProfit": 377104000, "grossProfitRatio": 0.3333513075, "researchAndDevelopmentExpenses": 12900000, "generalAndAdministrativeExpenses": 0, "sellingAndMarketingExpenses": 0, "sellingGeneralAndAdministrativeExpenses": 276014000, "otherExpenses": -2603000, "operatingExpenses": 276014000, "costAndExpenses": 1030161000, "interestIncome": 0, "interestExpense": 39301000, "depreciationAndAmortization": 119938000, "ebitda": 218425000, "ebitdaratio": 0.1930827022, "operatingIncome": 98487000, "operatingIncomeRatio": 0.0870602545, "totalOtherIncomeExpensesNet": -39301000, "incomeBeforeTax": 59186000, "incomeBeforeTaxRatio": 0.0523190698, "incomeTaxExpense": 6226000, "netIncome": 52164000, "netIncomeRatio": 0.0461117824, "eps": 0.67, "epsdiluted": 0.67, "weightedAverageShsOut": 77427000, "weightedAverageShsOutDil": 77624000, "link": "https://www.sec.gov/Archives/edgar/data/1723089/000172308920000030/0001723089-20-000030-index.htm", "finalLink": "https://www.sec.gov/Archives/edgar/data/1723089/000172308920000030/a20191231apy10-k.htm", "calculatedOtherExpenses": -10297000, "calculatedOperatingExpenses": 278617000, "calculatedNetInterest": -39301000, "calculatedOtherIncome": 0, "calculatedIncomeNonControlling": 796000, "calculatedEbitda": 218425000}, {"date": "2018-12-31", "symbol": "CHX", "reportedCurrency": "USD", "cik": "0001723089", "fillingDate": "2019-02-27", "acceptedDate": "2019-02-27 09:29:40", "calendarYear": "2018", "period": "FY", "revenue": 1216646000, "costOfRevenue": 800347000, "grossProfit": 416299000, "grossProfitRatio": 0.3421693738, "researchAndDevelopmentExpenses": 0, "generalAndAdministrativeExpenses": 0, "sellingAndMarketingExpenses": 0, "sellingGeneralAndAdministrativeExpenses": 262625000, "otherExpenses": -2943000, "operatingExpenses": 262625000, "costAndExpenses": 1062972000, "interestIncome": 0, "interestExpense": 27440000, "depreciationAndAmortization": 124461000, "ebitda": 275192000, "ebitdaratio": 0.2261890476, "operatingIncome": 153674000, "operatingIncomeRatio": 0.1263095428, "totalOtherIncomeExpensesNet": -2943000, "incomeBeforeTax": 123291000, "incomeBeforeTaxRatio": 0.1013367898, "incomeTaxExpense": 28796000, "netIncome": 94041000, "netIncomeRatio": 0.0772952856, "eps": 1.22, "epsdiluted": 1.21, "weightedAverageShsOut": 77342000, "weightedAverageShsOutDil": 77692000, "link": "https://www.sec.gov/Archives/edgar/data/1723089/000172308919000030/0001723089-19-000030-index.htm", "finalLink": "https://www.sec.gov/Archives/edgar/data/1723089/000172308919000030/a20181231apy10-k.htm", "calculatedOtherExpenses": 0, "calculatedOperatingExpenses": 262625000, "calculatedNetInterest": -27440000, "calculatedOtherIncome": -2943000, "calculatedIncomeNonControlling": 454000, "calculatedEbitda": 278135000}, {"date": "2017-12-31", "symbol": "CHX", "reportedCurrency": "USD", "cik": "0001723089", "fillingDate": "2017-12-31", "acceptedDate": "2017-12-30 19:00:00", "calendarYear": "2017", "period": "FY", "revenue": 1009591000, "costOfRevenue": 648243000, "grossProfit": 361348000, "grossProfitRatio": 0.357915235, "researchAndDevelopmentExpenses": 0, "generalAndAdministrativeExpenses": 0, "sellingAndMarketingExpenses": 0, "sellingGeneralAndAdministrativeExpenses": 262398000, "otherExpenses": -9666000, "operatingExpenses": 262398000, "costAndExpenses": 910641000, "interestIncome": 0, "interestExpense": 0, "depreciationAndAmortization": 111879000, "ebitda": 210829000, "ebitdaratio": 0.2088261484, "operatingIncome": 98950000, "operatingIncomeRatio": 0.0980099862, "totalOtherIncomeExpensesNet": -9666000, "incomeBeforeTax": 89284000, "incomeBeforeTaxRatio": 0.0884358121, "incomeTaxExpense": -22284000, "netIncome": 110638000, "netIncomeRatio": 0.1095869515, "eps": 1.41, "epsdiluted": 1.39, "weightedAverageShsOut": 77842000, "weightedAverageShsOutDil": 78872000, "link": "", "finalLink": "", "calculatedOtherExpenses": 0, "calculatedOperatingExpenses": 262398000, "calculatedNetInterest": 0, "calculatedOtherIncome": -9666000, "calculatedIncomeNonControlling": 930000, "calculatedEbitda": 210829000}, {"date": "2016-12-31", "symbol": "CHX", "reportedCurrency": "USD", "cik": "0001723089", "fillingDate": "2016-12-31", "acceptedDate": "2016-12-30 19:00:00", "calendarYear": "2016", "period": "FY", "revenue": 751337000, "costOfRevenue": 556066000, "grossProfit": 195271000, "grossProfitRatio": 0.2598980218, "researchAndDevelopmentExpenses": 0, "generalAndAdministrativeExpenses": 0, "sellingAndMarketingExpenses": 0, "sellingGeneralAndAdministrativeExpenses": 204383000, "otherExpenses": -9354000, "operatingExpenses": 204383000, "costAndExpenses": 760449000, "interestIncome": 0, "interestExpense": 477000, "depreciationAndAmortization": 112112000, "ebitda": 93646000, "ebitdaratio": 0.1246391433, "operatingIncome": -9112000, "operatingIncomeRatio": -0.0121277137, "totalOtherIncomeExpensesNet": -9354000, "incomeBeforeTax": -18943000, "incomeBeforeTaxRatio": -0.025212388, "incomeTaxExpense": -8043000, "netIncome": -12751000, "netIncomeRatio": -0.0169710796, "eps": -0.16, "epsdiluted": -0.16, "weightedAverageShsOut": 77842000, "weightedAverageShsOutDil": 78872000, "link": "", "finalLink": "", "calculatedOtherExpenses": 0, "calculatedOperatingExpenses": 204383000, "calculatedNetInterest": -477000, "calculatedOtherIncome": -9354000, "calculatedIncomeNonControlling": 1851000, "calculatedEbitda": 103000000}, {"date": "2015-12-31", "symbol": "CHX", "reportedCurrency": "USD", "cik": "0001723089", "fillingDate": "2015-12-31", "acceptedDate": "2015-12-30 19:00:00", "calendarYear": "2015", "period": "FY", "revenue": 1076680000, "costOfRevenue": 693702000, "grossProfit": 382978000, "grossProfitRatio": 0.3557027158, "researchAndDevelopmentExpenses": 0, "generalAndAdministrativeExpenses": 0, "sellingAndMarketingExpenses": 0, "sellingGeneralAndAdministrativeExpenses": 294062000, "otherExpenses": -11651000, "operatingExpenses": 294062000, "costAndExpenses": 987764000, "interestIncome": 0, "interestExpense": 0, "depreciationAndAmortization": 119992000, "ebitda": 208908000, "ebitdaratio": 0.1940297953, "operatingIncome": 88916000, "operatingIncomeRatio": 0.0825834974, "totalOtherIncomeExpensesNet": -11651000, "incomeBeforeTax": 77265000, "incomeBeforeTaxRatio": 0.0717622692, "incomeTaxExpense": 24131000, "netIncome": 51698000, "netIncomeRatio": 0.0480161236, "eps": 0.66, "epsdiluted": 0.66, "weightedAverageShsOut": 77842000, "weightedAverageShsOutDil": 78872000, "link": "", "finalLink": "", "calculatedOtherExpenses": 0, "calculatedOperatingExpenses": 294062000, "calculatedNetInterest": 0, "calculatedOtherIncome": -11651000, "calculatedIncomeNonControlling": 1436000, "calculatedEbitda": 208908000}]}