{"originalCurrency": "USD", "convertedCurrency": "USD", "report": [{"date": "2023-12-31", "symbol": "CI", "reportedCurrency": "USD", "cik": "0001739940", "fillingDate": "2024-02-29", "acceptedDate": "2024-02-29 14:48:05", "calendarYear": "2023", "period": "FY", "revenue": 195187000000, "costOfRevenue": 36287000000, "grossProfit": 158900000000, "grossProfitRatio": 0.8140911024, "researchAndDevelopmentExpenses": 0, "generalAndAdministrativeExpenses": 0, "sellingAndMarketingExpenses": 0, "sellingGeneralAndAdministrativeExpenses": 14822000000, "otherExpenses": -149944000000, "operatingExpenses": 149944000000, "costAndExpenses": -186231000000, "interestIncome": 0, "interestExpense": 1446000000, "depreciationAndAmortization": 3028000000, "ebitda": 5164000000, "ebitdaratio": 0.02645668, "operatingIncome": 5164000000, "operatingIncomeRatio": 0.02645668, "totalOtherIncomeExpensesNet": 5513000000, "incomeBeforeTax": 5513000000, "incomeBeforeTaxRatio": 0.0282447089, "incomeTaxExpense": 141000000, "netIncome": 5164000000, "netIncomeRatio": 0.02645668, "eps": 17.57, "epsdiluted": 17.39, "weightedAverageShsOut": 293892000, "weightedAverageShsOutDil": 296882000, "link": "https://www.sec.gov/Archives/edgar/data/1739940/000173994024000005/0001739940-24-000005-index.htm", "finalLink": "https://www.sec.gov/Archives/edgar/data/1739940/000173994024000005/ci-20231231.htm", "calculatedOtherExpenses": 138914000000, "calculatedOperatingExpenses": 153736000000, "calculatedNetInterest": -1446000000, "calculatedOtherIncome": 1795000000, "calculatedIncomeNonControlling": 208000000, "calculatedEbitda": 8192000000}, {"date": "2022-12-31", "symbol": "CI", "reportedCurrency": "USD", "cik": "0001739940", "fillingDate": "2023-02-23", "acceptedDate": "2023-02-23 13:11:26", "calendarYear": "2022", "period": "FY", "revenue": 180642000000, "costOfRevenue": 32206000000, "grossProfit": 148436000000, "grossProfitRatio": 0.8217136657, "researchAndDevelopmentExpenses": 0, "generalAndAdministrativeExpenses": 0, "sellingAndMarketingExpenses": 0, "sellingGeneralAndAdministrativeExpenses": 13186000000, "otherExpenses": -139767000000, "operatingExpenses": 13186000000, "costAndExpenses": 171668000000, "interestIncome": 1300000000, "interestExpense": 1228000000, "depreciationAndAmortization": 2937000000, "ebitda": 12440000000, "ebitdaratio": 0.0688654909, "operatingIncome": 9503000000, "operatingIncomeRatio": 0.0526068135, "totalOtherIncomeExpensesNet": -1150000000, "incomeBeforeTax": 8353000000, "incomeBeforeTaxRatio": 0.0462406306, "incomeTaxExpense": 1607000000, "netIncome": 6704000000, "netIncomeRatio": 0.037112078, "eps": 21.66, "epsdiluted": 21.41, "weightedAverageShsOut": 309546000, "weightedAverageShsOutDil": 313065000, "link": "https://www.sec.gov/Archives/edgar/data/1739940/000173994023000008/0001739940-23-000008-index.htm", "finalLink": "https://www.sec.gov/Archives/edgar/data/1739940/000173994023000008/ci-20221231.htm", "calculatedOtherExpenses": 125747000000, "calculatedOperatingExpenses": 138933000000, "calculatedNetInterest": 72000000, "calculatedOtherIncome": -1222000000, "calculatedIncomeNonControlling": 42000000, "calculatedEbitda": 12440000000}, {"date": "2021-12-31", "symbol": "CI", "reportedCurrency": "USD", "cik": "0001739940", "fillingDate": "2022-02-24", "acceptedDate": "2022-02-24 12:08:50", "calendarYear": "2021", "period": "FY", "revenue": 174272000000, "costOfRevenue": 33562000000, "grossProfit": 140710000000, "grossProfitRatio": 0.8074159934, "researchAndDevelopmentExpenses": 0, "generalAndAdministrativeExpenses": 0, "sellingAndMarketingExpenses": 0, "sellingGeneralAndAdministrativeExpenses": 13030000000, "otherExpenses": -301983000000, "operatingExpenses": -288953000000, "costAndExpenses": 167490000000, "interestIncome": 1300000000, "interestExpense": 1208000000, "depreciationAndAmortization": 2923000000, "ebitda": 11275000000, "ebitdaratio": 0.0646977139, "operatingIncome": 8352000000, "operatingIncomeRatio": 0.0479250826, "totalOtherIncomeExpensesNet": 121463000000, "incomeBeforeTax": 6782000000, "incomeBeforeTaxRatio": 0.038916177, "incomeTaxExpense": 1367000000, "netIncome": 5370000000, "netIncomeRatio": 0.0308139001, "eps": 15.87, "epsdiluted": 15.73, "weightedAverageShsOut": 337962000, "weightedAverageShsOutDil": 340966000, "link": "https://www.sec.gov/Archives/edgar/data/1739940/000173994022000007/0001739940-22-000007-index.htm", "finalLink": "https://www.sec.gov/Archives/edgar/data/1739940/000173994022000007/ci-20211231.htm", "calculatedOtherExpenses": 119328000000, "calculatedOperatingExpenses": 132358000000, "calculatedNetInterest": 92000000, "calculatedOtherIncome": -1662000000, "calculatedIncomeNonControlling": 45000000, "calculatedEbitda": 11275000000}, {"date": "2020-12-31", "symbol": "CI", "reportedCurrency": "USD", "cik": "0001739940", "fillingDate": "2021-02-25", "acceptedDate": "2021-02-25 12:24:42", "calendarYear": "2020", "period": "FY", "revenue": 160577000000, "costOfRevenue": 32710000000, "grossProfit": 127867000000, "grossProfitRatio": 0.7962971036, "researchAndDevelopmentExpenses": 0, "generalAndAdministrativeExpenses": 0, "sellingAndMarketingExpenses": 0, "sellingGeneralAndAdministrativeExpenses": 14072000000, "otherExpenses": -271581000000, "operatingExpenses": -257509000000, "costAndExpenses": 149709000000, "interestIncome": 1400000000, "interestExpense": 1438000000, "depreciationAndAmortization": 2802000000, "ebitda": 11516000000, "ebitdaratio": 0.0717163728, "operatingIncome": 8714000000, "operatingIncomeRatio": 0.0542668004, "totalOtherIncomeExpensesNet": 107800000000, "incomeBeforeTax": 10868000000, "incomeBeforeTaxRatio": 0.0676809257, "incomeTaxExpense": 2379000000, "netIncome": 8458000000, "netIncomeRatio": 0.0526725496, "eps": 23.17, "epsdiluted": 22.96, "weightedAverageShsOut": 364979000, "weightedAverageShsOutDil": 368389000, "link": "https://www.sec.gov/Archives/edgar/data/1739940/000173994021000007/0001739940-21-000007-index.htm", "finalLink": "https://www.sec.gov/Archives/edgar/data/1739940/000173994021000007/ci-20201231.htm", "calculatedOtherExpenses": 105081000000, "calculatedOperatingExpenses": 119153000000, "calculatedNetInterest": -38000000, "calculatedOtherIncome": 2192000000, "calculatedIncomeNonControlling": 31000000, "calculatedEbitda": 11516000000}, {"date": "2019-12-31", "symbol": "CI", "reportedCurrency": "USD", "cik": "0001739940", "fillingDate": "2020-02-27", "acceptedDate": "2020-02-27 15:25:39", "calendarYear": "2019", "period": "FY", "revenue": 153743000000, "costOfRevenue": 30819000000, "grossProfit": 122924000000, "grossProfitRatio": 0.799542093, "researchAndDevelopmentExpenses": 0, "generalAndAdministrativeExpenses": 0, "sellingAndMarketingExpenses": 0, "sellingGeneralAndAdministrativeExpenses": 14053000000, "otherExpenses": -264341000000, "operatingExpenses": -250288000000, "costAndExpenses": 147173000000, "interestIncome": 1600000000, "interestExpense": 1682000000, "depreciationAndAmortization": 3651000000, "ebitda": -92894000000, "ebitdaratio": -0.6042161269, "operatingIncome": -96545000000, "operatingIncomeRatio": -0.6279635496, "totalOtherIncomeExpensesNet": 103115000000, "incomeBeforeTax": 6570000000, "incomeBeforeTaxRatio": 0.0427336529, "incomeTaxExpense": 1450000000, "netIncome": 5104000000, "netIncomeRatio": 0.0331982594, "eps": 13.58, "epsdiluted": 13.44, "weightedAverageShsOut": 375919000, "weightedAverageShsOutDil": 379817000, "link": "https://www.sec.gov/Archives/edgar/data/1739940/000173994020000006/0001739940-20-000006-index.htm", "finalLink": "https://www.sec.gov/Archives/edgar/data/1739940/000173994020000006/ci-20191231.htm", "calculatedOtherExpenses": 205416000000, "calculatedOperatingExpenses": 219469000000, "calculatedNetInterest": -82000000, "calculatedOtherIncome": 103197000000, "calculatedIncomeNonControlling": 16000000, "calculatedEbitda": -92894000000}, {"date": "2018-12-31", "symbol": "CI", "reportedCurrency": "USD", "cik": "0001739940", "fillingDate": "2019-02-28", "acceptedDate": "2019-02-28 16:54:00", "calendarYear": "2018", "period": "FY", "revenue": 48569000000, "costOfRevenue": 27528000000, "grossProfit": 21041000000, "grossProfitRatio": 0.4332187198, "researchAndDevelopmentExpenses": 0, "generalAndAdministrativeExpenses": 11934000000, "sellingAndMarketingExpenses": 0, "sellingGeneralAndAdministrativeExpenses": 11934000000, "otherExpenses": 32556000000, "operatingExpenses": 44490000000, "costAndExpenses": 44988000000, "interestIncome": 0, "interestExpense": 498000000, "depreciationAndAmortization": 695000000, "ebitda": 4765000000, "ebitdaratio": 0.0981078466, "operatingIncome": 4070000000, "operatingIncomeRatio": 0.0837983076, "totalOtherIncomeExpensesNet": 5479000000, "incomeBeforeTax": 3581000000, "incomeBeforeTaxRatio": 0.0737301571, "incomeTaxExpense": 935000000, "netIncome": 2637000000, "netIncomeRatio": 0.0542938912, "eps": 10.69, "epsdiluted": 10.69, "weightedAverageShsOut": 246652000, "weightedAverageShsOutDil": 246652000, "link": "https://www.sec.gov/Archives/edgar/data/1739940/000104746919000792/0001047469-19-000792-index.htm", "finalLink": "https://www.sec.gov/Archives/edgar/data/1739940/000104746919000792/a2237767z10-k.htm", "calculatedOtherExpenses": 5037000000, "calculatedOperatingExpenses": 16971000000, "calculatedNetInterest": -498000000, "calculatedOtherIncome": 9000000, "calculatedIncomeNonControlling": 9000000, "calculatedEbitda": 4765000000}, {"date": "2017-12-31", "symbol": "CI", "reportedCurrency": "USD", "cik": "0001739940", "fillingDate": "2017-12-31", "acceptedDate": "2017-12-30 19:00:00", "calendarYear": "2017", "period": "FY", "revenue": 42043000000, "costOfRevenue": 0, "grossProfit": 42043000000, "grossProfitRatio": 1, "researchAndDevelopmentExpenses": 0, "generalAndAdministrativeExpenses": 9831000000, "sellingAndMarketingExpenses": 0, "sellingGeneralAndAdministrativeExpenses": 9831000000, "otherExpenses": 28033000000, "operatingExpenses": 37864000000, "costAndExpenses": 38437000000, "interestIncome": 0, "interestExpense": 252000000, "depreciationAndAmortization": 115000000, "ebitda": 4429000000, "ebitdaratio": 0.1053445282, "operatingIncome": 4314000000, "operatingIncomeRatio": 0.1026092334, "totalOtherIncomeExpensesNet": 2979000000, "incomeBeforeTax": 3606000000, "incomeBeforeTaxRatio": 0.0857693314, "incomeTaxExpense": 1374000000, "netIncome": 2237000000, "netIncomeRatio": 0.0532074305, "eps": 9.17, "epsdiluted": 9.17, "weightedAverageShsOut": 243967000, "weightedAverageShsOutDil": 243967000, "link": "", "finalLink": "", "calculatedOtherExpenses": 27898000000, "calculatedOperatingExpenses": 37729000000, "calculatedNetInterest": -252000000, "calculatedOtherIncome": -456000000, "calculatedIncomeNonControlling": -5000000, "calculatedEbitda": 4429000000}, {"date": "2016-12-31", "symbol": "CI", "reportedCurrency": "USD", "cik": "0001739940", "fillingDate": "2016-12-31", "acceptedDate": "2016-12-30 19:00:00", "calendarYear": "2016", "period": "FY", "revenue": 39668000000, "costOfRevenue": 0, "grossProfit": 39668000000, "grossProfitRatio": 1, "researchAndDevelopmentExpenses": 0, "generalAndAdministrativeExpenses": 0, "sellingAndMarketingExpenses": 0, "sellingGeneralAndAdministrativeExpenses": 9750000000, "otherExpenses": 36750000000, "operatingExpenses": 36750000000, "costAndExpenses": 36689000000, "interestIncome": 0, "interestExpense": 0, "depreciationAndAmortization": 610000000, "ebitda": 3613000000, "ebitdaratio": 0.0910809721, "operatingIncome": 3003000000, "operatingIncomeRatio": 0.0757033377, "totalOtherIncomeExpensesNet": 2966000000, "incomeBeforeTax": 2979000000, "incomeBeforeTaxRatio": 0.075098316, "incomeTaxExpense": 1136000000, "netIncome": 1867000000, "netIncomeRatio": 0.0470656449, "eps": 7.31, "epsdiluted": 7.19, "weightedAverageShsOut": 255360000, "weightedAverageShsOutDil": 259647000, "link": "", "finalLink": "", "calculatedOtherExpenses": 26915000000, "calculatedOperatingExpenses": 36665000000, "calculatedNetInterest": 0, "calculatedOtherIncome": -24000000, "calculatedIncomeNonControlling": -24000000, "calculatedEbitda": 3613000000}, {"date": "2015-12-31", "symbol": "CI", "reportedCurrency": "USD", "cik": "0001739940", "fillingDate": "2015-12-31", "acceptedDate": "2015-12-30 19:00:00", "calendarYear": "2015", "period": "FY", "revenue": 37876000000, "costOfRevenue": 0, "grossProfit": 37876000000, "grossProfitRatio": 1, "researchAndDevelopmentExpenses": 0, "generalAndAdministrativeExpenses": 0, "sellingAndMarketingExpenses": 0, "sellingGeneralAndAdministrativeExpenses": 0, "otherExpenses": 34549000000, "operatingExpenses": 34549000000, "costAndExpenses": 34549000000, "interestIncome": 0, "interestExpense": 0, "depreciationAndAmortization": 585000000, "ebitda": 3929000000, "ebitdaratio": 0.1037332348, "operatingIncome": 3344000000, "operatingIncomeRatio": 0.088288098, "totalOtherIncomeExpensesNet": 2536000000, "incomeBeforeTax": 3327000000, "incomeBeforeTaxRatio": 0.087839265, "incomeTaxExpense": 1250000000, "netIncome": 2094000000, "netIncomeRatio": 0.055285669, "eps": 8.17, "epsdiluted": 8.04, "weightedAverageShsOut": 256149000, "weightedAverageShsOutDil": 260592000, "link": "", "finalLink": "", "calculatedOtherExpenses": 34532000000, "calculatedOperatingExpenses": 34532000000, "calculatedNetInterest": 0, "calculatedOtherIncome": -17000000, "calculatedIncomeNonControlling": -17000000, "calculatedEbitda": 3929000000}, {"date": "2014-12-31", "symbol": "CI", "reportedCurrency": "USD", "cik": "0001739940", "fillingDate": "2014-12-31", "acceptedDate": "2014-12-30 19:00:00", "calendarYear": "2014", "period": "FY", "revenue": 34914000000, "costOfRevenue": 0, "grossProfit": 34914000000, "grossProfitRatio": 1, "researchAndDevelopmentExpenses": 0, "generalAndAdministrativeExpenses": 0, "sellingAndMarketingExpenses": 0, "sellingGeneralAndAdministrativeExpenses": 0, "otherExpenses": 31610000000, "operatingExpenses": 31610000000, "costAndExpenses": 31610000000, "interestIncome": 0, "interestExpense": 0, "depreciationAndAmortization": 588000000, "ebitda": 3900000000, "ebitdaratio": 0.1117030418, "operatingIncome": 3312000000, "operatingIncomeRatio": 0.0948616601, "totalOtherIncomeExpensesNet": 2239000000, "incomeBeforeTax": 3304000000, "incomeBeforeTaxRatio": 0.0946325256, "incomeTaxExpense": 1210000000, "netIncome": 2102000000, "netIncomeRatio": 0.0602050753, "eps": 7.97, "epsdiluted": 7.83, "weightedAverageShsOut": 263889000, "weightedAverageShsOutDil": 268603000, "link": "", "finalLink": "", "calculatedOtherExpenses": 31602000000, "calculatedOperatingExpenses": 31602000000, "calculatedNetInterest": 0, "calculatedOtherIncome": -8000000, "calculatedIncomeNonControlling": -8000000, "calculatedEbitda": 3900000000}, {"date": "2013-12-31", "symbol": "CI", "reportedCurrency": "USD", "cik": "0001739940", "fillingDate": "2013-12-31", "acceptedDate": "2013-12-30 19:00:00", "calendarYear": "2013", "period": "FY", "revenue": 32380000000, "costOfRevenue": 0, "grossProfit": 32380000000, "grossProfitRatio": 1, "researchAndDevelopmentExpenses": 0, "generalAndAdministrativeExpenses": 7566000000, "sellingAndMarketingExpenses": 0, "sellingGeneralAndAdministrativeExpenses": 7566000000, "otherExpenses": 30204000000, "operatingExpenses": 30204000000, "costAndExpenses": 30204000000, "interestIncome": 0, "interestExpense": 264000000, "depreciationAndAmortization": 597000000, "ebitda": 3035000000, "ebitdaratio": 0.093730698, "operatingIncome": 2176000000, "operatingIncomeRatio": 0.0672019765, "totalOtherIncomeExpensesNet": 2027000000, "incomeBeforeTax": 2176000000, "incomeBeforeTaxRatio": 0.0672019765, "incomeTaxExpense": 698000000, "netIncome": 1476000000, "netIncomeRatio": 0.0455836936, "eps": 5.28, "epsdiluted": 5.18, "weightedAverageShsOut": 279296000, "weightedAverageShsOutDil": 284685000, "link": "", "finalLink": "", "calculatedOtherExpenses": 22638000000, "calculatedOperatingExpenses": 30204000000, "calculatedNetInterest": -264000000, "calculatedOtherIncome": 264000000, "calculatedIncomeNonControlling": 2000000, "calculatedEbitda": 2773000000}, {"date": "2012-12-31", "symbol": "CI", "reportedCurrency": "USD", "cik": "0001739940", "fillingDate": "2012-12-31", "acceptedDate": "2012-12-30 19:00:00", "calendarYear": "2012", "period": "FY", "revenue": 29119000000, "costOfRevenue": 0, "grossProfit": 29119000000, "grossProfitRatio": 1, "researchAndDevelopmentExpenses": 0, "generalAndAdministrativeExpenses": 0, "sellingAndMarketingExpenses": 0, "sellingGeneralAndAdministrativeExpenses": 0, "otherExpenses": 26642000000, "operatingExpenses": 26642000000, "costAndExpenses": 26642000000, "interestIncome": 0, "interestExpense": 0, "depreciationAndAmortization": 560000000, "ebitda": 3036000000, "ebitdaratio": 0.1042618222, "operatingIncome": 2476000000, "operatingIncomeRatio": 0.0850303925, "totalOtherIncomeExpensesNet": 1744000000, "incomeBeforeTax": 2477000000, "incomeBeforeTaxRatio": 0.0850647344, "incomeTaxExpense": 853000000, "netIncome": 1623000000, "netIncomeRatio": 0.0557368041, "eps": 5.7, "epsdiluted": 5.61, "weightedAverageShsOut": 284819000, "weightedAverageShsOutDil": 289530000, "link": "", "finalLink": "", "calculatedOtherExpenses": 26643000000, "calculatedOperatingExpenses": 26643000000, "calculatedNetInterest": 0, "calculatedOtherIncome": 1000000, "calculatedIncomeNonControlling": 1000000, "calculatedEbitda": 3036000000}, {"date": "2011-12-31", "symbol": "CI", "reportedCurrency": "USD", "cik": "0001739940", "fillingDate": "2011-12-31", "acceptedDate": "2011-12-30 19:00:00", "calendarYear": "2011", "period": "FY", "revenue": 21998000000, "costOfRevenue": 0, "grossProfit": 21998000000, "grossProfitRatio": 1, "researchAndDevelopmentExpenses": 0, "generalAndAdministrativeExpenses": 5901000000, "sellingAndMarketingExpenses": 0, "sellingGeneralAndAdministrativeExpenses": 5901000000, "otherExpenses": 14088000000, "operatingExpenses": 19989000000, "costAndExpenses": 20030000000, "interestIncome": 0, "interestExpense": 202000000, "depreciationAndAmortization": 345000000, "ebitda": 2514000000, "ebitdaratio": 0.1142831166, "operatingIncome": 2169000000, "operatingIncomeRatio": 0.0985998727, "totalOtherIncomeExpensesNet": 1701000000, "incomeBeforeTax": 1968000000, "incomeBeforeTaxRatio": 0.0894626784, "incomeTaxExpense": 640000000, "netIncome": 1327000000, "netIncomeRatio": 0.0603236658, "eps": 4.65, "epsdiluted": 4.59, "weightedAverageShsOut": 270691000, "weightedAverageShsOutDil": 274249000, "link": "", "finalLink": "", "calculatedOtherExpenses": 13928000000, "calculatedOperatingExpenses": 19829000000, "calculatedNetInterest": -202000000, "calculatedOtherIncome": 1000000, "calculatedIncomeNonControlling": 1000000, "calculatedEbitda": 2514000000}, {"date": "2010-12-31", "symbol": "CI", "reportedCurrency": "USD", "cik": "0001739940", "fillingDate": "2010-12-31", "acceptedDate": "2010-12-30 19:00:00", "calendarYear": "2010", "period": "FY", "revenue": 21253000000, "costOfRevenue": 0, "grossProfit": 21253000000, "grossProfitRatio": 1, "researchAndDevelopmentExpenses": 0, "generalAndAdministrativeExpenses": 5744000000, "sellingAndMarketingExpenses": 0, "sellingGeneralAndAdministrativeExpenses": 5744000000, "otherExpenses": 13582000000, "operatingExpenses": 19326000000, "costAndExpenses": 19383000000, "interestIncome": 0, "interestExpense": 182000000, "depreciationAndAmortization": 292000000, "ebitda": 2340000000, "ebitdaratio": 0.1101021032, "operatingIncome": 2048000000, "operatingIncomeRatio": 0.0963628664, "totalOtherIncomeExpensesNet": 1680000000, "incomeBeforeTax": 1870000000, "incomeBeforeTaxRatio": 0.0879875782, "incomeTaxExpense": 521000000, "netIncome": 1345000000, "netIncomeRatio": 0.0632851833, "eps": 4.69, "epsdiluted": 4.65, "weightedAverageShsOut": 272866000, "weightedAverageShsOutDil": 275287000, "link": "", "finalLink": "", "calculatedOtherExpenses": 13461000000, "calculatedOperatingExpenses": 19205000000, "calculatedNetInterest": -182000000, "calculatedOtherIncome": 4000000, "calculatedIncomeNonControlling": 4000000, "calculatedEbitda": 2340000000}, {"date": "2009-12-31", "symbol": "CI", "reportedCurrency": "USD", "cik": "0001739940", "fillingDate": "2009-12-31", "acceptedDate": "2009-12-30 19:00:00", "calendarYear": "2009", "period": "FY", "revenue": 18414000000, "costOfRevenue": 0, "grossProfit": 18414000000, "grossProfitRatio": 1, "researchAndDevelopmentExpenses": 0, "generalAndAdministrativeExpenses": 5450000000, "sellingAndMarketingExpenses": 0, "sellingGeneralAndAdministrativeExpenses": 5450000000, "otherExpenses": 11066000000, "operatingExpenses": 16516000000, "costAndExpenses": 16516000000, "interestIncome": 0, "interestExpense": 0, "depreciationAndAmortization": 268000000, "ebitda": 2164000000, "ebitdaratio": 0.1175192788, "operatingIncome": 1896000000, "operatingIncomeRatio": 0.1029651352, "totalOtherIncomeExpensesNet": 1402000000, "incomeBeforeTax": 1898000000, "incomeBeforeTaxRatio": 0.1030737482, "incomeTaxExpense": 594000000, "netIncome": 1302000000, "netIncomeRatio": 0.0707070707, "eps": 4.75, "epsdiluted": 4.73, "weightedAverageShsOut": 274058000, "weightedAverageShsOutDil": 275357000, "link": "", "finalLink": "", "calculatedOtherExpenses": 11068000000, "calculatedOperatingExpenses": 16518000000, "calculatedNetInterest": 0, "calculatedOtherIncome": 2000000, "calculatedIncomeNonControlling": 2000000, "calculatedEbitda": 2164000000}, {"date": "2008-12-31", "symbol": "CI", "reportedCurrency": "USD", "cik": "0001739940", "fillingDate": "2008-12-31", "acceptedDate": "2008-12-30 19:00:00", "calendarYear": "2008", "period": "FY", "revenue": 19101000000, "costOfRevenue": 0, "grossProfit": 19101000000, "grossProfitRatio": 1, "researchAndDevelopmentExpenses": 0, "generalAndAdministrativeExpenses": 5535000000, "sellingAndMarketingExpenses": 0, "sellingGeneralAndAdministrativeExpenses": 5535000000, "otherExpenses": 13184000000, "operatingExpenses": 18719000000, "costAndExpenses": 18723000000, "interestIncome": 0, "interestExpense": 0, "depreciationAndAmortization": 244000000, "ebitda": 626000000, "ebitdaratio": 0.0327731532, "operatingIncome": 382000000, "operatingIncomeRatio": 0.0199989529, "totalOtherIncomeExpensesNet": 2005000000, "incomeBeforeTax": 378000000, "incomeBeforeTaxRatio": 0.0197895398, "incomeTaxExpense": 90000000, "netIncome": 292000000, "netIncomeRatio": 0.0152871577, "eps": 1.05, "epsdiluted": 1.05, "weightedAverageShsOut": 277317000, "weightedAverageShsOutDil": 278843000, "link": "", "finalLink": "", "calculatedOtherExpenses": 13184000000, "calculatedOperatingExpenses": 18719000000, "calculatedNetInterest": 0, "calculatedOtherIncome": -4000000, "calculatedIncomeNonControlling": -4000000, "calculatedEbitda": 626000000}, {"date": "2007-12-31", "symbol": "CI", "reportedCurrency": "USD", "cik": "0001739940", "fillingDate": "2007-12-31", "acceptedDate": "2007-12-30 19:00:00", "calendarYear": "2007", "period": "FY", "revenue": 17623000000, "costOfRevenue": 0, "grossProfit": 17623000000, "grossProfitRatio": 1, "researchAndDevelopmentExpenses": 0, "generalAndAdministrativeExpenses": 0, "sellingAndMarketingExpenses": 0, "sellingGeneralAndAdministrativeExpenses": 0, "otherExpenses": 15990000000, "operatingExpenses": 15990000000, "costAndExpenses": 15992000000, "interestIncome": 0, "interestExpense": 0, "depreciationAndAmortization": 194000000, "ebitda": 1820000000, "ebitdaratio": 0.1032741304, "operatingIncome": 1626000000, "operatingIncomeRatio": 0.092265789, "totalOtherIncomeExpensesNet": 2615000000, "incomeBeforeTax": 1631000000, "incomeBeforeTaxRatio": 0.0925495092, "incomeTaxExpense": 511000000, "netIncome": 1115000000, "netIncomeRatio": 0.0632695909, "eps": 3.94, "epsdiluted": 3.87, "weightedAverageShsOut": 283191000, "weightedAverageShsOutDil": 283191000, "link": "", "finalLink": "", "calculatedOtherExpenses": 15997000000, "calculatedOperatingExpenses": 15997000000, "calculatedNetInterest": 0, "calculatedOtherIncome": 5000000, "calculatedIncomeNonControlling": 5000000, "calculatedEbitda": 1820000000}, {"date": "2006-12-31", "symbol": "CI", "reportedCurrency": "USD", "cik": "0001739940", "fillingDate": "2006-12-31", "acceptedDate": "2006-12-30 19:00:00", "calendarYear": "2006", "period": "FY", "revenue": 16547000000, "costOfRevenue": 0, "grossProfit": 16547000000, "grossProfitRatio": 1, "researchAndDevelopmentExpenses": 0, "generalAndAdministrativeExpenses": 0, "sellingAndMarketingExpenses": 0, "sellingGeneralAndAdministrativeExpenses": 0, "otherExpenses": 14816000000, "operatingExpenses": 14816000000, "costAndExpenses": 14816000000, "interestIncome": 0, "interestExpense": 0, "depreciationAndAmortization": 208000000, "ebitda": 1935000000, "ebitdaratio": 0.1169396265, "operatingIncome": 1731000000, "operatingIncomeRatio": 0.1046111078, "totalOtherIncomeExpensesNet": 2906000000, "incomeBeforeTax": 1731000000, "incomeBeforeTaxRatio": 0.1046111078, "incomeTaxExpense": 572000000, "netIncome": 1155000000, "netIncomeRatio": 0.0698011724, "eps": 3.49, "epsdiluted": 3.43, "weightedAverageShsOut": 330945559, "weightedAverageShsOutDil": 336734694, "link": "", "finalLink": "", "calculatedOtherExpenses": 14816000000, "calculatedOperatingExpenses": 14816000000, "calculatedNetInterest": 0, "calculatedOtherIncome": 0, "calculatedIncomeNonControlling": 4000000, "calculatedEbitda": 1939000000}, {"date": "2005-12-31", "symbol": "CI", "reportedCurrency": "USD", "cik": "0001739940", "fillingDate": "2005-12-31", "acceptedDate": "2005-12-30 19:00:00", "calendarYear": "2005", "period": "FY", "revenue": 16684000000, "costOfRevenue": 0, "grossProfit": 16684000000, "grossProfitRatio": 1, "researchAndDevelopmentExpenses": 0, "generalAndAdministrativeExpenses": 0, "sellingAndMarketingExpenses": 0, "sellingGeneralAndAdministrativeExpenses": 0, "otherExpenses": 14891000000, "operatingExpenses": 14891000000, "costAndExpenses": 14891000000, "interestIncome": 0, "interestExpense": 0, "depreciationAndAmortization": 221000000, "ebitda": 2363000000, "ebitdaratio": 0.141632702, "operatingIncome": 1793000000, "operatingIncomeRatio": 0.107468233, "totalOtherIncomeExpensesNet": 2989000000, "incomeBeforeTax": 1793000000, "incomeBeforeTaxRatio": 0.107468233, "incomeTaxExpense": 517000000, "netIncome": 1625000000, "netIncomeRatio": 0.0973987053, "eps": 4.25, "epsdiluted": 4.17, "weightedAverageShsOut": 382053292, "weightedAverageShsOutDil": 389376997, "link": "", "finalLink": "", "calculatedOtherExpenses": 14891000000, "calculatedOperatingExpenses": 14891000000, "calculatedNetInterest": 0, "calculatedOtherIncome": 0, "calculatedIncomeNonControlling": -349000000, "calculatedEbitda": 2014000000}, {"date": "2004-12-31", "symbol": "CI", "reportedCurrency": "USD", "cik": "0001739940", "fillingDate": "2004-12-31", "acceptedDate": "2004-12-30 19:00:00", "calendarYear": "2004", "period": "FY", "revenue": 18176000000, "costOfRevenue": 0, "grossProfit": 18176000000, "grossProfitRatio": 1, "researchAndDevelopmentExpenses": 0, "generalAndAdministrativeExpenses": 0, "sellingAndMarketingExpenses": 0, "sellingGeneralAndAdministrativeExpenses": 0, "otherExpenses": -15940000000, "operatingExpenses": -15940000000, "costAndExpenses": 15801000000, "interestIncome": 0, "interestExpense": 0, "depreciationAndAmortization": 230000000, "ebitda": 2466000000, "ebitdaratio": 0.1356734155, "operatingIncome": 2236000000, "operatingIncomeRatio": 0.1230193662, "totalOtherIncomeExpensesNet": 3940000000, "incomeBeforeTax": 2375000000, "incomeBeforeTaxRatio": 0.1306668134, "incomeTaxExpense": 798000000, "netIncome": 1438000000, "netIncomeRatio": 0.0791153169, "eps": 3.51, "epsdiluted": 3.48, "weightedAverageShsOut": 409297913, "weightedAverageShsOutDil": 413614573, "link": "", "finalLink": "", "calculatedOtherExpenses": 15940000000, "calculatedOperatingExpenses": 15940000000, "calculatedNetInterest": 0, "calculatedOtherIncome": 139000000, "calculatedIncomeNonControlling": 139000000, "calculatedEbitda": 2466000000}, {"date": "2003-12-31", "symbol": "CI", "reportedCurrency": "USD", "cik": "0001739940", "fillingDate": "2003-12-31", "acceptedDate": "2003-12-30 19:00:00", "calendarYear": "2003", "period": "FY", "revenue": 18808000000, "costOfRevenue": 0, "grossProfit": 18808000000, "grossProfitRatio": 1, "researchAndDevelopmentExpenses": 0, "generalAndAdministrativeExpenses": 0, "sellingAndMarketingExpenses": 0, "sellingGeneralAndAdministrativeExpenses": 0, "otherExpenses": -17905000000, "operatingExpenses": -17905000000, "costAndExpenses": 17905000000, "interestIncome": 0, "interestExpense": 0, "depreciationAndAmortization": 246000000, "ebitda": 1197000000, "ebitdaratio": 0.0636431306, "operatingIncome": 903000000, "operatingIncomeRatio": 0.0480114845, "totalOtherIncomeExpensesNet": 3367000000, "incomeBeforeTax": 903000000, "incomeBeforeTaxRatio": 0.0480114845, "incomeTaxExpense": 283000000, "netIncome": 668000000, "netIncomeRatio": 0.0355168014, "eps": 1.51, "epsdiluted": 1.5, "weightedAverageShsOut": 419469027, "weightedAverageShsOutDil": 421333333, "link": "", "finalLink": "", "calculatedOtherExpenses": 17905000000, "calculatedOperatingExpenses": 17905000000, "calculatedNetInterest": 0, "calculatedOtherIncome": 0, "calculatedIncomeNonControlling": -48000000, "calculatedEbitda": 1149000000}, {"date": "2002-12-31", "symbol": "CI", "reportedCurrency": "USD", "cik": "0001739940", "fillingDate": "2002-12-31", "acceptedDate": "2002-12-30 19:00:00", "calendarYear": "2002", "period": "FY", "revenue": 19348000000, "costOfRevenue": 0, "grossProfit": 19348000000, "grossProfitRatio": 1, "researchAndDevelopmentExpenses": 0, "generalAndAdministrativeExpenses": 0, "sellingAndMarketingExpenses": 0, "sellingGeneralAndAdministrativeExpenses": 0, "otherExpenses": -19918000000, "operatingExpenses": -19918000000, "costAndExpenses": 19917000000, "interestIncome": 0, "interestExpense": 0, "depreciationAndAmortization": 221000000, "ebitda": -349000000, "ebitdaratio": -0.0180380401, "operatingIncome": -570000000, "operatingIncomeRatio": -0.0294604093, "totalOtherIncomeExpensesNet": 3611000000, "incomeBeforeTax": -569000000, "incomeBeforeTaxRatio": -0.0294087244, "incomeTaxExpense": -172000000, "netIncome": -398000000, "netIncomeRatio": -0.0205706016, "eps": -0.94, "epsdiluted": -0.94, "weightedAverageShsOut": 423028391, "weightedAverageShsOutDil": 423028391, "link": "", "finalLink": "", "calculatedOtherExpenses": 19918000000, "calculatedOperatingExpenses": 19918000000, "calculatedNetInterest": 0, "calculatedOtherIncome": 1000000, "calculatedIncomeNonControlling": 1000000, "calculatedEbitda": -349000000}, {"date": "2001-12-31", "symbol": "CI", "reportedCurrency": "USD", "cik": "0001739940", "fillingDate": "2001-12-31", "acceptedDate": "2001-12-30 19:00:00", "calendarYear": "2001", "period": "FY", "revenue": 19115000000, "costOfRevenue": 0, "grossProfit": 19115000000, "grossProfitRatio": 1, "researchAndDevelopmentExpenses": 0, "generalAndAdministrativeExpenses": 0, "sellingAndMarketingExpenses": 0, "sellingGeneralAndAdministrativeExpenses": 0, "otherExpenses": -17618000000, "operatingExpenses": -17618000000, "costAndExpenses": 17618000000, "interestIncome": 0, "interestExpense": 0, "depreciationAndAmortization": 244000000, "ebitda": 1741000000, "ebitdaratio": 0.0910803034, "operatingIncome": 1497000000, "operatingIncomeRatio": 0.0783154591, "totalOtherIncomeExpensesNet": 3748000000, "incomeBeforeTax": 1497000000, "incomeBeforeTaxRatio": 0.0783154591, "incomeTaxExpense": 508000000, "netIncome": 989000000, "netIncomeRatio": 0.0517394716, "eps": 2.08, "epsdiluted": 2.08, "weightedAverageShsOut": 452166934, "weightedAverageShsOutDil": 452166934, "link": "", "finalLink": "", "calculatedOtherExpenses": 17618000000, "calculatedOperatingExpenses": 17618000000, "calculatedNetInterest": 0, "calculatedOtherIncome": 0, "calculatedIncomeNonControlling": 0, "calculatedEbitda": 1741000000}, {"date": "2000-12-31", "symbol": "CI", "reportedCurrency": "USD", "cik": "0001739940", "fillingDate": "2000-12-31", "acceptedDate": "2000-12-30 19:00:00", "calendarYear": "2000", "period": "FY", "revenue": 19994000000, "costOfRevenue": 0, "grossProfit": 19994000000, "grossProfitRatio": 1, "researchAndDevelopmentExpenses": 0, "generalAndAdministrativeExpenses": 0, "sellingAndMarketingExpenses": 0, "sellingGeneralAndAdministrativeExpenses": 0, "otherExpenses": -18497000000, "operatingExpenses": -18497000000, "costAndExpenses": 18497000000, "interestIncome": 0, "interestExpense": 0, "depreciationAndAmortization": 233000000, "ebitda": 1730000000, "ebitdaratio": 0.0865259578, "operatingIncome": 1497000000, "operatingIncomeRatio": 0.0748724617, "totalOtherIncomeExpensesNet": 3666000000, "incomeBeforeTax": 1497000000, "incomeBeforeTaxRatio": 0.0748724617, "incomeTaxExpense": 510000000, "netIncome": 987000000, "netIncomeRatio": 0.0493648094, "eps": 1.96, "epsdiluted": 1.95, "weightedAverageShsOut": 482142857, "weightedAverageShsOutDil": 485445205, "link": "", "finalLink": "", "calculatedOtherExpenses": 18497000000, "calculatedOperatingExpenses": 18497000000, "calculatedNetInterest": 0, "calculatedOtherIncome": 0, "calculatedIncomeNonControlling": 0, "calculatedEbitda": 1730000000}, {"date": "1999-12-31", "symbol": "CI", "reportedCurrency": "USD", "cik": "0001739940", "fillingDate": "1999-12-31", "acceptedDate": "1999-12-30 19:00:00", "calendarYear": "1999", "period": "FY", "revenue": 18781000000, "costOfRevenue": 0, "grossProfit": 18781000000, "grossProfitRatio": 1, "researchAndDevelopmentExpenses": 0, "generalAndAdministrativeExpenses": 0, "sellingAndMarketingExpenses": 0, "sellingGeneralAndAdministrativeExpenses": 0, "otherExpenses": -16487000000, "operatingExpenses": -16487000000, "costAndExpenses": 17562000000, "interestIncome": 0, "interestExpense": 0, "depreciationAndAmortization": 225000000, "ebitda": 2519000000, "ebitdaratio": 0.1341249135, "operatingIncome": 2294000000, "operatingIncomeRatio": 0.1221447207, "totalOtherIncomeExpensesNet": 3702000000, "incomeBeforeTax": 1219000000, "incomeBeforeTaxRatio": 0.064906022, "incomeTaxExpense": 520000000, "netIncome": 1774000000, "netIncomeRatio": 0.0944571642, "eps": 3.04, "epsdiluted": 3, "weightedAverageShsOut": 583552632, "weightedAverageShsOutDil": 591991101, "link": "", "finalLink": "", "calculatedOtherExpenses": 16487000000, "calculatedOperatingExpenses": 16487000000, "calculatedNetInterest": 0, "calculatedOtherIncome": -1075000000, "calculatedIncomeNonControlling": -1075000000, "calculatedEbitda": 2519000000}, {"date": "1998-12-31", "symbol": "CI", "reportedCurrency": "USD", "cik": "0001739940", "fillingDate": "1998-12-31", "acceptedDate": "1998-12-30 19:00:00", "calendarYear": "1998", "period": "FY", "revenue": 21437000000, "costOfRevenue": 0, "grossProfit": 21437000000, "grossProfitRatio": 1, "researchAndDevelopmentExpenses": 0, "generalAndAdministrativeExpenses": 0, "sellingAndMarketingExpenses": 0, "sellingGeneralAndAdministrativeExpenses": 0, "otherExpenses": -19427000000, "operatingExpenses": -19427000000, "costAndExpenses": 19427000000, "interestIncome": 0, "interestExpense": 0, "depreciationAndAmortization": 318000000, "ebitda": 2328000000, "ebitdaratio": 0.1085972851, "operatingIncome": 2010000000, "operatingIncomeRatio": 0.0937631198, "totalOtherIncomeExpensesNet": 5024000000, "incomeBeforeTax": 2010000000, "incomeBeforeTaxRatio": 0.0937631198, "incomeTaxExpense": 718000000, "netIncome": 1292000000, "netIncomeRatio": 0.0602696273, "eps": 2.04, "epsdiluted": 2.02, "weightedAverageShsOut": 633333333, "weightedAverageShsOutDil": 640661157, "link": "", "finalLink": "", "calculatedOtherExpenses": 19427000000, "calculatedOperatingExpenses": 19427000000, "calculatedNetInterest": 0, "calculatedOtherIncome": 0, "calculatedIncomeNonControlling": 0, "calculatedEbitda": 2328000000}, {"date": "1997-12-31", "symbol": "CI", "reportedCurrency": "USD", "cik": "0001739940", "fillingDate": "1997-12-31", "acceptedDate": "1997-12-30 19:00:00", "calendarYear": "1997", "period": "FY", "revenue": 20038000000, "costOfRevenue": 0, "grossProfit": 20038000000, "grossProfitRatio": 1, "researchAndDevelopmentExpenses": 0, "generalAndAdministrativeExpenses": 0, "sellingAndMarketingExpenses": 0, "sellingGeneralAndAdministrativeExpenses": 0, "otherExpenses": -18388000000, "operatingExpenses": -18388000000, "costAndExpenses": 18388000000, "interestIncome": 0, "interestExpense": 0, "depreciationAndAmortization": 255000000, "ebitda": 1905000000, "ebitdaratio": 0.0950693682, "operatingIncome": 1650000000, "operatingIncomeRatio": 0.0823435473, "totalOtherIncomeExpensesNet": 5103000000, "incomeBeforeTax": 1650000000, "incomeBeforeTaxRatio": 0.0823435473, "incomeTaxExpense": 564000000, "netIncome": 1086000000, "netIncomeRatio": 0.0541970257, "eps": 1.64, "epsdiluted": 1.63, "weightedAverageShsOut": 661513440, "weightedAverageShsOutDil": 668291242, "link": "", "finalLink": "", "calculatedOtherExpenses": 18388000000, "calculatedOperatingExpenses": 18388000000, "calculatedNetInterest": 0, "calculatedOtherIncome": 0, "calculatedIncomeNonControlling": 0, "calculatedEbitda": 1905000000}, {"date": "1996-12-31", "symbol": "CI", "reportedCurrency": "USD", "cik": "0001739940", "fillingDate": "1996-12-31", "acceptedDate": "1996-12-30 19:00:00", "calendarYear": "1996", "period": "FY", "revenue": 18950000000, "costOfRevenue": 0, "grossProfit": 18950000000, "grossProfitRatio": 1, "researchAndDevelopmentExpenses": 0, "generalAndAdministrativeExpenses": 0, "sellingAndMarketingExpenses": 0, "sellingGeneralAndAdministrativeExpenses": 0, "otherExpenses": -17349000000, "operatingExpenses": -17349000000, "costAndExpenses": 17349000000, "interestIncome": 0, "interestExpense": 0, "depreciationAndAmortization": 0, "ebitda": 1601000000, "ebitdaratio": 0.0844854881, "operatingIncome": 1601000000, "operatingIncomeRatio": 0.0844854881, "totalOtherIncomeExpensesNet": 5034000000, "incomeBeforeTax": 1601000000, "incomeBeforeTaxRatio": 0.0844854881, "incomeTaxExpense": 545000000, "netIncome": 1056000000, "netIncomeRatio": 0.0557255937, "eps": 1.54, "epsdiluted": 1.54, "weightedAverageShsOut": 686209386, "weightedAverageShsOutDil": 686662272, "link": "", "finalLink": "", "calculatedOtherExpenses": 17349000000, "calculatedOperatingExpenses": 17349000000, "calculatedNetInterest": 0, "calculatedOtherIncome": 0, "calculatedIncomeNonControlling": 0, "calculatedEbitda": 1601000000}, {"date": "1995-12-31", "symbol": "CI", "reportedCurrency": "USD", "cik": "0001739940", "fillingDate": "1995-12-31", "acceptedDate": "1995-12-30 19:00:00", "calendarYear": "1995", "period": "FY", "revenue": 18955000000, "costOfRevenue": 0, "grossProfit": 18955000000, "grossProfitRatio": 1, "researchAndDevelopmentExpenses": 0, "generalAndAdministrativeExpenses": 0, "sellingAndMarketingExpenses": 0, "sellingGeneralAndAdministrativeExpenses": 0, "otherExpenses": -18704000000, "operatingExpenses": -18704000000, "costAndExpenses": 18704000000, "interestIncome": 0, "interestExpense": 0, "depreciationAndAmortization": 0, "ebitda": 251000000, "ebitdaratio": 0.0132418887, "operatingIncome": 251000000, "operatingIncomeRatio": 0.0132418887, "totalOtherIncomeExpensesNet": 5041000000, "incomeBeforeTax": 251000000, "incomeBeforeTaxRatio": 0.0132418887, "incomeTaxExpense": 40000000, "netIncome": 211000000, "netIncomeRatio": 0.0111316275, "eps": 0.32, "epsdiluted": 0.32, "weightedAverageShsOut": 663986014, "weightedAverageShsOutDil": 663986014, "link": "", "finalLink": "", "calculatedOtherExpenses": 18704000000, "calculatedOperatingExpenses": 18704000000, "calculatedNetInterest": 0, "calculatedOtherIncome": 0, "calculatedIncomeNonControlling": 0, "calculatedEbitda": 251000000}, {"date": "1994-12-31", "symbol": "CI", "reportedCurrency": "USD", "cik": "0001739940", "fillingDate": "1994-12-31", "acceptedDate": "1994-12-30 19:00:00", "calendarYear": "1994", "period": "FY", "revenue": 18392000000, "costOfRevenue": 0, "grossProfit": 18392000000, "grossProfitRatio": 1, "researchAndDevelopmentExpenses": 0, "generalAndAdministrativeExpenses": 0, "sellingAndMarketingExpenses": 0, "sellingGeneralAndAdministrativeExpenses": 0, "otherExpenses": -17587000000, "operatingExpenses": -17587000000, "costAndExpenses": 17587000000, "interestIncome": 0, "interestExpense": 0, "depreciationAndAmortization": 0, "ebitda": 805000000, "ebitdaratio": 0.04376903, "operatingIncome": 805000000, "operatingIncomeRatio": 0.04376903, "totalOtherIncomeExpensesNet": 4480000000, "incomeBeforeTax": 805000000, "incomeBeforeTaxRatio": 0.04376903, "incomeTaxExpense": 251000000, "netIncome": 554000000, "netIncomeRatio": 0.0301217921, "eps": 0.85, "epsdiluted": 0.85, "weightedAverageShsOut": 650913838, "weightedAverageShsOutDil": 653284864, "link": "", "finalLink": "", "calculatedOtherExpenses": 17587000000, "calculatedOperatingExpenses": 17587000000, "calculatedNetInterest": 0, "calculatedOtherIncome": 0, "calculatedIncomeNonControlling": 0, "calculatedEbitda": 805000000}, {"date": "1993-12-31", "symbol": "CI", "reportedCurrency": "USD", "cik": "0001739940", "fillingDate": "1993-12-31", "acceptedDate": "1993-12-30 19:00:00", "calendarYear": "1993", "period": "FY", "revenue": 13712000000, "costOfRevenue": 0, "grossProfit": 13712000000, "grossProfitRatio": 1, "researchAndDevelopmentExpenses": 0, "generalAndAdministrativeExpenses": 0, "sellingAndMarketingExpenses": 0, "sellingGeneralAndAdministrativeExpenses": 0, "otherExpenses": -13547000000, "operatingExpenses": -13547000000, "costAndExpenses": -13547000000, "interestIncome": 0, "interestExpense": 0, "depreciationAndAmortization": 0, "ebitda": 165000000, "ebitdaratio": 0.0120332555, "operatingIncome": 165000000, "operatingIncomeRatio": 0.0120332555, "totalOtherIncomeExpensesNet": 0, "incomeBeforeTax": 0, "incomeBeforeTaxRatio": 0, "incomeTaxExpense": -69000000, "netIncome": 234000000, "netIncomeRatio": 0.0170653442, "eps": 0.36, "epsdiluted": 0.36, "weightedAverageShsOut": 644681379, "weightedAverageShsOutDil": 644681379, "link": "", "finalLink": "", "calculatedOtherExpenses": 13547000000, "calculatedOperatingExpenses": 13547000000, "calculatedNetInterest": 0, "calculatedOtherIncome": -165000000, "calculatedIncomeNonControlling": -165000000, "calculatedEbitda": 165000000}, {"date": "1992-12-31", "symbol": "CI", "reportedCurrency": "USD", "cik": "0001739940", "fillingDate": "1992-12-31", "acceptedDate": "1992-12-30 19:00:00", "calendarYear": "1992", "period": "FY", "revenue": 13924000000, "costOfRevenue": 0, "grossProfit": 13924000000, "grossProfitRatio": 1, "researchAndDevelopmentExpenses": 0, "generalAndAdministrativeExpenses": 0, "sellingAndMarketingExpenses": 0, "sellingGeneralAndAdministrativeExpenses": 0, "otherExpenses": -13771000000, "operatingExpenses": -13771000000, "costAndExpenses": -13771000000, "interestIncome": 0, "interestExpense": 0, "depreciationAndAmortization": 0, "ebitda": 153000000, "ebitdaratio": 0.0109882218, "operatingIncome": 153000000, "operatingIncomeRatio": 0.0109882218, "totalOtherIncomeExpensesNet": 0, "incomeBeforeTax": 0, "incomeBeforeTaxRatio": 0, "incomeTaxExpense": -158000000, "netIncome": 311000000, "netIncomeRatio": 0.0223355358, "eps": 0.48, "epsdiluted": 0.48, "weightedAverageShsOut": 644092368, "weightedAverageShsOutDil": 644092368, "link": "", "finalLink": "", "calculatedOtherExpenses": 13771000000, "calculatedOperatingExpenses": 13771000000, "calculatedNetInterest": 0, "calculatedOtherIncome": -153000000, "calculatedIncomeNonControlling": -153000000, "calculatedEbitda": 153000000}, {"date": "1991-12-31", "symbol": "CI", "reportedCurrency": "USD", "cik": "0001739940", "fillingDate": "1991-12-31", "acceptedDate": "1991-12-30 19:00:00", "calendarYear": "1991", "period": "FY", "revenue": 14295000000, "costOfRevenue": 0, "grossProfit": 14295000000, "grossProfitRatio": 1, "researchAndDevelopmentExpenses": 0, "generalAndAdministrativeExpenses": 0, "sellingAndMarketingExpenses": 0, "sellingGeneralAndAdministrativeExpenses": 0, "otherExpenses": -13715000000, "operatingExpenses": -13715000000, "costAndExpenses": -13715000000, "interestIncome": 0, "interestExpense": 0, "depreciationAndAmortization": 0, "ebitda": 580000000, "ebitdaratio": 0.0405736271, "operatingIncome": 580000000, "operatingIncomeRatio": 0.0405736271, "totalOtherIncomeExpensesNet": 0, "incomeBeforeTax": 0, "incomeBeforeTaxRatio": 0, "incomeTaxExpense": 131000000, "netIncome": 449000000, "netIncomeRatio": 0.0314095838, "eps": 0.7, "epsdiluted": 0.7, "weightedAverageShsOut": 645142750, "weightedAverageShsOutDil": 645142750, "link": "", "finalLink": "", "calculatedOtherExpenses": 13715000000, "calculatedOperatingExpenses": 13715000000, "calculatedNetInterest": 0, "calculatedOtherIncome": -580000000, "calculatedIncomeNonControlling": -580000000, "calculatedEbitda": 580000000}, {"date": "1990-12-31", "symbol": "CI", "reportedCurrency": "USD", "cik": "0001739940", "fillingDate": "1990-12-31", "acceptedDate": "1990-12-30 19:00:00", "calendarYear": "1990", "period": "FY", "revenue": 13986000000, "costOfRevenue": 0, "grossProfit": 13986000000, "grossProfitRatio": 1, "researchAndDevelopmentExpenses": 0, "generalAndAdministrativeExpenses": 0, "sellingAndMarketingExpenses": 0, "sellingGeneralAndAdministrativeExpenses": 0, "otherExpenses": -13622000000, "operatingExpenses": -13622000000, "costAndExpenses": -13622000000, "interestIncome": 0, "interestExpense": 0, "depreciationAndAmortization": 0, "ebitda": 364000000, "ebitdaratio": 0.026026026, "operatingIncome": 364000000, "operatingIncomeRatio": 0.026026026, "totalOtherIncomeExpensesNet": 0, "incomeBeforeTax": 0, "incomeBeforeTaxRatio": 0, "incomeTaxExpense": 34000000, "netIncome": 330000000, "netIncomeRatio": 0.0235950236, "eps": 0.48, "epsdiluted": 0.48, "weightedAverageShsOut": 683442063, "weightedAverageShsOutDil": 683442063, "link": "", "finalLink": "", "calculatedOtherExpenses": 13622000000, "calculatedOperatingExpenses": 13622000000, "calculatedNetInterest": 0, "calculatedOtherIncome": -364000000, "calculatedIncomeNonControlling": -364000000, "calculatedEbitda": 364000000}, {"date": "1989-12-31", "symbol": "CI", "reportedCurrency": "USD", "cik": "0001739940", "fillingDate": "1989-12-31", "acceptedDate": "1989-12-30 19:00:00", "calendarYear": "1989", "period": "FY", "revenue": 11494000000, "costOfRevenue": 0, "grossProfit": 11494000000, "grossProfitRatio": 1, "researchAndDevelopmentExpenses": 0, "generalAndAdministrativeExpenses": 0, "sellingAndMarketingExpenses": 0, "sellingGeneralAndAdministrativeExpenses": 0, "otherExpenses": -10798000000, "operatingExpenses": -10798000000, "costAndExpenses": -10798000000, "interestIncome": 0, "interestExpense": 0, "depreciationAndAmortization": 0, "ebitda": 696000000, "ebitdaratio": 0.0605533322, "operatingIncome": 696000000, "operatingIncomeRatio": 0.0605533322, "totalOtherIncomeExpensesNet": 0, "incomeBeforeTax": 0, "incomeBeforeTaxRatio": 0, "incomeTaxExpense": 134000000, "netIncome": 562000000, "netIncomeRatio": 0.0488950757, "eps": 0.78, "epsdiluted": 0.78, "weightedAverageShsOut": 707574527, "weightedAverageShsOutDil": 707574527, "link": "", "finalLink": "", "calculatedOtherExpenses": 10798000000, "calculatedOperatingExpenses": 10798000000, "calculatedNetInterest": 0, "calculatedOtherIncome": -696000000, "calculatedIncomeNonControlling": -696000000, "calculatedEbitda": 696000000}, {"date": "1988-12-31", "symbol": "CI", "reportedCurrency": "USD", "cik": "0001739940", "fillingDate": "1988-12-31", "acceptedDate": "1988-12-30 19:00:00", "calendarYear": "1988", "period": "FY", "revenue": 0, "costOfRevenue": 0, "grossProfit": 0, "grossProfitRatio": 0, "researchAndDevelopmentExpenses": 0, "generalAndAdministrativeExpenses": 0, "sellingAndMarketingExpenses": 0, "sellingGeneralAndAdministrativeExpenses": 0, "otherExpenses": 570100000, "operatingExpenses": 570100000, "costAndExpenses": 570100000, "interestIncome": 0, "interestExpense": 0, "depreciationAndAmortization": 0, "ebitda": 570100000, "ebitdaratio": 0, "operatingIncome": 570100000, "operatingIncomeRatio": 0, "totalOtherIncomeExpensesNet": 0, "incomeBeforeTax": 0, "incomeBeforeTaxRatio": 0, "incomeTaxExpense": 97900000, "netIncome": 472200000, "netIncomeRatio": 0, "eps": 0.67, "epsdiluted": 0.67, "weightedAverageShsOut": 708962931, "weightedAverageShsOutDil": 708962931, "link": "", "finalLink": "", "calculatedOtherExpenses": -570100000, "calculatedOperatingExpenses": -570100000, "calculatedNetInterest": 0, "calculatedOtherIncome": -570100000, "calculatedIncomeNonControlling": -570100000, "calculatedEbitda": 570100000}, {"date": "1987-12-31", "symbol": "CI", "reportedCurrency": "USD", "cik": "0001739940", "fillingDate": "1987-12-31", "acceptedDate": "1987-12-30 19:00:00", "calendarYear": "1987", "period": "FY", "revenue": 0, "costOfRevenue": 0, "grossProfit": 0, "grossProfitRatio": 0, "researchAndDevelopmentExpenses": 0, "generalAndAdministrativeExpenses": 0, "sellingAndMarketingExpenses": 0, "sellingGeneralAndAdministrativeExpenses": 0, "otherExpenses": 833000000, "operatingExpenses": 833000000, "costAndExpenses": 833000000, "interestIncome": 0, "interestExpense": 0, "depreciationAndAmortization": 0, "ebitda": 833000000, "ebitdaratio": 0, "operatingIncome": 833000000, "operatingIncomeRatio": 0, "totalOtherIncomeExpensesNet": 0, "incomeBeforeTax": 0, "incomeBeforeTaxRatio": 0, "incomeTaxExpense": 147400000, "netIncome": 685600000, "netIncomeRatio": 0, "eps": 0.96, "epsdiluted": 0.96, "weightedAverageShsOut": 713824936, "weightedAverageShsOutDil": 713824936, "link": "", "finalLink": "", "calculatedOtherExpenses": -833000000, "calculatedOperatingExpenses": -833000000, "calculatedNetInterest": 0, "calculatedOtherIncome": -833000000, "calculatedIncomeNonControlling": -833000000, "calculatedEbitda": 833000000}, {"date": "1986-12-31", "symbol": "CI", "reportedCurrency": "USD", "cik": "0001739940", "fillingDate": "1986-12-31", "acceptedDate": "1986-12-30 19:00:00", "calendarYear": "1986", "period": "FY", "revenue": 0, "costOfRevenue": 0, "grossProfit": 0, "grossProfitRatio": 0, "researchAndDevelopmentExpenses": 0, "generalAndAdministrativeExpenses": 0, "sellingAndMarketingExpenses": 0, "sellingGeneralAndAdministrativeExpenses": 0, "otherExpenses": 700900000, "operatingExpenses": 700900000, "costAndExpenses": 700900000, "interestIncome": 0, "interestExpense": 0, "depreciationAndAmortization": 0, "ebitda": 700900000, "ebitdaratio": 0, "operatingIncome": 700900000, "operatingIncomeRatio": 0, "totalOtherIncomeExpensesNet": 0, "incomeBeforeTax": 0, "incomeBeforeTaxRatio": 0, "incomeTaxExpense": 166000000, "netIncome": 534900000, "netIncomeRatio": 0, "eps": 0.78, "epsdiluted": 0.78, "weightedAverageShsOut": 687132630, "weightedAverageShsOutDil": 687132630, "link": "", "finalLink": "", "calculatedOtherExpenses": -700900000, "calculatedOperatingExpenses": -700900000, "calculatedNetInterest": 0, "calculatedOtherIncome": -700900000, "calculatedIncomeNonControlling": -700900000, "calculatedEbitda": 700900000}, {"date": "1985-12-31", "symbol": "CI", "reportedCurrency": "USD", "cik": "0001739940", "fillingDate": "1985-12-31", "acceptedDate": "1985-12-30 19:00:00", "calendarYear": "1985", "period": "FY", "revenue": 0, "costOfRevenue": 0, "grossProfit": 0, "grossProfitRatio": 0, "researchAndDevelopmentExpenses": 0, "generalAndAdministrativeExpenses": 0, "sellingAndMarketingExpenses": 0, "sellingGeneralAndAdministrativeExpenses": 0, "otherExpenses": -854900000, "operatingExpenses": -854900000, "costAndExpenses": -854900000, "interestIncome": 0, "interestExpense": 0, "depreciationAndAmortization": 0, "ebitda": -854900000, "ebitdaratio": 0, "operatingIncome": -854900000, "operatingIncomeRatio": 0, "totalOtherIncomeExpensesNet": 0, "incomeBeforeTax": 0, "incomeBeforeTaxRatio": 0, "incomeTaxExpense": -300000, "netIncome": -854600000, "netIncomeRatio": 0, "eps": -1.38, "epsdiluted": -1.38, "weightedAverageShsOut": 618401534, "weightedAverageShsOutDil": 618401534, "link": "", "finalLink": "", "calculatedOtherExpenses": 854900000, "calculatedOperatingExpenses": 854900000, "calculatedNetInterest": 0, "calculatedOtherIncome": 854900000, "calculatedIncomeNonControlling": 854900000, "calculatedEbitda": -854900000}]}