{"originalCurrency": "USD", "convertedCurrency": "USD", "report": [{"date": "2023-10-28", "symbol": "CIEN", "reportedCurrency": "USD", "cik": "0000936395", "fillingDate": "2023-12-15", "acceptedDate": "2023-12-15 16:17:49", "calendarYear": "2023", "period": "FY", "revenue": 4386549000, "costOfRevenue": 2507698000, "grossProfit": 1878851000, "grossProfitRatio": 0.4283209876, "researchAndDevelopmentExpenses": 750559000, "generalAndAdministrativeExpenses": 215284000, "sellingAndMarketingExpenses": 490804000, "sellingGeneralAndAdministrativeExpenses": 706088000, "otherExpenses": 64659000, "operatingExpenses": 1493998000, "costAndExpenses": 4001696000, "interestIncome": 62008000, "interestExpense": 88026000, "depreciationAndAmortization": 142180000, "ebitda": 589041000, "ebitdaratio": 0.1342834652, "operatingIncome": 357545000, "operatingIncomeRatio": 0.0815094052, "totalOtherIncomeExpensesNet": -35182000, "incomeBeforeTax": 323653000, "incomeBeforeTaxRatio": 0.0737830582, "incomeTaxExpense": 68826000, "netIncome": 254827000, "netIncomeRatio": 0.0580928197, "eps": 1.71, "epsdiluted": 1.71, "weightedAverageShsOut": 148971000, "weightedAverageShsOutDil": 149380000, "link": "https://www.sec.gov/Archives/edgar/data/936395/000093639523000044/0000936395-23-000044-index.htm", "finalLink": "https://www.sec.gov/Archives/edgar/data/936395/000093639523000044/cien-20231028.htm", "calculatedOtherExpenses": 64659000, "calculatedOperatingExpenses": 1521306000, "calculatedNetInterest": -26018000, "calculatedOtherIncome": -7874000, "calculatedIncomeNonControlling": 0, "calculatedEbitda": 499725000}, {"date": "2022-10-29", "symbol": "CIEN", "reportedCurrency": "USD", "cik": "0000936395", "fillingDate": "2022-12-16", "acceptedDate": "2022-12-16 15:57:15", "calendarYear": "2022", "period": "FY", "revenue": 3632661000, "costOfRevenue": 2072317000, "grossProfit": 1560344000, "grossProfitRatio": 0.4295319602, "researchAndDevelopmentExpenses": 624656000, "generalAndAdministrativeExpenses": 179382000, "sellingAndMarketingExpenses": 466565000, "sellingGeneralAndAdministrativeExpenses": 645947000, "otherExpenses": 32511000, "operatingExpenses": 1303114000, "costAndExpenses": 3375431000, "interestIncome": 6747000, "interestExpense": 47050000, "depreciationAndAmortization": 181372000, "ebitda": 404180000, "ebitdaratio": 0.1112627906, "operatingIncome": 222808000, "operatingIncomeRatio": 0.0613346525, "totalOtherIncomeExpensesNet": -40303000, "incomeBeforeTax": 182505000, "incomeBeforeTaxRatio": 0.0502400307, "incomeTaxExpense": 29603000, "netIncome": 152902000, "netIncomeRatio": 0.042090908, "eps": 1.01, "epsdiluted": 1, "weightedAverageShsOut": 151208000, "weightedAverageShsOutDil": 152193000, "link": "https://www.sec.gov/Archives/edgar/data/936395/000093639522000065/0000936395-22-000065-index.htm", "finalLink": "https://www.sec.gov/Archives/edgar/data/936395/000093639522000065/cien-20221029.htm", "calculatedOtherExpenses": 66933000, "calculatedOperatingExpenses": 1337536000, "calculatedNetInterest": -40303000, "calculatedOtherIncome": 0, "calculatedIncomeNonControlling": 0, "calculatedEbitda": 404180000}, {"date": "2021-10-30", "symbol": "CIEN", "reportedCurrency": "USD", "cik": "0000936395", "fillingDate": "2021-12-17", "acceptedDate": "2021-12-17 16:48:15", "calendarYear": "2021", "period": "FY", "revenue": 3620684000, "costOfRevenue": 1898705000, "grossProfit": 1721979000, "grossProfitRatio": 0.4755949428, "researchAndDevelopmentExpenses": 536666000, "generalAndAdministrativeExpenses": 181874000, "sellingAndMarketingExpenses": 452214000, "sellingGeneralAndAdministrativeExpenses": 634088000, "otherExpenses": 23732000, "operatingExpenses": 1194486000, "costAndExpenses": 3093191000, "interestIncome": 2051000, "interestExpense": 32605000, "depreciationAndAmortization": 164403000, "ebitda": 659759000, "ebitdaratio": 0.182219437, "operatingIncome": 495356000, "operatingIncomeRatio": 0.1368128232, "totalOtherIncomeExpensesNet": -32605000, "incomeBeforeTax": 462751000, "incomeBeforeTaxRatio": 0.1278076187, "incomeTaxExpense": -37445000, "netIncome": 500196000, "netIncomeRatio": 0.1381495872, "eps": 3.22, "epsdiluted": 3.19, "weightedAverageShsOut": 155279000, "weightedAverageShsOutDil": 156743000, "link": "https://www.sec.gov/Archives/edgar/data/936395/000093639521000054/0000936395-21-000054-index.htm", "finalLink": "https://www.sec.gov/Archives/edgar/data/936395/000093639521000054/cien-20211030.htm", "calculatedOtherExpenses": 55869000, "calculatedOperatingExpenses": 1226623000, "calculatedNetInterest": -30554000, "calculatedOtherIncome": -2051000, "calculatedIncomeNonControlling": 0, "calculatedEbitda": 659759000}, {"date": "2020-10-31", "symbol": "CIEN", "reportedCurrency": "USD", "cik": "0000936395", "fillingDate": "2020-12-18", "acceptedDate": "2020-12-18 15:32:47", "calendarYear": "2020", "period": "FY", "revenue": 3532157000, "costOfRevenue": 1879266000, "grossProfit": 1652891000, "grossProfitRatio": 0.4679551334, "researchAndDevelopmentExpenses": 529888000, "generalAndAdministrativeExpenses": 169548000, "sellingAndMarketingExpenses": 416425000, "sellingGeneralAndAdministrativeExpenses": 585973000, "otherExpenses": 23383000, "operatingExpenses": 1139244000, "costAndExpenses": 3018510000, "interestIncome": 6860000, "interestExpense": 30357000, "depreciationAndAmortization": 159210000, "ebitda": 646174000, "ebitdaratio": 0.1829403393, "operatingIncome": 486964000, "operatingIncomeRatio": 0.1378658989, "totalOtherIncomeExpensesNet": -31003000, "incomeBeforeTax": 455961000, "incomeBeforeTaxRatio": 0.1290885428, "incomeTaxExpense": 94670000, "netIncome": 361291000, "netIncomeRatio": 0.1022862234, "eps": 2.34, "epsdiluted": 2.32, "weightedAverageShsOut": 154287000, "weightedAverageShsOutDil": 155955000, "link": "https://www.sec.gov/Archives/edgar/data/936395/000093639520000042/0000936395-20-000042-index.htm", "finalLink": "https://www.sec.gov/Archives/edgar/data/936395/000093639520000042/cien-20201031.htm", "calculatedOtherExpenses": 50066000, "calculatedOperatingExpenses": 1165927000, "calculatedNetInterest": -23497000, "calculatedOtherIncome": -7506000, "calculatedIncomeNonControlling": 0, "calculatedEbitda": 646174000}, {"date": "2019-10-31", "symbol": "CIEN", "reportedCurrency": "USD", "cik": "0000936395", "fillingDate": "2019-12-20", "acceptedDate": "2019-12-20 14:13:44", "calendarYear": "2019", "period": "FY", "revenue": 3572131000, "costOfRevenue": 2030065000, "grossProfit": 1542066000, "grossProfitRatio": 0.4316935745, "researchAndDevelopmentExpenses": 548139000, "generalAndAdministrativeExpenses": 174399000, "sellingAndMarketingExpenses": 423046000, "sellingGeneralAndAdministrativeExpenses": 597445000, "otherExpenses": 21808000, "operatingExpenses": 1167392000, "costAndExpenses": 3197457000, "interestIncome": 3876000, "interestExpense": 37452000, "depreciationAndAmortization": 154496000, "ebitda": 501262000, "ebitdaratio": 0.1403257607, "operatingIncome": 346766000, "operatingIncomeRatio": 0.0970753872, "totalOtherIncomeExpensesNet": -33576000, "incomeBeforeTax": 313190000, "incomeBeforeTaxRatio": 0.0876759559, "incomeTaxExpense": 59756000, "netIncome": 253434000, "netIncomeRatio": 0.070947566, "eps": 1.63, "epsdiluted": 1.61, "weightedAverageShsOut": 155720000, "weightedAverageShsOutDil": 157612000, "link": "https://www.sec.gov/Archives/edgar/data/936395/000093639519000056/0000936395-19-000056-index.htm", "finalLink": "https://www.sec.gov/Archives/edgar/data/936395/000093639519000056/a20191031financials.htm", "calculatedOtherExpenses": 49716000, "calculatedOperatingExpenses": 1195300000, "calculatedNetInterest": -33576000, "calculatedOtherIncome": 0, "calculatedIncomeNonControlling": 0, "calculatedEbitda": 501262000}, {"date": "2018-10-31", "symbol": "CIEN", "reportedCurrency": "USD", "cik": "0000936395", "fillingDate": "2018-12-21", "acceptedDate": "2018-12-21 15:21:50", "calendarYear": "2018", "period": "FY", "revenue": 3094286000, "costOfRevenue": 1779596000, "grossProfit": 1314690000, "grossProfitRatio": 0.4248766921, "researchAndDevelopmentExpenses": 491564000, "generalAndAdministrativeExpenses": 160133000, "sellingAndMarketingExpenses": 394060000, "sellingGeneralAndAdministrativeExpenses": 554193000, "otherExpenses": -13089000, "operatingExpenses": 1061494000, "costAndExpenses": 2841090000, "interestIncome": -12029000, "interestExpense": 67278000, "depreciationAndAmortization": 110020000, "ebitda": 363216000, "ebitdaratio": 0.1173828146, "operatingIncome": 229946000, "operatingIncomeRatio": 0.0743131049, "totalOtherIncomeExpensesNet": -37137000, "incomeBeforeTax": 148781000, "incomeBeforeTaxRatio": 0.0480824979, "incomeTaxExpense": 493471000, "netIncome": -344690000, "netIncomeRatio": -0.1113956499, "eps": -2.49, "epsdiluted": -2.4, "weightedAverageShsOut": 138555030, "weightedAverageShsOutDil": 143738000, "link": "https://www.sec.gov/Archives/edgar/data/936395/000093639518000048/0000936395-18-000048-index.htm", "finalLink": "https://www.sec.gov/Archives/edgar/data/936395/000093639518000048/a20181031financials.htm", "calculatedOtherExpenses": 38987000, "calculatedOperatingExpenses": 1084744000, "calculatedNetInterest": -79307000, "calculatedOtherIncome": -1858000, "calculatedIncomeNonControlling": 0, "calculatedEbitda": 339966000}, {"date": "2017-10-31", "symbol": "CIEN", "reportedCurrency": "USD", "cik": "0000936395", "fillingDate": "2017-12-22", "acceptedDate": "2017-12-22 08:36:43", "calendarYear": "2017", "period": "FY", "revenue": 2801687000, "costOfRevenue": 1555901000, "grossProfit": 1245786000, "grossProfitRatio": 0.4446556664, "researchAndDevelopmentExpenses": 475329000, "generalAndAdministrativeExpenses": 142604000, "sellingAndMarketingExpenses": 356169000, "sellingGeneralAndAdministrativeExpenses": 498773000, "otherExpenses": -133000, "operatingExpenses": 1007131000, "costAndExpenses": 2563032000, "interestIncome": -2744000, "interestExpense": 58596000, "depreciationAndAmortization": 122902000, "ebitda": 361557000, "ebitdaratio": 0.1290497475, "operatingIncome": 214722000, "operatingIncomeRatio": 0.0766402528, "totalOtherIncomeExpensesNet": -23933000, "incomeBeforeTax": 156126000, "incomeBeforeTaxRatio": 0.055725711, "incomeTaxExpense": -1105827000, "netIncome": 1261953000, "netIncomeRatio": 0.4504261183, "eps": 8.89, "epsdiluted": 7.53, "weightedAverageShsOut": 141997000, "weightedAverageShsOutDil": 169919000, "link": "https://www.sec.gov/Archives/edgar/data/936395/000093639517000064/0000936395-17-000064-index.htm", "finalLink": "https://www.sec.gov/Archives/edgar/data/936395/000093639517000064/a20171031financials.htm", "calculatedOtherExpenses": 56962000, "calculatedOperatingExpenses": 1031064000, "calculatedNetInterest": -61340000, "calculatedOtherIncome": 2744000, "calculatedIncomeNonControlling": 0, "calculatedEbitda": 337624000}, {"date": "2016-10-31", "symbol": "CIEN", "reportedCurrency": "USD", "cik": "0000936395", "fillingDate": "2016-12-21", "acceptedDate": "2016-12-21 17:26:49", "calendarYear": "2016", "period": "FY", "revenue": 2600573000, "costOfRevenue": 1438997000, "grossProfit": 1161576000, "grossProfitRatio": 0.4466615627, "researchAndDevelopmentExpenses": 451794000, "generalAndAdministrativeExpenses": 132828000, "sellingAndMarketingExpenses": 349731000, "sellingGeneralAndAdministrativeExpenses": 482559000, "otherExpenses": 632000, "operatingExpenses": 995861000, "costAndExpenses": 2434858000, "interestIncome": -12795000, "interestExpense": 69451000, "depreciationAndAmortization": 141692000, "ebitda": 307407000, "ebitdaratio": 0.1182074104, "operatingIncome": 156169000, "operatingIncomeRatio": 0.0600517655, "totalOtherIncomeExpensesNet": -9546000, "incomeBeforeTax": 86718000, "incomeBeforeTaxRatio": 0.033345728, "incomeTaxExpense": 14134000, "netIncome": 72584000, "netIncomeRatio": 0.027910772, "eps": 0.52, "epsdiluted": 0.51, "weightedAverageShsOut": 138312000, "weightedAverageShsOutDil": 150704000, "link": "https://www.sec.gov/Archives/edgar/data/936395/000093639516000128/0000936395-16-000128-index.htm", "finalLink": "https://www.sec.gov/Archives/edgar/data/936395/000093639516000128/a20161031financials.htm", "calculatedOtherExpenses": 71054000, "calculatedOperatingExpenses": 1005407000, "calculatedNetInterest": -82246000, "calculatedOtherIncome": 12795000, "calculatedIncomeNonControlling": 0, "calculatedEbitda": 297861000}, {"date": "2015-10-31", "symbol": "CIEN", "reportedCurrency": "USD", "cik": "0000936395", "fillingDate": "2015-12-21", "acceptedDate": "2015-12-21 12:54:43", "calendarYear": "2015", "period": "FY", "revenue": 2445669000, "costOfRevenue": 1370106000, "grossProfit": 1075563000, "grossProfitRatio": 0.4397827343, "researchAndDevelopmentExpenses": 414201000, "generalAndAdministrativeExpenses": 123402000, "sellingAndMarketingExpenses": 333836000, "sellingGeneralAndAdministrativeExpenses": 457238000, "otherExpenses": -2319000, "operatingExpenses": 940950000, "costAndExpenses": 2311056000, "interestIncome": -25505000, "interestExpense": 76684000, "depreciationAndAmortization": 135767000, "ebitda": 270380000, "ebitdaratio": 0.1105546172, "operatingIncome": 100448000, "operatingIncomeRatio": 0.0410717885, "totalOtherIncomeExpensesNet": -34165000, "incomeBeforeTax": 23764000, "incomeBeforeTaxRatio": 0.0097167687, "incomeTaxExpense": 12097000, "netIncome": 11667000, "netIncomeRatio": 0.0047704738, "eps": 0.1, "epsdiluted": 0.1, "weightedAverageShsOut": 118416000, "weightedAverageShsOutDil": 120101000, "link": "https://www.sec.gov/Archives/edgar/data/936395/000093639515000062/0000936395-15-000062-index.htm", "finalLink": "https://www.sec.gov/Archives/edgar/data/936395/000093639515000062/a20151031financials.htm", "calculatedOtherExpenses": 103676000, "calculatedOperatingExpenses": 975115000, "calculatedNetInterest": -102189000, "calculatedOtherIncome": 25505000, "calculatedIncomeNonControlling": 0, "calculatedEbitda": 236215000}, {"date": "2014-11-01", "symbol": "CIEN", "reportedCurrency": "USD", "cik": "0000936395", "fillingDate": "2014-12-19", "acceptedDate": "2014-12-19 16:27:04", "calendarYear": "2014", "period": "FY", "revenue": 2288289000, "costOfRevenue": 1339937000, "grossProfit": 948352000, "grossProfitRatio": 0.4144371624, "researchAndDevelopmentExpenses": 401180000, "generalAndAdministrativeExpenses": 126824000, "sellingAndMarketingExpenses": 328325000, "sellingGeneralAndAdministrativeExpenses": 455149000, "otherExpenses": -1509000, "operatingExpenses": 902299000, "costAndExpenses": 2242236000, "interestIncome": -25262000, "interestExpense": 72377000, "depreciationAndAmortization": 112767000, "ebitda": 158820000, "ebitdaratio": 0.069405569, "operatingIncome": 45704000, "operatingIncomeRatio": 0.0199730017, "totalOtherIncomeExpensesNet": -349000, "incomeBeforeTax": -26673000, "incomeBeforeTaxRatio": -0.0116563074, "incomeTaxExpense": 13964000, "netIncome": -40637000, "netIncomeRatio": -0.0177586835, "eps": -0.38, "epsdiluted": -0.38, "weightedAverageShsOut": 105783000, "weightedAverageShsOutDil": 105783000, "link": "https://www.sec.gov/Archives/edgar/data/936395/000093639514000063/0000936395-14-000063-index.htm", "finalLink": "https://www.sec.gov/Archives/edgar/data/936395/000093639514000063/a20141031financials.htm", "calculatedOtherExpenses": 46319000, "calculatedOperatingExpenses": 902648000, "calculatedNetInterest": -97639000, "calculatedOtherIncome": 25262000, "calculatedIncomeNonControlling": 0, "calculatedEbitda": 158471000}, {"date": "2013-10-31", "symbol": "CIEN", "reportedCurrency": "USD", "cik": "0000936395", "fillingDate": "2013-12-20", "acceptedDate": "2013-12-20 16:47:30", "calendarYear": "2013", "period": "FY", "revenue": 2082546000, "costOfRevenue": 1217371000, "grossProfit": 865175000, "grossProfitRatio": 0.4154410035, "researchAndDevelopmentExpenses": 383408000, "generalAndAdministrativeExpenses": 122432000, "sellingAndMarketingExpenses": 304170000, "sellingGeneralAndAdministrativeExpenses": 426602000, "otherExpenses": 49771000, "operatingExpenses": 859781000, "costAndExpenses": 2077152000, "interestIncome": -5744000, "interestExpense": 49786000, "depreciationAndAmortization": 127007000, "ebitda": 132401000, "ebitdaratio": 0.0635765068, "operatingIncome": -1775000, "operatingIncomeRatio": -0.0008523221, "totalOtherIncomeExpensesNet": -35799000, "incomeBeforeTax": -80191000, "incomeBeforeTaxRatio": -0.0385062323, "incomeTaxExpense": 5240000, "netIncome": -85431000, "netIncomeRatio": -0.0410223832, "eps": -0.83, "epsdiluted": -0.83, "weightedAverageShsOut": 102350000, "weightedAverageShsOutDil": 102350000, "link": "https://www.sec.gov/Archives/edgar/data/936395/000093639513000057/0000936395-13-000057-index.htm", "finalLink": "https://www.sec.gov/Archives/edgar/data/936395/000093639513000057/a20131031financials.htm", "calculatedOtherExpenses": 56940000, "calculatedOperatingExpenses": 866950000, "calculatedNetInterest": -55530000, "calculatedOtherIncome": -22886000, "calculatedIncomeNonControlling": 0, "calculatedEbitda": 125232000}, {"date": "2012-10-31", "symbol": "CIEN", "reportedCurrency": "USD", "cik": "0000936395", "fillingDate": "2012-12-21", "acceptedDate": "2012-12-21 16:21:52", "calendarYear": "2012", "period": "FY", "revenue": 1833923000, "costOfRevenue": 1109699000, "grossProfit": 724224000, "grossProfitRatio": 0.3949042572, "researchAndDevelopmentExpenses": 364179000, "generalAndAdministrativeExpenses": 114122000, "sellingAndMarketingExpenses": 266338000, "sellingGeneralAndAdministrativeExpenses": 380460000, "otherExpenses": 51697000, "operatingExpenses": 796336000, "costAndExpenses": 1906035000, "interestIncome": -15200000, "interestExpense": 54853000, "depreciationAndAmortization": 133596000, "ebitda": 61484000, "ebitdaratio": 0.0335259441, "operatingIncome": -79846000, "operatingIncomeRatio": -0.0435383601, "totalOtherIncomeExpensesNet": -7734000, "incomeBeforeTax": -134699000, "incomeBeforeTaxRatio": -0.0734485581, "incomeTaxExpense": 9322000, "netIncome": -144021000, "netIncomeRatio": -0.0785316505, "eps": -1.45, "epsdiluted": -1.45, "weightedAverageShsOut": 99324827, "weightedAverageShsOutDil": 99341000, "link": "https://www.sec.gov/Archives/edgar/data/936395/000093639512000075/0000936395-12-000075-index.htm", "finalLink": "https://www.sec.gov/Archives/edgar/data/936395/000093639512000075/a2012103110k.htm", "calculatedOtherExpenses": 59431000, "calculatedOperatingExpenses": 804070000, "calculatedNetInterest": -70053000, "calculatedOtherIncome": 15200000, "calculatedIncomeNonControlling": 0, "calculatedEbitda": 53750000}, {"date": "2011-10-31", "symbol": "CIEN", "reportedCurrency": "USD", "cik": "0000936395", "fillingDate": "2011-12-22", "acceptedDate": "2011-12-22 15:51:38", "calendarYear": "2011", "period": "FY", "revenue": 1741970000, "costOfRevenue": 1032824000, "grossProfit": 709146000, "grossProfitRatio": 0.4070942668, "researchAndDevelopmentExpenses": 379862000, "generalAndAdministrativeExpenses": 126242000, "sellingAndMarketingExpenses": 251990000, "sellingGeneralAndAdministrativeExpenses": 378232000, "otherExpenses": 66376000, "operatingExpenses": 824470000, "costAndExpenses": 1857294000, "interestIncome": 0, "interestExpense": 37926000, "depreciationAndAmortization": 156081000, "ebitda": 40757000, "ebitdaratio": 0.0233970734, "operatingIncome": -163193000, "operatingIncomeRatio": -0.0936830141, "totalOtherIncomeExpensesNet": -34598000, "incomeBeforeTax": -187848000, "incomeBeforeTaxRatio": -0.1078365299, "incomeTaxExpense": 7673000, "netIncome": -195521000, "netIncomeRatio": -0.112241313, "eps": -2.04, "epsdiluted": -2.04, "weightedAverageShsOut": 95854000, "weightedAverageShsOutDil": 95854000, "link": "https://www.sec.gov/Archives/edgar/data/936395/000093639511000009/0000936395-11-000009-index.htm", "finalLink": "https://www.sec.gov/Archives/edgar/data/936395/000093639511000009/a2011103110k.htm", "calculatedOtherExpenses": 114245000, "calculatedOperatingExpenses": 872339000, "calculatedNetInterest": -37926000, "calculatedOtherIncome": 13271000, "calculatedIncomeNonControlling": 0, "calculatedEbitda": -7112000}, {"date": "2010-10-31", "symbol": "CIEN", "reportedCurrency": "USD", "cik": "0000936395", "fillingDate": "2010-12-22", "acceptedDate": "2010-12-22 17:00:21", "calendarYear": "2010", "period": "FY", "revenue": 1236636000, "costOfRevenue": 739135000, "grossProfit": 497501000, "grossProfitRatio": 0.40230189, "researchAndDevelopmentExpenses": 327626000, "generalAndAdministrativeExpenses": 102692000, "sellingAndMarketingExpenses": 193515000, "sellingGeneralAndAdministrativeExpenses": 296207000, "otherExpenses": 85594000, "operatingExpenses": 709427000, "costAndExpenses": 1448562000, "interestIncome": 3917000, "interestExpense": 18619000, "depreciationAndAmortization": 169807000, "ebitda": -38202000, "ebitdaratio": -0.0308918712, "operatingIncome": -321819000, "operatingIncomeRatio": -0.2602374506, "totalOtherIncomeExpensesNet": -104945000, "incomeBeforeTax": -331573000, "incomeBeforeTaxRatio": -0.2681249778, "incomeTaxExpense": 1941000, "netIncome": -333514000, "netIncomeRatio": -0.2696945585, "eps": -3.58, "epsdiluted": -3.58, "weightedAverageShsOut": 93103000, "weightedAverageShsOutDil": 93103000, "link": "https://www.sec.gov/Archives/edgar/data/936395/000095012310115852/0000950123-10-115852-index.htm", "finalLink": "https://www.sec.gov/Archives/edgar/data/936395/000095012310115852/w80261e10vk.htm", "calculatedOtherExpenses": 195487000, "calculatedOperatingExpenses": 819320000, "calculatedNetInterest": -14702000, "calculatedOtherIncome": 4948000, "calculatedIncomeNonControlling": 0, "calculatedEbitda": -152012000}, {"date": "2009-10-31", "symbol": "CIEN", "reportedCurrency": "USD", "cik": "0000936395", "fillingDate": "2009-12-22", "acceptedDate": "2009-12-22 15:00:31", "calendarYear": "2009", "period": "FY", "revenue": 652629000, "costOfRevenue": 367799000, "grossProfit": 284830000, "grossProfitRatio": 0.4364347891, "researchAndDevelopmentExpenses": 190319000, "generalAndAdministrativeExpenses": 47509000, "sellingAndMarketingExpenses": 134527000, "sellingGeneralAndAdministrativeExpenses": 182036000, "otherExpenses": 24826000, "operatingExpenses": 397181000, "costAndExpenses": 764980000, "interestIncome": 9487000, "interestExpense": 7406000, "depreciationAndAmortization": 53362000, "ebitda": -49502000, "ebitdaratio": -0.0758501384, "operatingIncome": -579231000, "operatingIncomeRatio": -0.8875348782, "totalOtherIncomeExpensesNet": -472208000, "incomeBeforeTax": -582478000, "incomeBeforeTaxRatio": -0.8925101398, "incomeTaxExpense": -1324000, "netIncome": -581154000, "netIncomeRatio": -0.8904814221, "eps": -6.37, "epsdiluted": -6.37, "weightedAverageShsOut": 91167000, "weightedAverageShsOutDil": 91167000, "link": "https://www.sec.gov/Archives/edgar/data/936395/000095012309072656/0000950123-09-072656-index.htm", "finalLink": "https://www.sec.gov/Archives/edgar/data/936395/000095012309072656/w76656e10vk.htm", "calculatedOtherExpenses": 491706000, "calculatedOperatingExpenses": 864061000, "calculatedNetInterest": 2081000, "calculatedOtherIncome": -5328000, "calculatedIncomeNonControlling": 0, "calculatedEbitda": -525869000}, {"date": "2008-10-31", "symbol": "CIEN", "reportedCurrency": "USD", "cik": "0000936395", "fillingDate": "2008-12-23", "acceptedDate": "2008-12-23 17:16:21", "calendarYear": "2008", "period": "FY", "revenue": 902448000, "costOfRevenue": 451521000, "grossProfit": 450927000, "grossProfitRatio": 0.4996708952, "researchAndDevelopmentExpenses": 175023000, "generalAndAdministrativeExpenses": 68639000, "sellingAndMarketingExpenses": 152018000, "sellingGeneralAndAdministrativeExpenses": 220657000, "otherExpenses": 32264000, "operatingExpenses": 427944000, "costAndExpenses": 879465000, "interestIncome": 0, "interestExpense": -13277000, "depreciationAndAmortization": 56555000, "ebitda": 84817000, "ebitdaratio": 0.0939854706, "operatingIncome": 21873000, "operatingIncomeRatio": 0.0242374076, "totalOtherIncomeExpensesNet": -5279000, "incomeBeforeTax": 41539000, "incomeBeforeTaxRatio": 0.0460292449, "incomeTaxExpense": 2645000, "netIncome": 38894000, "netIncomeRatio": 0.0430983281, "eps": 0.44, "epsdiluted": 0.42, "weightedAverageShsOut": 89146000, "weightedAverageShsOutDil": 110605000, "link": "https://www.sec.gov/Archives/edgar/data/936395/000095013308004117/0000950133-08-004117-index.htm", "finalLink": "https://www.sec.gov/Archives/edgar/data/936395/000095013308004117/w72027e10vk.htm", "calculatedOtherExpenses": 33374000, "calculatedOperatingExpenses": 429054000, "calculatedNetInterest": 13277000, "calculatedOtherIncome": 6389000, "calculatedIncomeNonControlling": 0, "calculatedEbitda": 78428000}, {"date": "2007-10-31", "symbol": "CIEN", "reportedCurrency": "USD", "cik": "0000936395", "fillingDate": "2007-12-27", "acceptedDate": "2007-12-27 17:10:47", "calendarYear": "2007", "period": "FY", "revenue": 779769000, "costOfRevenue": 417500000, "grossProfit": 362269000, "grossProfitRatio": 0.4645850245, "researchAndDevelopmentExpenses": 127296000, "generalAndAdministrativeExpenses": 50262000, "sellingAndMarketingExpenses": 118015000, "sellingGeneralAndAdministrativeExpenses": 168277000, "otherExpenses": 20465000, "operatingExpenses": 316038000, "costAndExpenses": 733538000, "interestIncome": 0, "interestExpense": -33808000, "depreciationAndAmortization": 27862000, "ebitda": 79786000, "ebitdaratio": 0.1023200461, "operatingIncome": 48666000, "operatingIncomeRatio": 0.0624107909, "totalOtherIncomeExpensesNet": -5101000, "incomeBeforeTax": 85732000, "incomeBeforeTaxRatio": 0.1099453813, "incomeTaxExpense": 2944000, "netIncome": 82788000, "netIncomeRatio": 0.1061699042, "eps": 0.97, "epsdiluted": 0.87, "weightedAverageShsOut": 85525000, "weightedAverageShsOutDil": 99604000, "link": "https://www.sec.gov/Archives/edgar/data/936395/000095013307005124/0000950133-07-005124-index.htm", "finalLink": "https://www.sec.gov/Archives/edgar/data/936395/000095013307005124/w44618e10vk.htm", "calculatedOtherExpenses": 18030000, "calculatedOperatingExpenses": 313603000, "calculatedNetInterest": 33808000, "calculatedOtherIncome": 3258000, "calculatedIncomeNonControlling": 0, "calculatedEbitda": 76528000}, {"date": "2006-10-31", "symbol": "CIEN", "reportedCurrency": "USD", "cik": "0000936395", "fillingDate": "2007-01-10", "acceptedDate": "2007-01-10 16:23:16", "calendarYear": "2006", "period": "FY", "revenue": 564056000, "costOfRevenue": 306275000, "grossProfit": 257781000, "grossProfitRatio": 0.4570131334, "researchAndDevelopmentExpenses": 111069000, "generalAndAdministrativeExpenses": 47476000, "sellingAndMarketingExpenses": 104434000, "sellingGeneralAndAdministrativeExpenses": 151910000, "otherExpenses": 10502000, "operatingExpenses": 273481000, "costAndExpenses": 579756000, "interestIncome": 0, "interestExpense": -23736000, "depreciationAndAmortization": 44628000, "ebitda": 22868000, "ebitdaratio": 0.0405420738, "operatingIncome": -31371000, "operatingIncomeRatio": -0.0556168182, "totalOtherIncomeExpensesNet": 6275000, "incomeBeforeTax": 1976000, "incomeBeforeTaxRatio": 0.0035031983, "incomeTaxExpense": 1381000, "netIncome": 595000, "netIncomeRatio": 0.0010548598, "eps": 0.01, "epsdiluted": 0.01, "weightedAverageShsOut": 83840000, "weightedAverageShsOutDil": 85011000, "link": "https://www.sec.gov/Archives/edgar/data/936395/000095013307000092/0000950133-07-000092-index.htm", "finalLink": "https://www.sec.gov/Archives/edgar/data/936395/000095013307000092/w28680e10vk.htm", "calculatedOtherExpenses": 26173000, "calculatedOperatingExpenses": 289152000, "calculatedNetInterest": 23736000, "calculatedOtherIncome": 9611000, "calculatedIncomeNonControlling": 0, "calculatedEbitda": 13257000}, {"date": "2005-10-31", "symbol": "CIEN", "reportedCurrency": "USD", "cik": "0000936395", "fillingDate": "2006-01-12", "acceptedDate": "2006-01-12 15:19:01", "calendarYear": "2005", "period": "FY", "revenue": 427257000, "costOfRevenue": 291067000, "grossProfit": 136190000, "grossProfitRatio": 0.3187542861, "researchAndDevelopmentExpenses": 137245000, "generalAndAdministrativeExpenses": 33082000, "sellingAndMarketingExpenses": 110618000, "sellingGeneralAndAdministrativeExpenses": 148737000, "otherExpenses": 200701000, "operatingExpenses": 486683000, "costAndExpenses": 777750000, "interestIncome": 0, "interestExpense": 323086000, "depreciationAndAmortization": 113943000, "ebitda": 2650000, "ebitdaratio": 0.006202356, "operatingIncome": -431656000, "operatingIncomeRatio": -1.0102959109, "totalOtherIncomeExpensesNet": -248686000, "incomeBeforeTax": -434379000, "incomeBeforeTaxRatio": -1.0166691242, "incomeTaxExpense": 1320000, "netIncome": -435699000, "netIncomeRatio": -1.0197585996, "eps": -5.3, "epsdiluted": -5.3, "weightedAverageShsOut": 82170000, "weightedAverageShsOutDil": 82170000, "link": "https://www.sec.gov/Archives/edgar/data/936395/000095013306000075/0000950133-06-000075-index.htm", "finalLink": "https://www.sec.gov/Archives/edgar/data/936395/000095013306000075/w16344e10vk.htm", "calculatedOtherExpenses": 281864000, "calculatedOperatingExpenses": 567846000, "calculatedNetInterest": -323086000, "calculatedOtherIncome": 320363000, "calculatedIncomeNonControlling": 0, "calculatedEbitda": -317713000}, {"date": "2004-10-31", "symbol": "CIEN", "reportedCurrency": "USD", "cik": "0000936395", "fillingDate": "2004-12-09", "acceptedDate": "2004-12-09 15:57:35", "calendarYear": "2004", "period": "FY", "revenue": 298707000, "costOfRevenue": 226954000, "grossProfit": 71753000, "grossProfitRatio": 0.2402119803, "researchAndDevelopmentExpenses": 205364000, "generalAndAdministrativeExpenses": 27274000, "sellingAndMarketingExpenses": 108259000, "sellingGeneralAndAdministrativeExpenses": 140902000, "otherExpenses": 410295000, "operatingExpenses": 756561000, "costAndExpenses": 983515000, "interestIncome": 0, "interestExpense": 578514000, "depreciationAndAmortization": 133845000, "ebitda": -75984000, "ebitdaratio": -0.2543763621, "operatingIncome": -772115000, "operatingIncomeRatio": -2.5848574021, "totalOtherIncomeExpensesNet": -479086000, "incomeBeforeTax": -788343000, "incomeBeforeTaxRatio": -2.6391848869, "incomeTaxExpense": 1121000, "netIncome": -789464000, "netIncomeRatio": -2.6429377283, "eps": -10.59, "epsdiluted": -10.59, "weightedAverageShsOut": 74515776, "weightedAverageShsOutDil": 74515776, "link": "https://www.sec.gov/Archives/edgar/data/936395/000095013304004551/0000950133-04-004551-index.htm", "finalLink": "https://www.sec.gov/Archives/edgar/data/936395/000095013304004551/w69403e10vk.htm", "calculatedOtherExpenses": 497602000, "calculatedOperatingExpenses": 843868000, "calculatedNetInterest": -578514000, "calculatedOtherIncome": 562286000, "calculatedIncomeNonControlling": 0, "calculatedEbitda": -638270000}, {"date": "2003-10-31", "symbol": "CIEN", "reportedCurrency": "USD", "cik": "0000936395", "fillingDate": "2003-12-11", "acceptedDate": "2003-12-11 11:25:14", "calendarYear": "2003", "period": "FY", "revenue": 283136000, "costOfRevenue": 210091000, "grossProfit": 73045000, "grossProfitRatio": 0.2579855617, "researchAndDevelopmentExpenses": 212523000, "generalAndAdministrativeExpenses": 38478000, "sellingAndMarketingExpenses": 103193000, "sellingGeneralAndAdministrativeExpenses": 175220000, "otherExpenses": 17870000, "operatingExpenses": 405613000, "costAndExpenses": 615704000, "interestIncome": 0, "interestExpense": 107254000, "depreciationAndAmortization": 146388000, "ebitda": -131619000, "ebitdaratio": -0.4648614094, "operatingIncome": -366523000, "operatingIncomeRatio": -1.2945121779, "totalOtherIncomeExpensesNet": -59321000, "incomeBeforeTax": -385261000, "incomeBeforeTaxRatio": -1.3606923881, "incomeTaxExpense": 1256000, "netIncome": -386517000, "netIncomeRatio": -1.3651284189, "eps": -6.06, "epsdiluted": -6.06, "weightedAverageShsOut": 63832858, "weightedAverageShsOutDil": 63832858, "link": "https://www.sec.gov/Archives/edgar/data/936395/000095013303004259/0000950133-03-004259-index.htm", "finalLink": "https://www.sec.gov/Archives/edgar/data/936395/000095013303004259/w92366e10vk.htm", "calculatedOtherExpenses": 51825000, "calculatedOperatingExpenses": 439568000, "calculatedNetInterest": -107254000, "calculatedOtherIncome": 88516000, "calculatedIncomeNonControlling": 0, "calculatedEbitda": -220135000}, {"date": "2002-10-31", "symbol": "CIEN", "reportedCurrency": "USD", "cik": "0000936395", "fillingDate": "2002-12-12", "acceptedDate": "2002-12-12 10:22:11", "calendarYear": "2002", "period": "FY", "revenue": 361155000, "costOfRevenue": 596034000, "grossProfit": -234879000, "grossProfitRatio": -0.6503551107, "researchAndDevelopmentExpenses": 239619000, "generalAndAdministrativeExpenses": 50820000, "sellingAndMarketingExpenses": 130276000, "sellingGeneralAndAdministrativeExpenses": 216233000, "otherExpenses": 568050000, "operatingExpenses": 1023902000, "costAndExpenses": 1619936000, "interestIncome": 0, "interestExpense": 1030850000, "depreciationAndAmortization": 711658000, "ebitda": 255744000, "ebitdaratio": 0.708128089, "operatingIncome": -1484210000, "operatingIncomeRatio": -4.109620523, "totalOtherIncomeExpensesNet": -802867000, "incomeBeforeTax": -1486764000, "incomeBeforeTaxRatio": -4.1166922789, "incomeTaxExpense": 110735000, "netIncome": -1597499000, "netIncomeRatio": -4.4233057828, "eps": -30.61, "epsdiluted": -30.61, "weightedAverageShsOut": 52187365, "weightedAverageShsOutDil": 52187365, "link": "https://www.sec.gov/Archives/edgar/data/936395/000095013302004070/0000950133-02-004070-index.htm", "finalLink": "https://www.sec.gov/Archives/edgar/data/936395/000095013302004070/w66669e10vk.htm", "calculatedOtherExpenses": 793479000, "calculatedOperatingExpenses": 1249331000, "calculatedNetInterest": -1030850000, "calculatedOtherIncome": 1028296000, "calculatedIncomeNonControlling": 0, "calculatedEbitda": -772552000}, {"date": "2001-10-31", "symbol": "CIEN", "reportedCurrency": "USD", "cik": "0000936395", "fillingDate": "2001-12-13", "acceptedDate": "2001-12-13 00:00:00", "calendarYear": "2001", "period": "FY", "revenue": 1603229000, "costOfRevenue": 904549000, "grossProfit": 698680000, "grossProfitRatio": 0.4357955102, "researchAndDevelopmentExpenses": 235831000, "generalAndAdministrativeExpenses": 239602000, "sellingAndMarketingExpenses": 0, "sellingGeneralAndAdministrativeExpenses": 239602000, "otherExpenses": 1901625000, "operatingExpenses": 2377058000, "costAndExpenses": 3281607000, "interestIncome": 0, "interestExpense": 1809116000, "depreciationAndAmortization": 2049622000, "ebitda": 2152009000, "ebitdaratio": 1.3422967025, "operatingIncome": -1739717000, "operatingIncomeRatio": -1.0851331906, "totalOtherIncomeExpensesNet": -1780765000, "incomeBeforeTax": -1706729000, "incomeBeforeTaxRatio": -1.0645572155, "incomeTaxExpense": 87333000, "netIncome": -1794062000, "netIncomeRatio": -1.1190304068, "eps": -40.26, "epsdiluted": -40.26, "weightedAverageShsOut": 44558363, "weightedAverageShsOutDil": 44558363, "link": "https://www.sec.gov/Archives/edgar/data/936395/000095013301503553/0000950133-01-503553-index.htm", "finalLink": "https://www.sec.gov/Archives/edgar/data/936395/000095013301503553/w55577e10-k.htm", "calculatedOtherExpenses": 1962964000, "calculatedOperatingExpenses": 2438397000, "calculatedNetInterest": -1809116000, "calculatedOtherIncome": 1842104000, "calculatedIncomeNonControlling": 0, "calculatedEbitda": 309905000}, {"date": "2000-10-30", "symbol": "CIEN", "reportedCurrency": "USD", "cik": "0000936395", "fillingDate": "2000-12-07", "acceptedDate": "2000-12-07 00:00:00", "calendarYear": "2000", "period": "FY", "revenue": 858750000, "costOfRevenue": 412773000, "grossProfit": 445977000, "grossProfitRatio": 0.5193327511, "researchAndDevelopmentExpenses": 129069000, "generalAndAdministrativeExpenses": 152932000, "sellingAndMarketingExpenses": 0, "sellingGeneralAndAdministrativeExpenses": 152932000, "otherExpenses": 64620000, "operatingExpenses": 346621000, "costAndExpenses": 759394000, "interestIncome": 0, "interestExpense": -29756000, "depreciationAndAmortization": 64620000, "ebitda": 155438000, "ebitdaratio": 0.1810049491, "operatingIncome": 99356000, "operatingIncomeRatio": 0.1156983988, "totalOtherIncomeExpensesNet": 8538000, "incomeBeforeTax": 120574000, "incomeBeforeTaxRatio": 0.1404064047, "incomeTaxExpense": 39187000, "netIncome": 81387000, "netIncomeRatio": 0.0947737991, "eps": 2.03, "epsdiluted": 1.89, "weightedAverageShsOut": 40243640, "weightedAverageShsOutDil": 42821699, "link": "https://www.sec.gov/Archives/edgar/data/936395/000095013300004793/0000950133-00-004793-index.htm", "finalLink": "https://www.sec.gov/Archives/edgar/data/936395/000095013300004793/w43335e10-k.txt", "calculatedOtherExpenses": 64620000, "calculatedOperatingExpenses": 346621000, "calculatedNetInterest": 29756000, "calculatedOtherIncome": -8538000, "calculatedIncomeNonControlling": 0, "calculatedEbitda": 163976000}, {"date": "1999-10-31", "symbol": "CIEN", "reportedCurrency": "USD", "cik": "0000936395", "fillingDate": "1999-12-10", "acceptedDate": "1999-12-10 00:00:00", "calendarYear": "1999", "period": "FY", "revenue": 482100000, "costOfRevenue": 247600000, "grossProfit": 234500000, "grossProfitRatio": 0.4864136071, "researchAndDevelopmentExpenses": 104600000, "generalAndAdministrativeExpenses": 84600000, "sellingAndMarketingExpenses": 0, "sellingGeneralAndAdministrativeExpenses": 84600000, "otherExpenses": 52200000, "operatingExpenses": 241400000, "costAndExpenses": 489000000, "interestIncome": 0, "interestExpense": 12100000, "depreciationAndAmortization": 52200000, "ebitda": 58300000, "ebitdaratio": 0.1209292678, "operatingIncome": -6900000, "operatingIncomeRatio": -0.0143123833, "totalOtherIncomeExpensesNet": -13000000, "incomeBeforeTax": -6000000, "incomeBeforeTaxRatio": -0.0124455507, "incomeTaxExpense": -2100000, "netIncome": -3900000, "netIncomeRatio": -0.008089608, "eps": -0.1, "epsdiluted": -0.1, "weightedAverageShsOut": 38160301, "weightedAverageShsOutDil": 38160301, "link": "https://www.sec.gov/Archives/edgar/data/936395/000095013399003877/0000950133-99-003877-index.html", "finalLink": "https://www.sec.gov/Archives/edgar/data/936395/000095013399003877/", "calculatedOtherExpenses": 52200000, "calculatedOperatingExpenses": 241400000, "calculatedNetInterest": -12100000, "calculatedOtherIncome": 13000000, "calculatedIncomeNonControlling": 0, "calculatedEbitda": 45300000}, {"date": "1998-10-31", "symbol": "CIEN", "reportedCurrency": "USD", "cik": "0000936395", "fillingDate": "1998-12-10", "acceptedDate": "1998-12-10 00:00:00", "calendarYear": "1998", "period": "FY", "revenue": 508100000, "costOfRevenue": 222200000, "grossProfit": 285900000, "grossProfitRatio": 0.5626845109, "researchAndDevelopmentExpenses": 64500000, "generalAndAdministrativeExpenses": 63700000, "sellingAndMarketingExpenses": 0, "sellingGeneralAndAdministrativeExpenses": 63700000, "otherExpenses": 33800000, "operatingExpenses": 162000000, "costAndExpenses": 384200000, "interestIncome": 0, "interestExpense": 60500000, "depreciationAndAmortization": 33800000, "ebitda": 187700000, "ebitdaratio": 0.3694154694, "operatingIncome": 123900000, "operatingIncomeRatio": 0.2438496359, "totalOtherIncomeExpensesNet": -30000000, "incomeBeforeTax": 93400000, "incomeBeforeTaxRatio": 0.1838220823, "incomeTaxExpense": 40200000, "netIncome": 53200000, "netIncomeRatio": 0.1047037985, "eps": 1.36, "epsdiluted": 1.26, "weightedAverageShsOut": 33721542, "weightedAverageShsOutDil": 36552105, "link": "https://www.sec.gov/Archives/edgar/data/936395/000095013398004086/0000950133-98-004086-index.html", "finalLink": "https://www.sec.gov/Archives/edgar/data/936395/", "calculatedOtherExpenses": 33800000, "calculatedOperatingExpenses": 162000000, "calculatedNetInterest": -60500000, "calculatedOtherIncome": 30000000, "calculatedIncomeNonControlling": 0, "calculatedEbitda": 157700000}, {"date": "1997-10-31", "symbol": "CIEN", "reportedCurrency": "USD", "cik": "0000936395", "fillingDate": "1997-12-10", "acceptedDate": "1997-12-10 00:00:00", "calendarYear": "1997", "period": "FY", "revenue": 373800000, "costOfRevenue": 126000000, "grossProfit": 247800000, "grossProfitRatio": 0.6629213483, "researchAndDevelopmentExpenses": 23300000, "generalAndAdministrativeExpenses": 37600000, "sellingAndMarketingExpenses": 0, "sellingGeneralAndAdministrativeExpenses": 37600000, "otherExpenses": 10200000, "operatingExpenses": 71100000, "costAndExpenses": 197100000, "interestIncome": 0, "interestExpense": -14800000, "depreciationAndAmortization": 10200000, "ebitda": 179300000, "ebitdaratio": 0.4796682718, "operatingIncome": 176700000, "operatingIncomeRatio": 0.4727126806, "totalOtherIncomeExpensesNet": 7600000, "incomeBeforeTax": 183900000, "incomeBeforeTaxRatio": 0.4919743178, "incomeTaxExpense": 71000000, "netIncome": 112900000, "netIncomeRatio": 0.3020331728, "eps": 5.39, "epsdiluted": 3.92, "weightedAverageShsOut": 21521336, "weightedAverageShsOutDil": 29591837, "link": "https://www.sec.gov/Archives/edgar/data/936395/000095013397004148/0000950133-97-004148-index.html", "finalLink": "https://www.sec.gov/Archives/edgar/data/936395/", "calculatedOtherExpenses": 10200000, "calculatedOperatingExpenses": 71100000, "calculatedNetInterest": 14800000, "calculatedOtherIncome": -7600000, "calculatedIncomeNonControlling": 0, "calculatedEbitda": 186900000}]}