{"originalCurrency": "USD", "convertedCurrency": "USD", "report": [{"date": "2023-12-31", "symbol": "CII", "reportedCurrency": "USD", "cik": "0001278895", "fillingDate": "2023-12-31", "acceptedDate": "2023-12-30 19:00:00", "calendarYear": "2023", "period": "FY", "revenue": 37552725, "costOfRevenue": 7250210, "grossProfit": 30302515, "grossProfitRatio": 0.8069325195, "researchAndDevelopmentExpenses": 0, "generalAndAdministrativeExpenses": 286520, "sellingAndMarketingExpenses": 0, "sellingGeneralAndAdministrativeExpenses": 286520, "otherExpenses": 121899119, "operatingExpenses": -121899119, "costAndExpenses": -114648911, "interestIncome": 0, "interestExpense": 25, "depreciationAndAmortization": -2873773, "ebitda": 152201630, "ebitdaratio": 4.053011599, "operatingIncome": 152201630, "operatingIncomeRatio": 4.053011599, "totalOtherIncomeExpensesNet": 5801, "incomeBeforeTax": 152207431, "incomeBeforeTaxRatio": 4.0531660752, "incomeTaxExpense": 2873773, "netIncome": 152207431, "netIncomeRatio": 4.0531660752, "eps": 3.45, "epsdiluted": 3.45, "weightedAverageShsOut": 44146919, "weightedAverageShsOutDil": 44146919, "link": null, "finalLink": null, "calculatedOtherExpenses": -122185635, "calculatedOperatingExpenses": -121899115, "calculatedNetInterest": -25, "calculatedOtherIncome": 5826, "calculatedIncomeNonControlling": -2873773, "calculatedEbitda": 149327857}, {"date": "2022-12-31", "symbol": "CII", "reportedCurrency": "USD", "cik": "0001278895", "fillingDate": "2022-12-31", "acceptedDate": "2022-12-31 00:00:00", "calendarYear": "2022", "period": "FY", "revenue": -107614676, "costOfRevenue": 7524975, "grossProfit": -115139651, "grossProfitRatio": 1.0699251745, "researchAndDevelopmentExpenses": 0, "generalAndAdministrativeExpenses": 289726, "sellingAndMarketingExpenses": 0, "sellingGeneralAndAdministrativeExpenses": 289726, "otherExpenses": 213274, "operatingExpenses": 503000, "costAndExpenses": 503000, "interestIncome": 0, "interestExpense": 0, "depreciationAndAmortization": -2696846, "ebitda": -108117676, "ebitdaratio": 1.0046740837, "operatingIncome": -108117676, "operatingIncomeRatio": 1.0046740837, "totalOtherIncomeExpensesNet": 4, "incomeBeforeTax": -108117676, "incomeBeforeTaxRatio": 1.0046740837, "incomeTaxExpense": 2696850, "netIncome": -108117676, "netIncomeRatio": 1.0046740837, "eps": -2.45, "epsdiluted": -2.45, "weightedAverageShsOut": 44132101, "weightedAverageShsOutDil": 44132101, "link": null, "finalLink": null, "calculatedOtherExpenses": -7311701, "calculatedOperatingExpenses": -7021975, "calculatedNetInterest": 0, "calculatedOtherIncome": 0, "calculatedIncomeNonControlling": -2696850, "calculatedEbitda": -110814522}, {"date": "2021-12-31", "symbol": "CII", "reportedCurrency": "USD", "cik": "0001278895", "fillingDate": "2021-12-31", "acceptedDate": "2021-12-31 00:00:00", "calendarYear": "2021", "period": "FY", "revenue": 180829172, "costOfRevenue": 8142344, "grossProfit": 172686828, "grossProfitRatio": 0.9549721767, "researchAndDevelopmentExpenses": 0, "generalAndAdministrativeExpenses": 358062, "sellingAndMarketingExpenses": 0, "sellingGeneralAndAdministrativeExpenses": 358062, "otherExpenses": 258472, "operatingExpenses": 616534, "costAndExpenses": 616534, "interestIncome": 0, "interestExpense": 0, "depreciationAndAmortization": -1953464, "ebitda": 180212638, "ebitdaratio": 0.9965905169, "operatingIncome": 180212638, "operatingIncomeRatio": 0.9965905169, "totalOtherIncomeExpensesNet": -2, "incomeBeforeTax": 180212638, "incomeBeforeTaxRatio": 0.9965905169, "incomeTaxExpense": 1953462, "netIncome": 180212638, "netIncomeRatio": 0.9965905169, "eps": 4.08, "epsdiluted": 4.08, "weightedAverageShsOut": 44132101, "weightedAverageShsOutDil": 44132101, "link": null, "finalLink": null, "calculatedOtherExpenses": -7883872, "calculatedOperatingExpenses": -7525810, "calculatedNetInterest": 0, "calculatedOtherIncome": 0, "calculatedIncomeNonControlling": -1953462, "calculatedEbitda": 178259174}, {"date": "2020-12-31", "symbol": "CII", "reportedCurrency": "USD", "cik": "0001278895", "fillingDate": "2020-12-31", "acceptedDate": "2020-12-31 00:00:00", "calendarYear": "2020", "period": "FY", "revenue": 98095985, "costOfRevenue": 6544084, "grossProfit": 91551901, "grossProfitRatio": 0.933288972, "researchAndDevelopmentExpenses": 0, "generalAndAdministrativeExpenses": 379185, "sellingAndMarketingExpenses": 0, "sellingGeneralAndAdministrativeExpenses": 379185, "otherExpenses": 354524, "operatingExpenses": 733709, "costAndExpenses": 733709, "interestIncome": 0, "interestExpense": 0, "depreciationAndAmortization": -5811399, "ebitda": 97362276, "ebitdaratio": 0.9925204992, "operatingIncome": 97362276, "operatingIncomeRatio": 0.9925204992, "totalOtherIncomeExpensesNet": 6, "incomeBeforeTax": 97362276, "incomeBeforeTaxRatio": 0.9925204992, "incomeTaxExpense": 5811405, "netIncome": 97362276, "netIncomeRatio": 0.9925204992, "eps": 2.21, "epsdiluted": 2.21, "weightedAverageShsOut": 44121400, "weightedAverageShsOutDil": 44121400, "link": null, "finalLink": null, "calculatedOtherExpenses": -6189560, "calculatedOperatingExpenses": -5810375, "calculatedNetInterest": 0, "calculatedOtherIncome": 0, "calculatedIncomeNonControlling": -5811405, "calculatedEbitda": 91550877}, {"date": "2019-12-31", "symbol": "CII", "reportedCurrency": "USD", "cik": "0001278895", "fillingDate": "2019-12-31", "acceptedDate": "2019-12-31 00:00:00", "calendarYear": "2019", "period": "FY", "revenue": 163329646, "costOfRevenue": 6576153, "grossProfit": 156753493, "grossProfitRatio": 0.9597369298, "researchAndDevelopmentExpenses": 0, "generalAndAdministrativeExpenses": 392330, "sellingAndMarketingExpenses": 0, "sellingGeneralAndAdministrativeExpenses": 392330, "otherExpenses": 329472, "operatingExpenses": 721802, "costAndExpenses": 721802, "interestIncome": 0, "interestExpense": 0, "depreciationAndAmortization": -8012154, "ebitda": 162607844, "ebitdaratio": 0.9955807043, "operatingIncome": 162607844, "operatingIncomeRatio": 0.9955807043, "totalOtherIncomeExpensesNet": 644, "incomeBeforeTax": 162607844, "incomeBeforeTaxRatio": 0.9955807043, "incomeTaxExpense": 8012798, "netIncome": 162607844, "netIncomeRatio": 0.9955807043, "eps": 3.69, "epsdiluted": 3.69, "weightedAverageShsOut": 44121400, "weightedAverageShsOutDil": 44121400, "link": null, "finalLink": null, "calculatedOtherExpenses": -6246681, "calculatedOperatingExpenses": -5854351, "calculatedNetInterest": 0, "calculatedOtherIncome": 0, "calculatedIncomeNonControlling": -8012798, "calculatedEbitda": 154595690}, {"date": "2018-12-31", "symbol": "CII", "reportedCurrency": "USD", "cik": "0001278895", "fillingDate": "2018-12-31", "acceptedDate": "2018-12-30 19:00:00", "calendarYear": "2018", "period": "FY", "revenue": -40017261, "costOfRevenue": 0, "grossProfit": -40017261, "grossProfitRatio": 1, "researchAndDevelopmentExpenses": 0, "generalAndAdministrativeExpenses": 284958, "sellingAndMarketingExpenses": 0, "sellingGeneralAndAdministrativeExpenses": 284958, "otherExpenses": 182081, "operatingExpenses": 467039, "costAndExpenses": 467039, "interestIncome": 0, "interestExpense": 0, "depreciationAndAmortization": 0, "ebitda": -40484300, "ebitdaratio": 1.0116709387, "operatingIncome": -40484300, "operatingIncomeRatio": 1.0116709387, "totalOtherIncomeExpensesNet": 0, "incomeBeforeTax": -40484300, "incomeBeforeTaxRatio": 1.0116709387, "incomeTaxExpense": 0, "netIncome": -40484300, "netIncomeRatio": 1.0116709387, "eps": -0.92, "epsdiluted": -0.92, "weightedAverageShsOut": 44004674, "weightedAverageShsOutDil": 44004674, "link": "", "finalLink": "", "calculatedOtherExpenses": 182081, "calculatedOperatingExpenses": 467039, "calculatedNetInterest": 0, "calculatedOtherIncome": 0, "calculatedIncomeNonControlling": 0, "calculatedEbitda": -40484300}, {"date": "2017-12-31", "symbol": "CII", "reportedCurrency": "USD", "cik": "0001278895", "fillingDate": "2017-12-31", "acceptedDate": "2017-12-30 19:00:00", "calendarYear": "2017", "period": "FY", "revenue": 137783169, "costOfRevenue": 0, "grossProfit": 137783169, "grossProfitRatio": 1, "researchAndDevelopmentExpenses": 0, "generalAndAdministrativeExpenses": 487786, "sellingAndMarketingExpenses": 0, "sellingGeneralAndAdministrativeExpenses": 487786, "otherExpenses": 215538, "operatingExpenses": 703324, "costAndExpenses": 703324, "interestIncome": 0, "interestExpense": 0, "depreciationAndAmortization": 0, "ebitda": 137079845, "ebitdaratio": 0.9948954288, "operatingIncome": 137079845, "operatingIncomeRatio": 0.9948954288, "totalOtherIncomeExpensesNet": 0, "incomeBeforeTax": 137079845, "incomeBeforeTaxRatio": 0.9948954288, "incomeTaxExpense": 0, "netIncome": 137079845, "netIncomeRatio": 0.9948954288, "eps": 3.1, "epsdiluted": 3.1, "weightedAverageShsOut": 44121400, "weightedAverageShsOutDil": 44219305, "link": "", "finalLink": "", "calculatedOtherExpenses": 215538, "calculatedOperatingExpenses": 703324, "calculatedNetInterest": 0, "calculatedOtherIncome": 0, "calculatedIncomeNonControlling": 0, "calculatedEbitda": 137079845}, {"date": "2016-12-31", "symbol": "CII", "reportedCurrency": "USD", "cik": "0001278895", "fillingDate": "2016-12-31", "acceptedDate": "2016-12-30 19:00:00", "calendarYear": "2016", "period": "FY", "revenue": 11697919, "costOfRevenue": 0, "grossProfit": 11697919, "grossProfitRatio": 1, "researchAndDevelopmentExpenses": 0, "generalAndAdministrativeExpenses": 6037366, "sellingAndMarketingExpenses": 18482, "sellingGeneralAndAdministrativeExpenses": 6055848, "otherExpenses": 0, "operatingExpenses": 37638463, "costAndExpenses": 37638463, "interestIncome": 0, "interestExpense": 0, "depreciationAndAmortization": -5642071, "ebitda": 43694311, "ebitdaratio": 3.7352208542, "operatingIncome": 5642071, "operatingIncomeRatio": 0.4823140765, "totalOtherIncomeExpensesNet": 43694311, "incomeBeforeTax": 49336382, "incomeBeforeTaxRatio": 4.2175349308, "incomeTaxExpense": 43694311, "netIncome": 49336382, "netIncomeRatio": 4.2175349308, "eps": 1.12, "epsdiluted": 1.12, "weightedAverageShsOut": 44121400, "weightedAverageShsOutDil": 44121408, "link": null, "finalLink": null, "calculatedOtherExpenses": 0, "calculatedOperatingExpenses": 6055848, "calculatedNetInterest": 0, "calculatedOtherIncome": 43694311, "calculatedIncomeNonControlling": -43694311, "calculatedEbitda": 0}, {"date": "2015-12-31", "symbol": "CII", "reportedCurrency": "USD", "cik": "0001278895", "fillingDate": "2015-12-31", "acceptedDate": "2015-12-30 19:00:00", "calendarYear": "2015", "period": "FY", "revenue": 11380110, "costOfRevenue": 0, "grossProfit": 11380110, "grossProfitRatio": 1, "researchAndDevelopmentExpenses": 0, "generalAndAdministrativeExpenses": 6485885, "sellingAndMarketingExpenses": 17807, "sellingGeneralAndAdministrativeExpenses": 6503692, "otherExpenses": 0, "operatingExpenses": 16678131, "costAndExpenses": 16678131, "interestIncome": 0, "interestExpense": 0, "depreciationAndAmortization": -4876418, "ebitda": 23181823, "ebitdaratio": 2.0370473572, "operatingIncome": 4876418, "operatingIncomeRatio": 0.4285035909, "totalOtherIncomeExpensesNet": 23181823, "incomeBeforeTax": 28058241, "incomeBeforeTaxRatio": 2.4655509481, "incomeTaxExpense": 23181823, "netIncome": 28058241, "netIncomeRatio": 2.4655509481, "eps": 0.64, "epsdiluted": 0.64, "weightedAverageShsOut": 44121400, "weightedAverageShsOutDil": 44121448, "link": null, "finalLink": null, "calculatedOtherExpenses": 0, "calculatedOperatingExpenses": 6503692, "calculatedNetInterest": 0, "calculatedOtherIncome": 23181823, "calculatedIncomeNonControlling": -23181823, "calculatedEbitda": 0}, {"date": "2014-12-31", "symbol": "CII", "reportedCurrency": "USD", "cik": "0001278895", "fillingDate": "2014-12-31", "acceptedDate": "2014-12-30 19:00:00", "calendarYear": "2014", "period": "FY", "revenue": 16385250, "costOfRevenue": 0, "grossProfit": 16385250, "grossProfitRatio": 1, "researchAndDevelopmentExpenses": 0, "generalAndAdministrativeExpenses": 6561120, "sellingAndMarketingExpenses": 15390, "sellingGeneralAndAdministrativeExpenses": 6576510, "otherExpenses": 0, "operatingExpenses": 89927214, "costAndExpenses": 89927214, "interestIncome": 0, "interestExpense": 0, "depreciationAndAmortization": -9808740, "ebitda": 96503724, "ebitdaratio": 5.8896705268, "operatingIncome": 9808740, "operatingIncomeRatio": 0.5986323065, "totalOtherIncomeExpensesNet": 96503724, "incomeBeforeTax": 106312464, "incomeBeforeTaxRatio": 6.4883028333, "incomeTaxExpense": 96503724, "netIncome": 106312464, "netIncomeRatio": 6.4883028333, "eps": 1.46, "epsdiluted": 2.41, "weightedAverageShsOut": 72869261, "weightedAverageShsOutDil": 44121400, "link": null, "finalLink": null, "calculatedOtherExpenses": 0, "calculatedOperatingExpenses": 6576510, "calculatedNetInterest": 0, "calculatedOtherIncome": 96503724, "calculatedIncomeNonControlling": -96503724, "calculatedEbitda": 0}, {"date": "2013-10-31", "symbol": "CII", "reportedCurrency": "USD", "cik": "0001278895", "fillingDate": "2013-10-31", "acceptedDate": "2013-10-30 20:00:00", "calendarYear": "2013", "period": "FY", "revenue": 19573844, "costOfRevenue": 0, "grossProfit": 19573844, "grossProfitRatio": 1, "researchAndDevelopmentExpenses": 0, "generalAndAdministrativeExpenses": 5893017, "sellingAndMarketingExpenses": 18794, "sellingGeneralAndAdministrativeExpenses": 5911811, "otherExpenses": 0, "operatingExpenses": 86186710, "costAndExpenses": 86186710, "interestIncome": 0, "interestExpense": 0, "depreciationAndAmortization": -13662033, "ebitda": 92098521, "ebitdaratio": 4.7051831516, "operatingIncome": 13662033, "operatingIncomeRatio": 0.6979739391, "totalOtherIncomeExpensesNet": 92098521, "incomeBeforeTax": 105760554, "incomeBeforeTaxRatio": 5.4031570907, "incomeTaxExpense": 92098521, "netIncome": 105760554, "netIncomeRatio": 5.4031570907, "eps": 2.4, "epsdiluted": 2.4, "weightedAverageShsOut": 44121400, "weightedAverageShsOutDil": 44121405, "link": null, "finalLink": null, "calculatedOtherExpenses": 0, "calculatedOperatingExpenses": 5911811, "calculatedNetInterest": 0, "calculatedOtherIncome": 92098521, "calculatedIncomeNonControlling": -92098521, "calculatedEbitda": 0}, {"date": "2012-10-31", "symbol": "CII", "reportedCurrency": "USD", "cik": "0001278895", "fillingDate": "2012-10-31", "acceptedDate": "2012-10-30 20:00:00", "calendarYear": "2012", "period": "FY", "revenue": 20485949, "costOfRevenue": 0, "grossProfit": 20485949, "grossProfitRatio": 1, "researchAndDevelopmentExpenses": 0, "generalAndAdministrativeExpenses": 5821177, "sellingAndMarketingExpenses": 24829, "sellingGeneralAndAdministrativeExpenses": 5846006, "otherExpenses": 0, "operatingExpenses": 50911423, "costAndExpenses": 50911423, "interestIncome": 0, "interestExpense": 0, "depreciationAndAmortization": -14639943, "ebitda": 56757429, "ebitdaratio": 2.7705540515, "operatingIncome": 14639943, "operatingIncomeRatio": 0.7146333812, "totalOtherIncomeExpensesNet": 56757429, "incomeBeforeTax": 71397372, "incomeBeforeTaxRatio": 3.4851874326, "incomeTaxExpense": 56757429, "netIncome": 71397372, "netIncomeRatio": 3.4851874326, "eps": 1.62, "epsdiluted": 1.62, "weightedAverageShsOut": 44121400, "weightedAverageShsOutDil": 44121421, "link": null, "finalLink": null, "calculatedOtherExpenses": 0, "calculatedOperatingExpenses": 5846006, "calculatedNetInterest": 0, "calculatedOtherIncome": 56757429, "calculatedIncomeNonControlling": -56757429, "calculatedEbitda": 0}, {"date": "2010-10-31", "symbol": "CII", "reportedCurrency": "USD", "cik": "0001278895", "fillingDate": "2010-10-31", "acceptedDate": "2010-10-30 20:00:00", "calendarYear": "2010", "period": "FY", "revenue": 0, "costOfRevenue": 0, "grossProfit": 0, "grossProfitRatio": 0, "researchAndDevelopmentExpenses": 0, "generalAndAdministrativeExpenses": 0, "sellingAndMarketingExpenses": 0, "sellingGeneralAndAdministrativeExpenses": 0, "otherExpenses": 0, "operatingExpenses": 0, "costAndExpenses": 0, "interestIncome": 0, "interestExpense": 0, "depreciationAndAmortization": 0, "ebitda": 0, "ebitdaratio": 0, "operatingIncome": 0, "operatingIncomeRatio": 0, "totalOtherIncomeExpensesNet": 0, "incomeBeforeTax": 0, "incomeBeforeTaxRatio": 0, "incomeTaxExpense": 0, "netIncome": 0, "netIncomeRatio": 0, "eps": 0, "epsdiluted": 0, "weightedAverageShsOut": 43750000, "weightedAverageShsOutDil": 43750000, "link": "", "finalLink": "", "calculatedOtherExpenses": 0, "calculatedOperatingExpenses": 0, "calculatedNetInterest": 0, "calculatedOtherIncome": 0, "calculatedIncomeNonControlling": 0, "calculatedEbitda": 0}]}