{"originalCurrency": "USD", "convertedCurrency": "USD", "report": [{"date": "2023-12-31", "symbol": "CINF", "reportedCurrency": "USD", "cik": "0000020286", "fillingDate": "2024-02-26", "acceptedDate": "2024-02-26 14:04:30", "calendarYear": "2023", "period": "FY", "revenue": 10013000000, "costOfRevenue": 25000000, "grossProfit": 9988000000, "grossProfitRatio": 0.9975032458, "researchAndDevelopmentExpenses": 0, "generalAndAdministrativeExpenses": 0, "sellingAndMarketingExpenses": 0, "sellingGeneralAndAdministrativeExpenses": 0, "otherExpenses": -25000000, "operatingExpenses": 25000000, "costAndExpenses": -7683000000, "interestIncome": 882000000, "interestExpense": 54000000, "depreciationAndAmortization": 112000000, "ebitda": 2276000000, "ebitdaratio": 0.2273045041, "operatingIncome": 2276000000, "operatingIncomeRatio": 0.2273045041, "totalOtherIncomeExpensesNet": 2276000000, "incomeBeforeTax": 2276000000, "incomeBeforeTaxRatio": 0.2273045041, "incomeTaxExpense": 433000000, "netIncome": 1843000000, "netIncomeRatio": 0.1840607211, "eps": 11.74, "epsdiluted": 11.66, "weightedAverageShsOut": 157000000, "weightedAverageShsOutDil": 158100000, "link": "https://www.sec.gov/Archives/edgar/data/20286/000002028624000014/0000020286-24-000014-index.htm", "finalLink": "https://www.sec.gov/Archives/edgar/data/20286/000002028624000014/cinf-20231231.htm", "calculatedOtherExpenses": 7712000000, "calculatedOperatingExpenses": 7712000000, "calculatedNetInterest": 828000000, "calculatedOtherIncome": -828000000, "calculatedIncomeNonControlling": 0, "calculatedEbitda": 2388000000}, {"date": "2022-12-31", "symbol": "CINF", "reportedCurrency": "USD", "cik": "0000020286", "fillingDate": "2023-02-23", "acceptedDate": "2023-02-23 12:01:58", "calendarYear": "2022", "period": "FY", "revenue": 6557000000, "costOfRevenue": 23000000, "grossProfit": 6534000000, "grossProfitRatio": 0.9964922983, "researchAndDevelopmentExpenses": 0, "generalAndAdministrativeExpenses": 0, "sellingAndMarketingExpenses": 0, "sellingGeneralAndAdministrativeExpenses": 0, "otherExpenses": -7174000000, "operatingExpenses": -7174000000, "costAndExpenses": 7250000000, "interestIncome": 785000000, "interestExpense": 53000000, "depreciationAndAmortization": 127000000, "ebitda": -513000000, "ebitdaratio": -0.0782369986, "operatingIncome": -640000000, "operatingIncomeRatio": -0.0976056123, "totalOtherIncomeExpensesNet": -53000000, "incomeBeforeTax": -693000000, "incomeBeforeTaxRatio": -0.1056885771, "incomeTaxExpense": -207000000, "netIncome": -486000000, "netIncomeRatio": -0.0741192619, "eps": -3.06, "epsdiluted": -3.06, "weightedAverageShsOut": 158800000, "weightedAverageShsOutDil": 158800000, "link": "https://www.sec.gov/Archives/edgar/data/20286/000002028623000008/0000020286-23-000008-index.htm", "finalLink": "https://www.sec.gov/Archives/edgar/data/20286/000002028623000008/cinf-20221231.htm", "calculatedOtherExpenses": 7174000000, "calculatedOperatingExpenses": 7174000000, "calculatedNetInterest": 732000000, "calculatedOtherIncome": -785000000, "calculatedIncomeNonControlling": 0, "calculatedEbitda": -513000000}, {"date": "2021-12-31", "symbol": "CINF", "reportedCurrency": "USD", "cik": "0000020286", "fillingDate": "2022-02-24", "acceptedDate": "2022-02-24 12:22:35", "calendarYear": "2021", "period": "FY", "revenue": 9630000000, "costOfRevenue": 20000000, "grossProfit": 9610000000, "grossProfitRatio": 0.9979231568, "researchAndDevelopmentExpenses": 0, "generalAndAdministrativeExpenses": 0, "sellingAndMarketingExpenses": 0, "sellingGeneralAndAdministrativeExpenses": 0, "otherExpenses": -5970000000, "operatingExpenses": -5970000000, "costAndExpenses": 5960000000, "interestIncome": 723000000, "interestExpense": 53000000, "depreciationAndAmortization": 93000000, "ebitda": 3753000000, "ebitdaratio": 0.3897196262, "operatingIncome": 3660000000, "operatingIncomeRatio": 0.3800623053, "totalOtherIncomeExpensesNet": 10000000, "incomeBeforeTax": 3670000000, "incomeBeforeTaxRatio": 0.3811007269, "incomeTaxExpense": 724000000, "netIncome": 2968000000, "netIncomeRatio": 0.3082035306, "eps": 18.3, "epsdiluted": 18.11, "weightedAverageShsOut": 161000000, "weightedAverageShsOutDil": 162700000, "link": "https://www.sec.gov/Archives/edgar/data/20286/000002028622000012/0000020286-22-000012-index.htm", "finalLink": "https://www.sec.gov/Archives/edgar/data/20286/000002028622000012/cinf-20211231.htm", "calculatedOtherExpenses": 5950000000, "calculatedOperatingExpenses": 5950000000, "calculatedNetInterest": 670000000, "calculatedOtherIncome": -660000000, "calculatedIncomeNonControlling": -22000000, "calculatedEbitda": 3753000000}, {"date": "2020-12-31", "symbol": "CINF", "reportedCurrency": "USD", "cik": "0000020286", "fillingDate": "2021-02-25", "acceptedDate": "2021-02-25 09:20:12", "calendarYear": "2020", "period": "FY", "revenue": 7536000000, "costOfRevenue": 20000000, "grossProfit": 7516000000, "grossProfitRatio": 0.9973460722, "researchAndDevelopmentExpenses": 0, "generalAndAdministrativeExpenses": 0, "sellingAndMarketingExpenses": 0, "sellingGeneralAndAdministrativeExpenses": 0, "otherExpenses": -6047000000, "operatingExpenses": -6047000000, "costAndExpenses": 6037000000, "interestIncome": 675000000, "interestExpense": 54000000, "depreciationAndAmortization": 81000000, "ebitda": 1570000000, "ebitdaratio": 0.2083333333, "operatingIncome": 1489000000, "operatingIncomeRatio": 0.1975849257, "totalOtherIncomeExpensesNet": 10000000, "incomeBeforeTax": 1499000000, "incomeBeforeTaxRatio": 0.1989118896, "incomeTaxExpense": 283000000, "netIncome": 1216000000, "netIncomeRatio": 0.161358811, "eps": 7.54, "epsdiluted": 7.49, "weightedAverageShsOut": 161200000, "weightedAverageShsOutDil": 162400000, "link": "https://www.sec.gov/Archives/edgar/data/20286/000002028621000013/0000020286-21-000013-index.htm", "finalLink": "https://www.sec.gov/Archives/edgar/data/20286/000002028621000013/cinf-20201231.htm", "calculatedOtherExpenses": 6027000000, "calculatedOperatingExpenses": 6027000000, "calculatedNetInterest": 621000000, "calculatedOtherIncome": -611000000, "calculatedIncomeNonControlling": 0, "calculatedEbitda": 1570000000}, {"date": "2019-12-31", "symbol": "CINF", "reportedCurrency": "USD", "cik": "0000020286", "fillingDate": "2020-02-25", "acceptedDate": "2020-02-25 11:05:54", "calendarYear": "2019", "period": "FY", "revenue": 7924000000, "costOfRevenue": 23000000, "grossProfit": 7901000000, "grossProfitRatio": 0.9970974255, "researchAndDevelopmentExpenses": 0, "generalAndAdministrativeExpenses": 0, "sellingAndMarketingExpenses": 0, "sellingGeneralAndAdministrativeExpenses": 0, "otherExpenses": -5461000000, "operatingExpenses": -5461000000, "costAndExpenses": 5452000000, "interestIncome": 647000000, "interestExpense": 53000000, "depreciationAndAmortization": 72000000, "ebitda": 2535000000, "ebitdaratio": 0.3199141848, "operatingIncome": 2463000000, "operatingIncomeRatio": 0.3108278647, "totalOtherIncomeExpensesNet": 9000000, "incomeBeforeTax": 2472000000, "incomeBeforeTaxRatio": 0.3119636547, "incomeTaxExpense": 475000000, "netIncome": 1997000000, "netIncomeRatio": 0.2520191822, "eps": 12.24, "epsdiluted": 12.1, "weightedAverageShsOut": 163200000, "weightedAverageShsOutDil": 165100000, "link": "https://www.sec.gov/Archives/edgar/data/20286/000002028620000011/0000020286-20-000011-index.htm", "finalLink": "https://www.sec.gov/Archives/edgar/data/20286/000002028620000011/cinf-20191231x10k.htm", "calculatedOtherExpenses": 5438000000, "calculatedOperatingExpenses": 5438000000, "calculatedNetInterest": 594000000, "calculatedOtherIncome": -585000000, "calculatedIncomeNonControlling": 0, "calculatedEbitda": 2535000000}, {"date": "2018-12-31", "symbol": "CINF", "reportedCurrency": "USD", "cik": "0000020286", "fillingDate": "2019-02-22", "acceptedDate": "2019-02-22 12:23:06", "calendarYear": "2018", "period": "FY", "revenue": 5407000000, "costOfRevenue": 16000000, "grossProfit": 5391000000, "grossProfitRatio": 0.9970408729, "researchAndDevelopmentExpenses": 0, "generalAndAdministrativeExpenses": 0, "sellingAndMarketingExpenses": 0, "sellingGeneralAndAdministrativeExpenses": 0, "otherExpenses": -5103000000, "operatingExpenses": -5103000000, "costAndExpenses": 5156000000, "interestIncome": 0, "interestExpense": 53000000, "depreciationAndAmortization": 63000000, "ebitda": 367000000, "ebitdaratio": 0.0678749769, "operatingIncome": 304000000, "operatingIncomeRatio": 0.0562234141, "totalOtherIncomeExpensesNet": 5000000, "incomeBeforeTax": 251000000, "incomeBeforeTaxRatio": 0.0464213057, "incomeTaxExpense": -36000000, "netIncome": 287000000, "netIncomeRatio": 0.0530793416, "eps": 1.76, "epsdiluted": 1.74, "weightedAverageShsOut": 163068182, "weightedAverageShsOutDil": 164500000, "link": "https://www.sec.gov/Archives/edgar/data/20286/000002028619000012/0000020286-19-000012-index.htm", "finalLink": "https://www.sec.gov/Archives/edgar/data/20286/000002028619000012/cinf-20181231x10k.htm", "calculatedOtherExpenses": 5087000000, "calculatedOperatingExpenses": 5087000000, "calculatedNetInterest": -53000000, "calculatedOtherIncome": 0, "calculatedIncomeNonControlling": 0, "calculatedEbitda": 367000000}, {"date": "2017-12-31", "symbol": "CINF", "reportedCurrency": "USD", "cik": "0000020286", "fillingDate": "2018-02-23", "acceptedDate": "2018-02-23 09:55:38", "calendarYear": "2017", "period": "FY", "revenue": 5732000000, "costOfRevenue": 13000000, "grossProfit": 5719000000, "grossProfitRatio": 0.9977320307, "researchAndDevelopmentExpenses": 0, "generalAndAdministrativeExpenses": 0, "sellingAndMarketingExpenses": 0, "sellingGeneralAndAdministrativeExpenses": 0, "otherExpenses": -4936000000, "operatingExpenses": -4936000000, "costAndExpenses": 5002000000, "interestIncome": 0, "interestExpense": 53000000, "depreciationAndAmortization": 55000000, "ebitda": 838000000, "ebitdaratio": 0.14619679, "operatingIncome": 783000000, "operatingIncomeRatio": 0.1366015352, "totalOtherIncomeExpensesNet": 5000000, "incomeBeforeTax": 730000000, "incomeBeforeTaxRatio": 0.1273551989, "incomeTaxExpense": -315000000, "netIncome": 1045000000, "netIncomeRatio": 0.1823098395, "eps": 6.36, "epsdiluted": 6.29, "weightedAverageShsOut": 164308176, "weightedAverageShsOutDil": 166000000, "link": "https://www.sec.gov/Archives/edgar/data/20286/000002028618000012/0000020286-18-000012-index.htm", "finalLink": "https://www.sec.gov/Archives/edgar/data/20286/000002028618000012/cinf-20171231x10k.htm", "calculatedOtherExpenses": 4936000000, "calculatedOperatingExpenses": 4936000000, "calculatedNetInterest": -53000000, "calculatedOtherIncome": 0, "calculatedIncomeNonControlling": 0, "calculatedEbitda": 838000000}, {"date": "2016-12-31", "symbol": "CINF", "reportedCurrency": "USD", "cik": "0000020286", "fillingDate": "2017-02-24", "acceptedDate": "2017-02-24 09:06:54", "calendarYear": "2016", "period": "FY", "revenue": 5449000000, "costOfRevenue": 12000000, "grossProfit": 5437000000, "grossProfitRatio": 0.9977977611, "researchAndDevelopmentExpenses": 0, "generalAndAdministrativeExpenses": 0, "sellingAndMarketingExpenses": 0, "sellingGeneralAndAdministrativeExpenses": 0, "otherExpenses": -4572000000, "operatingExpenses": -4572000000, "costAndExpenses": 4637000000, "interestIncome": 0, "interestExpense": 53000000, "depreciationAndAmortization": 48000000, "ebitda": 913000000, "ebitdaratio": 0.1675536796, "operatingIncome": 865000000, "operatingIncomeRatio": 0.1587447238, "totalOtherIncomeExpensesNet": 5000000, "incomeBeforeTax": 812000000, "incomeBeforeTaxRatio": 0.1490181685, "incomeTaxExpense": 221000000, "netIncome": 591000000, "netIncomeRatio": 0.1084602679, "eps": 3.59, "epsdiluted": 3.55, "weightedAverageShsOut": 164623955, "weightedAverageShsOutDil": 166500000, "link": "https://www.sec.gov/Archives/edgar/data/20286/000002028617000013/0000020286-17-000013-index.htm", "finalLink": "https://www.sec.gov/Archives/edgar/data/20286/000002028617000013/cinf-20161231x10k.htm", "calculatedOtherExpenses": 4572000000, "calculatedOperatingExpenses": 4572000000, "calculatedNetInterest": -53000000, "calculatedOtherIncome": 0, "calculatedIncomeNonControlling": 0, "calculatedEbitda": 913000000}, {"date": "2015-12-31", "symbol": "CINF", "reportedCurrency": "USD", "cik": "0000020286", "fillingDate": "2016-02-26", "acceptedDate": "2016-02-26 11:07:26", "calendarYear": "2015", "period": "FY", "revenue": 5142000000, "costOfRevenue": 13000000, "grossProfit": 5129000000, "grossProfitRatio": 0.9974718009, "researchAndDevelopmentExpenses": 0, "generalAndAdministrativeExpenses": 0, "sellingAndMarketingExpenses": 0, "sellingGeneralAndAdministrativeExpenses": 0, "otherExpenses": -4195000000, "operatingExpenses": -4195000000, "costAndExpenses": 4261000000, "interestIncome": 0, "interestExpense": 53000000, "depreciationAndAmortization": 52000000, "ebitda": 986000000, "ebitdaratio": 0.1917541813, "operatingIncome": 934000000, "operatingIncomeRatio": 0.1816413847, "totalOtherIncomeExpensesNet": 7000000, "incomeBeforeTax": 881000000, "incomeBeforeTaxRatio": 0.1713341112, "incomeTaxExpense": 247000000, "netIncome": 634000000, "netIncomeRatio": 0.1232983275, "eps": 3.87, "epsdiluted": 3.83, "weightedAverageShsOut": 163824289, "weightedAverageShsOutDil": 165600000, "link": "https://www.sec.gov/Archives/edgar/data/20286/000002028616000055/0000020286-16-000055-index.htm", "finalLink": "https://www.sec.gov/Archives/edgar/data/20286/000002028616000055/cinf-20151231x10k.htm", "calculatedOtherExpenses": 4195000000, "calculatedOperatingExpenses": 4195000000, "calculatedNetInterest": -53000000, "calculatedOtherIncome": 0, "calculatedIncomeNonControlling": 0, "calculatedEbitda": 986000000}, {"date": "2014-12-31", "symbol": "CINF", "reportedCurrency": "USD", "cik": "0000020286", "fillingDate": "2015-02-27", "acceptedDate": "2015-02-27 08:07:25", "calendarYear": "2014", "period": "FY", "revenue": 4945000000, "costOfRevenue": 14000000, "grossProfit": 4931000000, "grossProfitRatio": 0.9971688574, "researchAndDevelopmentExpenses": 0, "generalAndAdministrativeExpenses": 0, "sellingAndMarketingExpenses": 0, "sellingGeneralAndAdministrativeExpenses": 0, "otherExpenses": -4157000000, "operatingExpenses": -4157000000, "costAndExpenses": 4224000000, "interestIncome": 0, "interestExpense": 53000000, "depreciationAndAmortization": 51000000, "ebitda": 825000000, "ebitdaratio": 0.1668351871, "operatingIncome": 774000000, "operatingIncomeRatio": 0.1565217391, "totalOtherIncomeExpensesNet": 8000000, "incomeBeforeTax": 721000000, "incomeBeforeTaxRatio": 0.1458038423, "incomeTaxExpense": 196000000, "netIncome": 525000000, "netIncomeRatio": 0.1061678463, "eps": 3.21, "epsdiluted": 3.18, "weightedAverageShsOut": 165094339, "weightedAverageShsOutDil": 165100000, "link": "https://www.sec.gov/Archives/edgar/data/20286/000002028615000011/0000020286-15-000011-index.htm", "finalLink": "https://www.sec.gov/Archives/edgar/data/20286/000002028615000011/cinf-20141231x10k.htm", "calculatedOtherExpenses": 4157000000, "calculatedOperatingExpenses": 4157000000, "calculatedNetInterest": -53000000, "calculatedOtherIncome": 0, "calculatedIncomeNonControlling": 0, "calculatedEbitda": 825000000}, {"date": "2013-12-31", "symbol": "CINF", "reportedCurrency": "USD", "cik": "0000020286", "fillingDate": "2014-02-27", "acceptedDate": "2014-02-27 15:43:26", "calendarYear": "2013", "period": "FY", "revenue": 4531000000, "costOfRevenue": 15000000, "grossProfit": 4516000000, "grossProfitRatio": 0.9966894725, "researchAndDevelopmentExpenses": 0, "generalAndAdministrativeExpenses": 0, "sellingAndMarketingExpenses": 0, "sellingGeneralAndAdministrativeExpenses": 0, "otherExpenses": -3748000000, "operatingExpenses": -3748000000, "costAndExpenses": 3817000000, "interestIncome": 0, "interestExpense": 54000000, "depreciationAndAmortization": 50000000, "ebitda": 818000000, "ebitdaratio": 0.1805340984, "operatingIncome": 768000000, "operatingIncomeRatio": 0.1694990068, "totalOtherIncomeExpensesNet": 9000000, "incomeBeforeTax": 714000000, "incomeBeforeTaxRatio": 0.1575811079, "incomeTaxExpense": 197000000, "netIncome": 517000000, "netIncomeRatio": 0.1141028471, "eps": 3.16, "epsdiluted": 3.12, "weightedAverageShsOut": 165400000, "weightedAverageShsOutDil": 165705128, "link": "https://www.sec.gov/Archives/edgar/data/20286/000002028614000009/0000020286-14-000009-index.htm", "finalLink": "https://www.sec.gov/Archives/edgar/data/20286/000002028614000009/cinf-20131231x10k.htm", "calculatedOtherExpenses": 3748000000, "calculatedOperatingExpenses": 3748000000, "calculatedNetInterest": -54000000, "calculatedOtherIncome": 0, "calculatedIncomeNonControlling": 0, "calculatedEbitda": 818000000}, {"date": "2012-12-31", "symbol": "CINF", "reportedCurrency": "USD", "cik": "0000020286", "fillingDate": "2013-02-27", "acceptedDate": "2013-02-27 16:19:15", "calendarYear": "2012", "period": "FY", "revenue": 4111000000, "costOfRevenue": 14000000, "grossProfit": 4097000000, "grossProfitRatio": 0.9965945026, "researchAndDevelopmentExpenses": 0, "generalAndAdministrativeExpenses": 0, "sellingAndMarketingExpenses": 0, "sellingGeneralAndAdministrativeExpenses": 0, "otherExpenses": -3477000000, "operatingExpenses": -3477000000, "costAndExpenses": 3545000000, "interestIncome": 0, "interestExpense": 54000000, "depreciationAndAmortization": 44000000, "ebitda": 664000000, "ebitdaratio": 0.1615178789, "operatingIncome": 620000000, "operatingIncomeRatio": 0.1508148869, "totalOtherIncomeExpensesNet": 10000000, "incomeBeforeTax": 566000000, "incomeBeforeTaxRatio": 0.1376793967, "incomeTaxExpense": 145000000, "netIncome": 421000000, "netIncomeRatio": 0.1024081732, "eps": 2.59, "epsdiluted": 2.57, "weightedAverageShsOut": 163661000, "weightedAverageShsOutDil": 163813230, "link": "https://www.sec.gov/Archives/edgar/data/20286/000114420413011557/0001144204-13-011557-index.htm", "finalLink": "https://www.sec.gov/Archives/edgar/data/20286/000114420413011557/v329482_10k.htm", "calculatedOtherExpenses": 3477000000, "calculatedOperatingExpenses": 3477000000, "calculatedNetInterest": -54000000, "calculatedOtherIncome": 0, "calculatedIncomeNonControlling": 0, "calculatedEbitda": 664000000}, {"date": "2011-12-31", "symbol": "CINF", "reportedCurrency": "USD", "cik": "0000020286", "fillingDate": "2012-02-29", "acceptedDate": "2012-02-29 15:04:13", "calendarYear": "2011", "period": "FY", "revenue": 3803000000, "costOfRevenue": 13000000, "grossProfit": 3790000000, "grossProfitRatio": 0.9965816461, "researchAndDevelopmentExpenses": 0, "generalAndAdministrativeExpenses": 0, "sellingAndMarketingExpenses": 0, "sellingGeneralAndAdministrativeExpenses": 13000000, "otherExpenses": -3573000000, "operatingExpenses": -3560000000, "costAndExpenses": 3627000000, "interestIncome": 0, "interestExpense": 54000000, "depreciationAndAmortization": 42000000, "ebitda": 272000000, "ebitdaratio": 0.0715224823, "operatingIncome": 230000000, "operatingIncomeRatio": 0.0604785696, "totalOtherIncomeExpensesNet": 10000000, "incomeBeforeTax": 176000000, "incomeBeforeTaxRatio": 0.0462792532, "incomeTaxExpense": 10000000, "netIncome": 166000000, "netIncomeRatio": 0.0436497502, "eps": 1.02, "epsdiluted": 1.02, "weightedAverageShsOut": 163259222, "weightedAverageShsOutDil": 163259222, "link": "https://www.sec.gov/Archives/edgar/data/20286/000114420412011957/0001144204-12-011957-index.htm", "finalLink": "https://www.sec.gov/Archives/edgar/data/20286/000114420412011957/v239554_10k.htm", "calculatedOtherExpenses": 3547000000, "calculatedOperatingExpenses": 3560000000, "calculatedNetInterest": -54000000, "calculatedOtherIncome": 0, "calculatedIncomeNonControlling": 0, "calculatedEbitda": 272000000}, {"date": "2010-12-31", "symbol": "CINF", "reportedCurrency": "USD", "cik": "0000020286", "fillingDate": "2011-02-25", "acceptedDate": "2011-02-25 16:54:26", "calendarYear": "2010", "period": "FY", "revenue": 3772000000, "costOfRevenue": 16000000, "grossProfit": 3756000000, "grossProfitRatio": 0.9957582185, "researchAndDevelopmentExpenses": 0, "generalAndAdministrativeExpenses": 0, "sellingAndMarketingExpenses": 0, "sellingGeneralAndAdministrativeExpenses": 16000000, "otherExpenses": -3217000000, "operatingExpenses": -3201000000, "costAndExpenses": 3271000000, "interestIncome": 0, "interestExpense": 54000000, "depreciationAndAmortization": 41000000, "ebitda": 596000000, "ebitdaratio": 0.1580063627, "operatingIncome": 555000000, "operatingIncomeRatio": 0.1471367975, "totalOtherIncomeExpensesNet": 9000000, "incomeBeforeTax": 501000000, "incomeBeforeTaxRatio": 0.1328207847, "incomeTaxExpense": 124000000, "netIncome": 377000000, "netIncomeRatio": 0.0999469777, "eps": 2.32, "epsdiluted": 2.31, "weightedAverageShsOut": 162500000, "weightedAverageShsOutDil": 163203463, "link": "https://www.sec.gov/Archives/edgar/data/20286/000114420411011090/0001144204-11-011090-index.htm", "finalLink": "https://www.sec.gov/Archives/edgar/data/20286/000114420411011090/v212346_10k.htm", "calculatedOtherExpenses": 3185000000, "calculatedOperatingExpenses": 3201000000, "calculatedNetInterest": -54000000, "calculatedOtherIncome": 0, "calculatedIncomeNonControlling": 0, "calculatedEbitda": 596000000}, {"date": "2009-12-31", "symbol": "CINF", "reportedCurrency": "USD", "cik": "0000020286", "fillingDate": "2010-02-26", "acceptedDate": "2010-02-26 11:24:12", "calendarYear": "2009", "period": "FY", "revenue": 3903000000, "costOfRevenue": 20000000, "grossProfit": 3883000000, "grossProfitRatio": 0.9948757366, "researchAndDevelopmentExpenses": 0, "generalAndAdministrativeExpenses": 0, "sellingAndMarketingExpenses": 0, "sellingGeneralAndAdministrativeExpenses": 20000000, "otherExpenses": -3266000000, "operatingExpenses": -3246000000, "costAndExpenses": 3321000000, "interestIncome": 0, "interestExpense": 55000000, "depreciationAndAmortization": 38000000, "ebitda": 675000000, "ebitdaratio": 0.1729438893, "operatingIncome": 637000000, "operatingIncomeRatio": 0.1632077889, "totalOtherIncomeExpensesNet": 12000000, "incomeBeforeTax": 582000000, "incomeBeforeTaxRatio": 0.1491160646, "incomeTaxExpense": 150000000, "netIncome": 432000000, "netIncomeRatio": 0.1106840892, "eps": 2.67, "epsdiluted": 2.65, "weightedAverageShsOut": 162794767, "weightedAverageShsOutDil": 163092882, "link": "https://www.sec.gov/Archives/edgar/data/20286/000114420410010174/0001144204-10-010174-index.htm", "finalLink": "https://www.sec.gov/Archives/edgar/data/20286/000114420410010174/v175306_10k.htm", "calculatedOtherExpenses": 3226000000, "calculatedOperatingExpenses": 3246000000, "calculatedNetInterest": -55000000, "calculatedOtherIncome": 0, "calculatedIncomeNonControlling": 0, "calculatedEbitda": 675000000}, {"date": "2008-12-31", "symbol": "CINF", "reportedCurrency": "USD", "cik": "0000020286", "fillingDate": "2009-02-27", "acceptedDate": "2009-02-27 13:02:39", "calendarYear": "2008", "period": "FY", "revenue": 3824000000, "costOfRevenue": 411000000, "grossProfit": 3413000000, "grossProfitRatio": 0.8925209205, "researchAndDevelopmentExpenses": 0, "generalAndAdministrativeExpenses": 411000000, "sellingAndMarketingExpenses": 576000000, "sellingGeneralAndAdministrativeExpenses": 576000000, "otherExpenses": -3396000000, "operatingExpenses": -2820000000, "costAndExpenses": 3284000000, "interestIncome": 0, "interestExpense": 53000000, "depreciationAndAmortization": 32000000, "ebitda": 625000000, "ebitdaratio": 0.1634414226, "operatingIncome": 593000000, "operatingIncomeRatio": 0.1550732218, "totalOtherIncomeExpensesNet": 13000000, "incomeBeforeTax": 540000000, "incomeBeforeTaxRatio": 0.1412133891, "incomeTaxExpense": 111000000, "netIncome": 429000000, "netIncomeRatio": 0.1121861925, "eps": 2.63, "epsdiluted": 2.62, "weightedAverageShsOut": 163362409, "weightedAverageShsOutDil": 163740458, "link": "https://www.sec.gov/Archives/edgar/data/20286/000095015209001908/0000950152-09-001908-index.htm", "finalLink": "https://www.sec.gov/Archives/edgar/data/20286/000095015209001908/l35496ae10vk.htm", "calculatedOtherExpenses": 2244000000, "calculatedOperatingExpenses": 2820000000, "calculatedNetInterest": -53000000, "calculatedOtherIncome": 0, "calculatedIncomeNonControlling": 0, "calculatedEbitda": 625000000}, {"date": "2007-12-31", "symbol": "CINF", "reportedCurrency": "USD", "cik": "0000020286", "fillingDate": "2008-02-29", "acceptedDate": "2008-02-29 11:02:37", "calendarYear": "2007", "period": "FY", "revenue": 4259000000, "costOfRevenue": 362000000, "grossProfit": 3897000000, "grossProfitRatio": 0.915003522, "researchAndDevelopmentExpenses": 0, "generalAndAdministrativeExpenses": 362000000, "sellingAndMarketingExpenses": 624000000, "sellingGeneralAndAdministrativeExpenses": 986000000, "otherExpenses": -3639000000, "operatingExpenses": -2653000000, "costAndExpenses": 3067000000, "interestIncome": 0, "interestExpense": 52000000, "depreciationAndAmortization": 36000000, "ebitda": 1280000000, "ebitdaratio": 0.3005400329, "operatingIncome": 1244000000, "operatingIncomeRatio": 0.2920873444, "totalOtherIncomeExpensesNet": 19000000, "incomeBeforeTax": 1192000000, "incomeBeforeTaxRatio": 0.2798779056, "incomeTaxExpense": 337000000, "netIncome": 855000000, "netIncomeRatio": 0.2007513501, "eps": 5.01, "epsdiluted": 4.97, "weightedAverageShsOut": 170595204, "weightedAverageShsOutDil": 172167452, "link": "https://www.sec.gov/Archives/edgar/data/20286/000095015208001543/0000950152-08-001543-index.htm", "finalLink": "https://www.sec.gov/Archives/edgar/data/20286/000095015208001543/l30304ae10vk.htm", "calculatedOtherExpenses": 1667000000, "calculatedOperatingExpenses": 2653000000, "calculatedNetInterest": -52000000, "calculatedOtherIncome": 0, "calculatedIncomeNonControlling": 0, "calculatedEbitda": 1280000000}, {"date": "2006-12-31", "symbol": "CINF", "reportedCurrency": "USD", "cik": "0000020286", "fillingDate": "2007-02-28", "acceptedDate": "2007-02-28 16:46:10", "calendarYear": "2006", "period": "FY", "revenue": 4550000000, "costOfRevenue": 354000000, "grossProfit": 4196000000, "grossProfitRatio": 0.9221978022, "researchAndDevelopmentExpenses": 0, "generalAndAdministrativeExpenses": 354000000, "sellingAndMarketingExpenses": 630000000, "sellingGeneralAndAdministrativeExpenses": 984000000, "otherExpenses": -3798000000, "operatingExpenses": -2814000000, "costAndExpenses": 3221000000, "interestIncome": 0, "interestExpense": 53000000, "depreciationAndAmortization": 38000000, "ebitda": 1420000000, "ebitdaratio": 0.3120879121, "operatingIncome": 1382000000, "operatingIncomeRatio": 0.3037362637, "totalOtherIncomeExpensesNet": 18000000, "incomeBeforeTax": 1329000000, "incomeBeforeTaxRatio": 0.2920879121, "incomeTaxExpense": 399000000, "netIncome": 930000000, "netIncomeRatio": 0.2043956044, "eps": 5.36, "epsdiluted": 5.3, "weightedAverageShsOut": 173423395, "weightedAverageShsOutDil": 175451341, "link": "https://www.sec.gov/Archives/edgar/data/20286/000095015207001625/0000950152-07-001625-index.htm", "finalLink": "https://www.sec.gov/Archives/edgar/data/20286/000095015207001625/l24955ae10vk.htm", "calculatedOtherExpenses": 1830000000, "calculatedOperatingExpenses": 2814000000, "calculatedNetInterest": -53000000, "calculatedOtherIncome": 0, "calculatedIncomeNonControlling": 0, "calculatedEbitda": 1420000000}, {"date": "2005-12-31", "symbol": "CINF", "reportedCurrency": "USD", "cik": "0000020286", "fillingDate": "2006-03-10", "acceptedDate": "2006-03-10 17:16:38", "calendarYear": "2005", "period": "FY", "revenue": 3767000000, "costOfRevenue": 290000000, "grossProfit": 3477000000, "grossProfitRatio": 0.9230156623, "researchAndDevelopmentExpenses": 0, "generalAndAdministrativeExpenses": 0, "sellingAndMarketingExpenses": 0, "sellingGeneralAndAdministrativeExpenses": 0, "otherExpenses": -2603000000, "operatingExpenses": -2603000000, "costAndExpenses": 2944000000, "interestIncome": 0, "interestExpense": 51000000, "depreciationAndAmortization": 33000000, "ebitda": 907000000, "ebitdaratio": 0.2407751526, "operatingIncome": 874000000, "operatingIncomeRatio": 0.2320148659, "totalOtherIncomeExpensesNet": 16000000, "incomeBeforeTax": 823000000, "incomeBeforeTaxRatio": 0.218476241, "incomeTaxExpense": 221000000, "netIncome": 602000000, "netIncomeRatio": 0.1598088665, "eps": 3.44, "epsdiluted": 3.4, "weightedAverageShsOut": 177116126, "weightedAverageShsOutDil": 177116126, "link": "https://www.sec.gov/Archives/edgar/data/20286/000095015206001975/0000950152-06-001975-index.htm", "finalLink": "https://www.sec.gov/Archives/edgar/data/20286/000095015206001975/l18781ae10vk.htm", "calculatedOtherExpenses": 2603000000, "calculatedOperatingExpenses": 2603000000, "calculatedNetInterest": -51000000, "calculatedOtherIncome": 0, "calculatedIncomeNonControlling": 0, "calculatedEbitda": 907000000}, {"date": "2004-12-31", "symbol": "CINF", "reportedCurrency": "USD", "cik": "0000020286", "fillingDate": "2005-03-14", "acceptedDate": "2005-03-11 17:56:32", "calendarYear": "2004", "period": "FY", "revenue": 3614000000, "costOfRevenue": 260000000, "grossProfit": 3354000000, "grossProfitRatio": 0.928057554, "researchAndDevelopmentExpenses": 0, "generalAndAdministrativeExpenses": 260000000, "sellingAndMarketingExpenses": 615000000, "sellingGeneralAndAdministrativeExpenses": 875000000, "otherExpenses": -3391000000, "operatingExpenses": -2516000000, "costAndExpenses": 2814000000, "interestIncome": 0, "interestExpense": 38000000, "depreciationAndAmortization": 28000000, "ebitda": 866000000, "ebitdaratio": 0.2396236857, "operatingIncome": 838000000, "operatingIncomeRatio": 0.2318760376, "totalOtherIncomeExpensesNet": 11000000, "incomeBeforeTax": 800000000, "incomeBeforeTaxRatio": 0.2213613724, "incomeTaxExpense": 216000000, "netIncome": 584000000, "netIncomeRatio": 0.1615938019, "eps": 3.3, "epsdiluted": 3.28, "weightedAverageShsOut": 178376848, "weightedAverageShsOutDil": 178376848, "link": "https://www.sec.gov/Archives/edgar/data/20286/000095015205002027/0000950152-05-002027-index.htm", "finalLink": "https://www.sec.gov/Archives/edgar/data/20286/000095015205002027/l12577ae10vk.htm", "calculatedOtherExpenses": 1641000000, "calculatedOperatingExpenses": 2516000000, "calculatedNetInterest": -38000000, "calculatedOtherIncome": 0, "calculatedIncomeNonControlling": 0, "calculatedEbitda": 866000000}, {"date": "2003-12-31", "symbol": "CINF", "reportedCurrency": "USD", "cik": "0000020286", "fillingDate": "2004-03-11", "acceptedDate": "2004-03-11 15:11:53", "calendarYear": "2003", "period": "FY", "revenue": 3181000000, "costOfRevenue": 204000000, "grossProfit": 2977000000, "grossProfitRatio": 0.9358692235, "researchAndDevelopmentExpenses": 0, "generalAndAdministrativeExpenses": 204000000, "sellingAndMarketingExpenses": 536000000, "sellingGeneralAndAdministrativeExpenses": 740000000, "otherExpenses": -3203000000, "operatingExpenses": -2463000000, "costAndExpenses": 2701000000, "interestIncome": 0, "interestExpense": 34000000, "depreciationAndAmortization": 30000000, "ebitda": 544000000, "ebitdaratio": 0.171015404, "operatingIncome": 514000000, "operatingIncomeRatio": 0.1615844074, "totalOtherIncomeExpensesNet": 9000000, "incomeBeforeTax": 480000000, "incomeBeforeTaxRatio": 0.1508959447, "incomeTaxExpense": 106000000, "netIncome": 374000000, "netIncomeRatio": 0.1175730902, "eps": 2.11, "epsdiluted": 2.1, "weightedAverageShsOut": 178292248, "weightedAverageShsOutDil": 178500000, "link": "https://www.sec.gov/Archives/edgar/data/20286/000095015204001818/0000950152-04-001818-index.htm", "finalLink": "https://www.sec.gov/Archives/edgar/data/20286/000095015204001818/l05798ae10vk.htm", "calculatedOtherExpenses": 1723000000, "calculatedOperatingExpenses": 2463000000, "calculatedNetInterest": -34000000, "calculatedOtherIncome": 0, "calculatedIncomeNonControlling": 0, "calculatedEbitda": 544000000}, {"date": "2002-12-31", "symbol": "CINF", "reportedCurrency": "USD", "cik": "0000020286", "fillingDate": "2003-03-14", "acceptedDate": "2003-03-14 10:08:43", "calendarYear": "2002", "period": "FY", "revenue": 2843000000, "costOfRevenue": 202000000, "grossProfit": 2641000000, "grossProfitRatio": 0.9289482941, "researchAndDevelopmentExpenses": 0, "generalAndAdministrativeExpenses": 202000000, "sellingAndMarketingExpenses": 472000000, "sellingGeneralAndAdministrativeExpenses": 674000000, "otherExpenses": -3001000000, "operatingExpenses": -2327000000, "costAndExpenses": 2564000000, "interestIncome": 0, "interestExpense": 35000000, "depreciationAndAmortization": 22000000, "ebitda": 336000000, "ebitdaratio": 0.1181850158, "operatingIncome": 314000000, "operatingIncomeRatio": 0.1104467112, "totalOtherIncomeExpensesNet": 14000000, "incomeBeforeTax": 279000000, "incomeBeforeTaxRatio": 0.0981357721, "incomeTaxExpense": 41000000, "netIncome": 238000000, "netIncomeRatio": 0.0837143862, "eps": 1.33, "epsdiluted": 1.32, "weightedAverageShsOut": 179920485, "weightedAverageShsOutDil": 179920485, "link": "https://www.sec.gov/Archives/edgar/data/20286/000095015203002920/0000950152-03-002920-index.htm", "finalLink": "https://www.sec.gov/Archives/edgar/data/20286/000095015203002920/l99504ae10vk.htm", "calculatedOtherExpenses": 1653000000, "calculatedOperatingExpenses": 2327000000, "calculatedNetInterest": -35000000, "calculatedOtherIncome": 0, "calculatedIncomeNonControlling": 0, "calculatedEbitda": 336000000}, {"date": "2001-12-31", "symbol": "CINF", "reportedCurrency": "USD", "cik": "0000020286", "fillingDate": "2002-03-27", "acceptedDate": "2002-03-27 00:00:00", "calendarYear": "2001", "period": "FY", "revenue": 2561000000, "costOfRevenue": 0, "grossProfit": 2561000000, "grossProfitRatio": 1, "researchAndDevelopmentExpenses": 0, "generalAndAdministrativeExpenses": 184000000, "sellingAndMarketingExpenses": 392000000, "sellingGeneralAndAdministrativeExpenses": 576000000, "otherExpenses": -2877000000, "operatingExpenses": -2301000000, "costAndExpenses": 2340000000, "interestIncome": 0, "interestExpense": 39000000, "depreciationAndAmortization": 25000000, "ebitda": 285000000, "ebitdaratio": 0.1112846544, "operatingIncome": 260000000, "operatingIncomeRatio": 0.1015228426, "totalOtherIncomeExpensesNet": 13000000, "incomeBeforeTax": 221000000, "incomeBeforeTaxRatio": 0.0862944162, "incomeTaxExpense": 28000000, "netIncome": 193000000, "netIncomeRatio": 0.075361187, "eps": 1.09, "epsdiluted": 1.08, "weightedAverageShsOut": 177066772, "weightedAverageShsOutDil": 179044651, "link": "https://www.sec.gov/Archives/edgar/data/20286/000095015202002433/0000950152-02-002433-index.htm", "finalLink": "https://www.sec.gov/Archives/edgar/data/20286/000095015202002433/l93455ae10-k.txt", "calculatedOtherExpenses": 1725000000, "calculatedOperatingExpenses": 2301000000, "calculatedNetInterest": -39000000, "calculatedOtherIncome": 0, "calculatedIncomeNonControlling": 0, "calculatedEbitda": 285000000}, {"date": "2000-12-31", "symbol": "CINF", "reportedCurrency": "USD", "cik": "0000020286", "fillingDate": "2001-03-22", "acceptedDate": "2001-03-22 00:00:00", "calendarYear": "2000", "period": "FY", "revenue": 2330994000, "costOfRevenue": 0, "grossProfit": 2330994000, "grossProfitRatio": 1, "researchAndDevelopmentExpenses": 0, "generalAndAdministrativeExpenses": 171729000, "sellingAndMarketingExpenses": 351104000, "sellingGeneralAndAdministrativeExpenses": 522833000, "otherExpenses": -2708375000, "operatingExpenses": -2185542000, "costAndExpenses": 2222330000, "interestIncome": 0, "interestExpense": 36788000, "depreciationAndAmortization": 18269000, "ebitda": 163721000, "ebitdaratio": 0.07023656, "operatingIncome": 145452000, "operatingIncomeRatio": 0.062399131, "totalOtherIncomeExpensesNet": 11357000, "incomeBeforeTax": 108664000, "incomeBeforeTaxRatio": 0.0466170226, "incomeTaxExpense": -9701000, "netIncome": 118365000, "netIncomeRatio": 0.0507787665, "eps": 0.67, "epsdiluted": 0.66, "weightedAverageShsOut": 177074008, "weightedAverageShsOutDil": 180723030, "link": "https://www.sec.gov/Archives/edgar/data/20286/000095015201500561/0000950152-01-500561-index.htm", "finalLink": "https://www.sec.gov/Archives/edgar/data/20286/000095015201500561/l87259ae10-k.txt", "calculatedOtherExpenses": 1662709000, "calculatedOperatingExpenses": 2185542000, "calculatedNetInterest": -36788000, "calculatedOtherIncome": 0, "calculatedIncomeNonControlling": 0, "calculatedEbitda": 163721000}, {"date": "1999-12-31", "symbol": "CINF", "reportedCurrency": "USD", "cik": "0000020286", "fillingDate": "2000-03-23", "acceptedDate": "2000-03-23 00:00:00", "calendarYear": "1999", "period": "FY", "revenue": 2128223000, "costOfRevenue": 0, "grossProfit": 2128223000, "grossProfitRatio": 1, "researchAndDevelopmentExpenses": 0, "generalAndAdministrativeExpenses": 151170000, "sellingAndMarketingExpenses": 311979000, "sellingGeneralAndAdministrativeExpenses": 463149000, "otherExpenses": -2236756000, "operatingExpenses": -1773607000, "costAndExpenses": 1806650000, "interestIncome": 0, "interestExpense": 33043000, "depreciationAndAmortization": 16016000, "ebitda": 370632000, "ebitdaratio": 0.1741509231, "operatingIncome": 354616000, "operatingIncomeRatio": 0.1666253959, "totalOtherIncomeExpensesNet": 10064000, "incomeBeforeTax": 321573000, "incomeBeforeTaxRatio": 0.1510992974, "incomeTaxExpense": 66851000, "netIncome": 254722000, "netIncomeRatio": 0.1196876455, "eps": 1.41, "epsdiluted": 1.38, "weightedAverageShsOut": 181912500, "weightedAverageShsOutDil": 186322500, "link": "https://www.sec.gov/Archives/edgar/data/20286/000095015200002042/0000950152-00-002042-index.html", "finalLink": "https://www.sec.gov/Archives/edgar/data/20286/000095015200002042/", "calculatedOtherExpenses": 1310458000, "calculatedOperatingExpenses": 1773607000, "calculatedNetInterest": -33043000, "calculatedOtherIncome": 0, "calculatedIncomeNonControlling": 0, "calculatedEbitda": 370632000}, {"date": "1998-12-31", "symbol": "CINF", "reportedCurrency": "USD", "cik": "0000020286", "fillingDate": "1999-03-26", "acceptedDate": "1999-03-26 00:00:00", "calendarYear": "1998", "period": "FY", "revenue": 2054289000, "costOfRevenue": 0, "grossProfit": 2054289000, "grossProfitRatio": 1, "researchAndDevelopmentExpenses": 0, "generalAndAdministrativeExpenses": 144849000, "sellingAndMarketingExpenses": 290832000, "sellingGeneralAndAdministrativeExpenses": 435681000, "otherExpenses": -2154851000, "operatingExpenses": -1719170000, "costAndExpenses": 1747182000, "interestIncome": 0, "interestExpense": 28012000, "depreciationAndAmortization": 11793000, "ebitda": 346912000, "ebitdaratio": 0.1688720526, "operatingIncome": 335119000, "operatingIncomeRatio": 0.1631313802, "totalOtherIncomeExpensesNet": 8252000, "incomeBeforeTax": 307107000, "incomeBeforeTaxRatio": 0.1494955189, "incomeTaxExpense": 65540000, "netIncome": 241567000, "netIncomeRatio": 0.1175915365, "eps": 1.32, "epsdiluted": 1.28, "weightedAverageShsOut": 183920152, "weightedAverageShsOutDil": 189715995, "link": "https://www.sec.gov/Archives/edgar/data/20286/000095015299002420/0000950152-99-002420-index.htm", "finalLink": "https://www.sec.gov/Archives/edgar/data/20286/0000950152-99-002420.txt", "calculatedOtherExpenses": 1283489000, "calculatedOperatingExpenses": 1719170000, "calculatedNetInterest": -28012000, "calculatedOtherIncome": 0, "calculatedIncomeNonControlling": 0, "calculatedEbitda": 346912000}, {"date": "1997-12-31", "symbol": "CINF", "reportedCurrency": "USD", "cik": "0000020286", "fillingDate": "1998-03-23", "acceptedDate": "1998-03-23 00:00:00", "calendarYear": "1997", "period": "FY", "revenue": 1942384000, "costOfRevenue": 0, "grossProfit": 1942384000, "grossProfitRatio": 1, "researchAndDevelopmentExpenses": 0, "generalAndAdministrativeExpenses": 139030000, "sellingAndMarketingExpenses": 282690000, "sellingGeneralAndAdministrativeExpenses": 421720000, "otherExpenses": -1948724000, "operatingExpenses": -1527004000, "costAndExpenses": 1547825000, "interestIncome": 0, "interestExpense": 20821000, "depreciationAndAmortization": 11327000, "ebitda": 426707000, "ebitdaratio": 0.219682102, "operatingIncome": 415380000, "operatingIncomeRatio": 0.2138506083, "totalOtherIncomeExpensesNet": 8179000, "incomeBeforeTax": 394559000, "incomeBeforeTaxRatio": 0.2031313067, "incomeTaxExpense": 95184000, "netIncome": 299375000, "netIncomeRatio": 0.1541276081, "eps": 1.64, "epsdiluted": 1.61, "weightedAverageShsOut": 182505645, "weightedAverageShsOutDil": 188301487, "link": "https://www.sec.gov/Archives/edgar/data/20286/000095015298002276/0000950152-98-002276-index.htm", "finalLink": "https://www.sec.gov/Archives/edgar/data/20286/0000950152-98-002276.txt", "calculatedOtherExpenses": 1105284000, "calculatedOperatingExpenses": 1527004000, "calculatedNetInterest": -20821000, "calculatedOtherIncome": 0, "calculatedIncomeNonControlling": 0, "calculatedEbitda": 426707000}, {"date": "1996-12-31", "symbol": "CINF", "reportedCurrency": "USD", "cik": "0000020286", "fillingDate": "1997-03-27", "acceptedDate": "1997-03-27 00:00:00", "calendarYear": "1996", "period": "FY", "revenue": 1808749000, "costOfRevenue": 0, "grossProfit": 1808749000, "grossProfitRatio": 1, "researchAndDevelopmentExpenses": 0, "generalAndAdministrativeExpenses": 117034000, "sellingAndMarketingExpenses": 259291000, "sellingGeneralAndAdministrativeExpenses": 376325000, "otherExpenses": -1882551000, "operatingExpenses": -1506226000, "costAndExpenses": 1526328000, "interestIncome": 0, "interestExpense": 20102000, "depreciationAndAmortization": 7100000, "ebitda": 309623000, "ebitdaratio": 0.1711807443, "operatingIncome": 302523000, "operatingIncomeRatio": 0.1672553793, "totalOtherIncomeExpensesNet": 10599000, "incomeBeforeTax": 282421000, "incomeBeforeTaxRatio": 0.1561416205, "incomeTaxExpense": 58661000, "netIncome": 223760000, "netIncomeRatio": 0.1237098127, "eps": 1.22, "epsdiluted": 1.19, "weightedAverageShsOut": 184347922, "weightedAverageShsOutDil": 191113965, "link": "https://www.sec.gov/Archives/edgar/data/20286/000095015297002224/0000950152-97-002224-index.html", "finalLink": "https://www.sec.gov/Archives/edgar/data/20286/", "calculatedOtherExpenses": 1129901000, "calculatedOperatingExpenses": 1506226000, "calculatedNetInterest": -20102000, "calculatedOtherIncome": 0, "calculatedIncomeNonControlling": 0, "calculatedEbitda": 309623000}, {"date": "1995-12-31", "symbol": "CINF", "reportedCurrency": "USD", "cik": "0000020286", "fillingDate": "1996-03-22", "acceptedDate": "1996-03-22 00:00:00", "calendarYear": "1995", "period": "FY", "revenue": 1655651000, "costOfRevenue": 0, "grossProfit": 1655651000, "grossProfitRatio": 1, "researchAndDevelopmentExpenses": 0, "generalAndAdministrativeExpenses": 97909000, "sellingAndMarketingExpenses": 244862000, "sellingGeneralAndAdministrativeExpenses": 342771000, "otherExpenses": -1821679000, "operatingExpenses": -1478908000, "costAndExpenses": 1360463000, "interestIncome": 0, "interestExpense": 17231000, "depreciationAndAmortization": 9641000, "ebitda": 186384000, "ebitdaratio": 0.1125744496, "operatingIncome": 176743000, "operatingIncomeRatio": 0.1067513625, "totalOtherIncomeExpensesNet": 10729000, "incomeBeforeTax": 295188000, "incomeBeforeTaxRatio": 0.1782911978, "incomeTaxExpense": -67838000, "netIncome": 227350000, "netIncomeRatio": 0.1373175869, "eps": 1.23, "epsdiluted": 1.21, "weightedAverageShsOut": 184121910, "weightedAverageShsOutDil": 190783215, "link": "https://www.sec.gov/Archives/edgar/data/20286/000095015296001100/0000950152-96-001100-index.html", "finalLink": "https://www.sec.gov/Archives/edgar/data/20286/", "calculatedOtherExpenses": 1136137000, "calculatedOperatingExpenses": 1478908000, "calculatedNetInterest": -17231000, "calculatedOtherIncome": 135676000, "calculatedIncomeNonControlling": 135676000, "calculatedEbitda": 186384000}, {"date": "1994-12-31", "symbol": "CINF", "reportedCurrency": "USD", "cik": "0000020286", "fillingDate": "1995-03-30", "acceptedDate": "1995-03-30 00:00:00", "calendarYear": "1994", "period": "FY", "revenue": 1512506000, "costOfRevenue": 0, "grossProfit": 1512506000, "grossProfitRatio": 1, "researchAndDevelopmentExpenses": 0, "generalAndAdministrativeExpenses": 85405000, "sellingAndMarketingExpenses": 230551000, "sellingGeneralAndAdministrativeExpenses": 315956000, "otherExpenses": -1665369000, "operatingExpenses": -1349413000, "costAndExpenses": 1263178000, "interestIncome": 0, "interestExpense": 9961000, "depreciationAndAmortization": 9923000, "ebitda": 173016000, "ebitdaratio": 0.11439029, "operatingIncome": 163093000, "operatingIncomeRatio": 0.1078296549, "totalOtherIncomeExpensesNet": 11267000, "incomeBeforeTax": 249328000, "incomeBeforeTaxRatio": 0.1648443047, "incomeTaxExpense": -48098000, "netIncome": 201230000, "netIncomeRatio": 0.1330441003, "eps": 1.07, "epsdiluted": 1.07, "weightedAverageShsOut": 188013623, "weightedAverageShsOutDil": 188013623, "link": "https://www.sec.gov/Archives/edgar/data/20286/000095015295000507/0000950152-95-000507-index.htm", "finalLink": "https://www.sec.gov/Archives/edgar/data/20286/0000950152-95-000507.txt", "calculatedOtherExpenses": 1033457000, "calculatedOperatingExpenses": 1349413000, "calculatedNetInterest": -9961000, "calculatedOtherIncome": 96196000, "calculatedIncomeNonControlling": 96196000, "calculatedEbitda": 173016000}, {"date": "1993-12-31", "symbol": "CINF", "reportedCurrency": "USD", "cik": "0000020286", "fillingDate": "1994-03-30", "acceptedDate": "1994-03-30 00:00:00", "calendarYear": "1993", "period": "FY", "revenue": 1442200000, "costOfRevenue": 0, "grossProfit": 1442200000, "grossProfitRatio": 1, "researchAndDevelopmentExpenses": 0, "generalAndAdministrativeExpenses": 0, "sellingAndMarketingExpenses": 0, "sellingGeneralAndAdministrativeExpenses": 0, "otherExpenses": -1154000000, "operatingExpenses": -1154000000, "costAndExpenses": 228200000, "interestIncome": 0, "interestExpense": 7400000, "depreciationAndAmortization": 10500000, "ebitda": 298700000, "ebitdaratio": 0.2071141312, "operatingIncome": 288200000, "operatingIncomeRatio": 0.1998335876, "totalOtherIncomeExpensesNet": 301400000, "incomeBeforeTax": 589600000, "incomeBeforeTaxRatio": 0.4088198585, "incomeTaxExpense": 64800000, "netIncome": 216000000, "netIncomeRatio": 0.1497711829, "eps": 1.15, "epsdiluted": 1.15, "weightedAverageShsOut": 187556087, "weightedAverageShsOutDil": 187556087, "link": "https://www.sec.gov/Archives/edgar/data/20286/000095015294000353/0000950152-94-000353-index.htm", "finalLink": "https://www.sec.gov/Archives/edgar/data/20286/0000950152-94-000353.txt", "calculatedOtherExpenses": 1154000000, "calculatedOperatingExpenses": 1154000000, "calculatedNetInterest": -7400000, "calculatedOtherIncome": 308800000, "calculatedIncomeNonControlling": 308800000, "calculatedEbitda": 298700000}, {"date": "1992-12-31", "symbol": "CINF", "reportedCurrency": "USD", "cik": "0000020286", "fillingDate": "1992-12-31", "acceptedDate": "1992-12-30 19:00:00", "calendarYear": "1992", "period": "FY", "revenue": 1304200000, "costOfRevenue": 0, "grossProfit": 1304200000, "grossProfitRatio": 1, "researchAndDevelopmentExpenses": 0, "generalAndAdministrativeExpenses": 0, "sellingAndMarketingExpenses": 0, "sellingGeneralAndAdministrativeExpenses": 0, "otherExpenses": -1088300000, "operatingExpenses": -1088300000, "costAndExpenses": 326000000, "interestIncome": 0, "interestExpense": 6700000, "depreciationAndAmortization": 10100000, "ebitda": 226000000, "ebitdaratio": 0.1732863058, "operatingIncome": 215900000, "operatingIncomeRatio": 0.1655420948, "totalOtherIncomeExpensesNet": 265400000, "incomeBeforeTax": 481300000, "incomeBeforeTaxRatio": 0.369038491, "incomeTaxExpense": 37900000, "netIncome": 171300000, "netIncomeRatio": 0.1313448858, "eps": 0.93, "epsdiluted": 0.93, "weightedAverageShsOut": 184289034, "weightedAverageShsOutDil": 184289034, "link": "", "finalLink": "", "calculatedOtherExpenses": 1088300000, "calculatedOperatingExpenses": 1088300000, "calculatedNetInterest": -6700000, "calculatedOtherIncome": 272100000, "calculatedIncomeNonControlling": 272100000, "calculatedEbitda": 226000000}, {"date": "1991-12-31", "symbol": "CINF", "reportedCurrency": "USD", "cik": "0000020286", "fillingDate": "1991-12-31", "acceptedDate": "1991-12-30 19:00:00", "calendarYear": "1991", "period": "FY", "revenue": 1161100000, "costOfRevenue": 0, "grossProfit": 1161100000, "grossProfitRatio": 1, "researchAndDevelopmentExpenses": 0, "generalAndAdministrativeExpenses": 0, "sellingAndMarketingExpenses": 0, "sellingGeneralAndAdministrativeExpenses": 0, "otherExpenses": -977300000, "operatingExpenses": -977300000, "costAndExpenses": 300100000, "interestIncome": 0, "interestExpense": 6600000, "depreciationAndAmortization": 6000000, "ebitda": 189800000, "ebitdaratio": 0.1634656791, "operatingIncome": 183800000, "operatingIncomeRatio": 0.1582981655, "totalOtherIncomeExpensesNet": 213500000, "incomeBeforeTax": 397300000, "incomeBeforeTaxRatio": 0.3421755232, "incomeTaxExpense": 30900000, "netIncome": 146300000, "netIncomeRatio": 0.1260012058, "eps": 0.82, "epsdiluted": 0.81, "weightedAverageShsOut": 179360872, "weightedAverageShsOutDil": 181376153, "link": "", "finalLink": "", "calculatedOtherExpenses": 977300000, "calculatedOperatingExpenses": 977300000, "calculatedNetInterest": -6600000, "calculatedOtherIncome": 220100000, "calculatedIncomeNonControlling": 220100000, "calculatedEbitda": 189800000}, {"date": "1990-12-31", "symbol": "CINF", "reportedCurrency": "USD", "cik": "0000020286", "fillingDate": "1990-12-31", "acceptedDate": "1990-12-30 19:00:00", "calendarYear": "1990", "period": "FY", "revenue": 1048900000, "costOfRevenue": 0, "grossProfit": 1048900000, "grossProfitRatio": 1, "researchAndDevelopmentExpenses": 0, "generalAndAdministrativeExpenses": 0, "sellingAndMarketingExpenses": 0, "sellingGeneralAndAdministrativeExpenses": 0, "otherExpenses": -892700000, "operatingExpenses": -892700000, "costAndExpenses": 181000000, "interestIncome": 0, "interestExpense": 6400000, "depreciationAndAmortization": 5000000, "ebitda": 161200000, "ebitdaratio": 0.1536848127, "operatingIncome": 156200000, "operatingIncomeRatio": 0.148917914, "totalOtherIncomeExpensesNet": 177700000, "incomeBeforeTax": 333900000, "incomeBeforeTaxRatio": 0.3183334922, "incomeTaxExpense": 20800000, "netIncome": 129000000, "netIncomeRatio": 0.1229859853, "eps": 0.72, "epsdiluted": 0.72, "weightedAverageShsOut": 180172631, "weightedAverageShsOutDil": 180172631, "link": "", "finalLink": "", "calculatedOtherExpenses": 892700000, "calculatedOperatingExpenses": 892700000, "calculatedNetInterest": -6400000, "calculatedOtherIncome": 184100000, "calculatedIncomeNonControlling": 184100000, "calculatedEbitda": 161200000}, {"date": "1989-12-31", "symbol": "CINF", "reportedCurrency": "USD", "cik": "0000020286", "fillingDate": "1989-12-31", "acceptedDate": "1989-12-30 19:00:00", "calendarYear": "1989", "period": "FY", "revenue": 974400000, "costOfRevenue": 0, "grossProfit": 974400000, "grossProfitRatio": 1, "researchAndDevelopmentExpenses": 0, "generalAndAdministrativeExpenses": 0, "sellingAndMarketingExpenses": 0, "sellingGeneralAndAdministrativeExpenses": 0, "otherExpenses": -834600000, "operatingExpenses": -834600000, "costAndExpenses": 175700000, "interestIncome": 0, "interestExpense": 6600000, "depreciationAndAmortization": 6300000, "ebitda": 146100000, "ebitdaratio": 0.1499384236, "operatingIncome": 139800000, "operatingIncomeRatio": 0.1434729064, "totalOtherIncomeExpensesNet": 161100000, "incomeBeforeTax": 300900000, "incomeBeforeTaxRatio": 0.3088054187, "incomeTaxExpense": 18700000, "netIncome": 114500000, "netIncomeRatio": 0.1175082102, "eps": 0.64, "epsdiluted": 0.63, "weightedAverageShsOut": 177939814, "weightedAverageShsOutDil": 180481800, "link": "", "finalLink": "", "calculatedOtherExpenses": 834600000, "calculatedOperatingExpenses": 834600000, "calculatedNetInterest": -6600000, "calculatedOtherIncome": 167700000, "calculatedIncomeNonControlling": 167700000, "calculatedEbitda": 146100000}, {"date": "1988-12-31", "symbol": "CINF", "reportedCurrency": "USD", "cik": "0000020286", "fillingDate": "1988-12-31", "acceptedDate": "1988-12-30 19:00:00", "calendarYear": "1988", "period": "FY", "revenue": 916000000, "costOfRevenue": 0, "grossProfit": 916000000, "grossProfitRatio": 1, "researchAndDevelopmentExpenses": 0, "generalAndAdministrativeExpenses": 0, "sellingAndMarketingExpenses": 0, "sellingGeneralAndAdministrativeExpenses": 0, "otherExpenses": -757300000, "operatingExpenses": -757300000, "costAndExpenses": 5500000, "interestIncome": 0, "interestExpense": 5500000, "depreciationAndAmortization": 0, "ebitda": 158700000, "ebitdaratio": 0.1732532751, "operatingIncome": 158700000, "operatingIncomeRatio": 0.1732532751, "totalOtherIncomeExpensesNet": 0, "incomeBeforeTax": 0, "incomeBeforeTaxRatio": 0, "incomeTaxExpense": 24500000, "netIncome": 128700000, "netIncomeRatio": 0.1405021834, "eps": 0.73, "epsdiluted": 0.73, "weightedAverageShsOut": 175315281, "weightedAverageShsOutDil": 177506713, "link": "", "finalLink": "", "calculatedOtherExpenses": 757300000, "calculatedOperatingExpenses": 757300000, "calculatedNetInterest": -5500000, "calculatedOtherIncome": -153200000, "calculatedIncomeNonControlling": -153200000, "calculatedEbitda": 158700000}, {"date": "1987-12-31", "symbol": "CINF", "reportedCurrency": "USD", "cik": "0000020286", "fillingDate": "1987-12-31", "acceptedDate": "1987-12-30 19:00:00", "calendarYear": "1987", "period": "FY", "revenue": 883100000, "costOfRevenue": 0, "grossProfit": 883100000, "grossProfitRatio": 1, "researchAndDevelopmentExpenses": 0, "generalAndAdministrativeExpenses": 0, "sellingAndMarketingExpenses": 0, "sellingGeneralAndAdministrativeExpenses": 0, "otherExpenses": -779100000, "operatingExpenses": -779100000, "costAndExpenses": 5200000, "interestIncome": 0, "interestExpense": 5200000, "depreciationAndAmortization": 0, "ebitda": 104000000, "ebitdaratio": 0.1177669573, "operatingIncome": 104000000, "operatingIncomeRatio": 0.1177669573, "totalOtherIncomeExpensesNet": 0, "incomeBeforeTax": 0, "incomeBeforeTaxRatio": 0, "incomeTaxExpense": 8100000, "netIncome": 90700000, "netIncomeRatio": 0.1027063753, "eps": 0.54, "epsdiluted": 0.54, "weightedAverageShsOut": 166794782, "weightedAverageShsOutDil": 166794782, "link": "", "finalLink": "", "calculatedOtherExpenses": 779100000, "calculatedOperatingExpenses": 779100000, "calculatedNetInterest": -5200000, "calculatedOtherIncome": -98800000, "calculatedIncomeNonControlling": -98800000, "calculatedEbitda": 104000000}, {"date": "1986-12-31", "symbol": "CINF", "reportedCurrency": "USD", "cik": "0000020286", "fillingDate": "1986-12-31", "acceptedDate": "1986-12-30 19:00:00", "calendarYear": "1986", "period": "FY", "revenue": 775800000, "costOfRevenue": 0, "grossProfit": 775800000, "grossProfitRatio": 1, "researchAndDevelopmentExpenses": 0, "generalAndAdministrativeExpenses": 0, "sellingAndMarketingExpenses": 0, "sellingGeneralAndAdministrativeExpenses": 0, "otherExpenses": -678800000, "operatingExpenses": -678800000, "costAndExpenses": 5100000, "interestIncome": 0, "interestExpense": 5100000, "depreciationAndAmortization": 0, "ebitda": 97000000, "ebitdaratio": 0.1250322248, "operatingIncome": 97000000, "operatingIncomeRatio": 0.1250322248, "totalOtherIncomeExpensesNet": 0, "incomeBeforeTax": 0, "incomeBeforeTaxRatio": 0, "incomeTaxExpense": 8400000, "netIncome": 83500000, "netIncomeRatio": 0.1076308327, "eps": 0.5, "epsdiluted": 0.5, "weightedAverageShsOut": 167513597, "weightedAverageShsOutDil": 167513597, "link": "", "finalLink": "", "calculatedOtherExpenses": 678800000, "calculatedOperatingExpenses": 678800000, "calculatedNetInterest": -5100000, "calculatedOtherIncome": -91900000, "calculatedIncomeNonControlling": -91900000, "calculatedEbitda": 97000000}, {"date": "1985-12-31", "symbol": "CINF", "reportedCurrency": "USD", "cik": "0000020286", "fillingDate": "1985-12-31", "acceptedDate": "1985-12-30 19:00:00", "calendarYear": "1985", "period": "FY", "revenue": 607900000, "costOfRevenue": 0, "grossProfit": 607900000, "grossProfitRatio": 1, "researchAndDevelopmentExpenses": 0, "generalAndAdministrativeExpenses": 0, "sellingAndMarketingExpenses": 0, "sellingGeneralAndAdministrativeExpenses": 0, "otherExpenses": -547400000, "operatingExpenses": -547400000, "costAndExpenses": 2000000, "interestIncome": 0, "interestExpense": 2000000, "depreciationAndAmortization": 0, "ebitda": 60500000, "ebitdaratio": 0.0995229479, "operatingIncome": 60500000, "operatingIncomeRatio": 0.0995229479, "totalOtherIncomeExpensesNet": 0, "incomeBeforeTax": 0, "incomeBeforeTaxRatio": 0, "incomeTaxExpense": 6000000, "netIncome": 52500000, "netIncomeRatio": 0.0863628886, "eps": 0.32, "epsdiluted": 0.32, "weightedAverageShsOut": 165507588, "weightedAverageShsOutDil": 165507588, "link": "", "finalLink": "", "calculatedOtherExpenses": 547400000, "calculatedOperatingExpenses": 547400000, "calculatedNetInterest": -2000000, "calculatedOtherIncome": -58500000, "calculatedIncomeNonControlling": -58500000, "calculatedEbitda": 60500000}]}