{"originalCurrency": "USD", "convertedCurrency": "USD", "report": [{"date": "2023-12-31", "symbol": "CIVI", "reportedCurrency": "USD", "cik": "0001509589", "fillingDate": "2024-02-27", "acceptedDate": "2024-02-27 17:05:46", "calendarYear": "2023", "period": "FY", "revenue": 3479240000, "costOfRevenue": 1808205000, "grossProfit": 1671035000, "grossProfitRatio": 0.4802873616, "researchAndDevelopmentExpenses": 0, "generalAndAdministrativeExpenses": 161077000, "sellingAndMarketingExpenses": 0, "sellingGeneralAndAdministrativeExpenses": 161077000, "otherExpenses": 33661000, "operatingExpenses": 447227000, "costAndExpenses": 2255432000, "interestIncome": 33347000, "interestExpense": 166707000, "depreciationAndAmortization": 1171192000, "ebitda": 2412628000, "ebitdaratio": 0.6934353479, "operatingIncome": 3177952000, "operatingIncomeRatio": 0.9134040768, "totalOtherIncomeExpensesNet": -41614000, "incomeBeforeTax": 999454000, "incomeBeforeTaxRatio": 0.2872621607, "incomeTaxExpense": 215166000, "netIncome": 784288000, "netIncomeRatio": 0.2254193445, "eps": 9.09, "epsdiluted": 9.02, "weightedAverageShsOut": 86240000, "weightedAverageShsOutDil": 86988000, "link": "https://www.sec.gov/Archives/edgar/data/1509589/000150958924000012/0001509589-24-000012-index.htm", "finalLink": "https://www.sec.gov/Archives/edgar/data/1509589/000150958924000012/civi-20231231.htm", "calculatedOtherExpenses": -1667994000, "calculatedOperatingExpenses": -1506917000, "calculatedNetInterest": -133360000, "calculatedOtherIncome": -2045138000, "calculatedIncomeNonControlling": 0, "calculatedEbitda": 4349144000}, {"date": "2022-12-31", "symbol": "CIVI", "reportedCurrency": "USD", "cik": "0001509589", "fillingDate": "2023-02-22", "acceptedDate": "2023-02-22 16:40:04", "calendarYear": "2022", "period": "FY", "revenue": 3791398000, "costOfRevenue": 1611551000, "grossProfit": 2179847000, "grossProfitRatio": 0.5749454423, "researchAndDevelopmentExpenses": 0, "generalAndAdministrativeExpenses": 143477000, "sellingAndMarketingExpenses": 0, "sellingGeneralAndAdministrativeExpenses": 143477000, "otherExpenses": 10622000, "operatingExpenses": 154099000, "costAndExpenses": 1765650000, "interestIncome": 32198999, "interestExpense": 32199000, "depreciationAndAmortization": 816446000, "ebitda": 2863411000, "ebitdaratio": 0.7552388327, "operatingIncome": 2046965000, "operatingIncomeRatio": 0.5398971567, "totalOtherIncomeExpensesNet": -393187000, "incomeBeforeTax": 1653778000, "incomeBeforeTaxRatio": 0.4361921381, "incomeTaxExpense": 405698000, "netIncome": 1248080000, "netIncomeRatio": 0.3291872813, "eps": 14.68, "epsdiluted": 14.58, "weightedAverageShsOut": 85005000, "weightedAverageShsOutDil": 85604000, "link": "https://www.sec.gov/Archives/edgar/data/1509589/000150958923000017/0001509589-23-000017-index.htm", "finalLink": "https://www.sec.gov/Archives/edgar/data/1509589/000150958923000017/civi-20221231.htm", "calculatedOtherExpenses": -10595000, "calculatedOperatingExpenses": 132882000, "calculatedNetInterest": -1, "calculatedOtherIncome": -393186999, "calculatedIncomeNonControlling": 0, "calculatedEbitda": 2863411000}, {"date": "2021-12-31", "symbol": "CIVI", "reportedCurrency": "USD", "cik": "0001509589", "fillingDate": "2022-03-09", "acceptedDate": "2022-03-08 18:40:09", "calendarYear": "2021", "period": "FY", "revenue": 930614000, "costOfRevenue": 426368000, "grossProfit": 504246000, "grossProfitRatio": 0.5418422676, "researchAndDevelopmentExpenses": 0, "generalAndAdministrativeExpenses": 65132000, "sellingAndMarketingExpenses": 0, "sellingGeneralAndAdministrativeExpenses": 65132000, "otherExpenses": 15629000, "operatingExpenses": 80761000, "costAndExpenses": 507129000, "interestIncome": 9700000, "interestExpense": 9700000, "depreciationAndAmortization": 226931000, "ebitda": 648410000, "ebitdaratio": 0.6967550456, "operatingIncome": 421479000, "operatingIncomeRatio": 0.4529042116, "totalOtherIncomeExpensesNet": -169700000, "incomeBeforeTax": 251779000, "incomeBeforeTaxRatio": 0.2705514854, "incomeTaxExpense": 72858000, "netIncome": 178921000, "netIncomeRatio": 0.1922612383, "eps": 4.82, "epsdiluted": 4.74, "weightedAverageShsOut": 37155000, "weightedAverageShsOutDil": 37746000, "link": "https://www.sec.gov/Archives/edgar/data/1509589/000150958922000044/0001509589-22-000044-index.htm", "finalLink": "https://www.sec.gov/Archives/edgar/data/1509589/000150958922000044/civi-20211231.htm", "calculatedOtherExpenses": 17635000, "calculatedOperatingExpenses": 82767000, "calculatedNetInterest": 0, "calculatedOtherIncome": -169700000, "calculatedIncomeNonControlling": 0, "calculatedEbitda": 648410000}, {"date": "2020-12-31", "symbol": "CIVI", "reportedCurrency": "USD", "cik": "0001509589", "fillingDate": "2021-02-17", "acceptedDate": "2021-02-17 17:23:32", "calendarYear": "2020", "period": "FY", "revenue": 218090000, "costOfRevenue": 148866000, "grossProfit": 69224000, "grossProfitRatio": 0.3174102435, "researchAndDevelopmentExpenses": 0, "generalAndAdministrativeExpenses": 34936000, "sellingAndMarketingExpenses": 0, "sellingGeneralAndAdministrativeExpenses": 34936000, "otherExpenses": 596000, "operatingExpenses": 35532000, "costAndExpenses": 184398000, "interestIncome": 2045000, "interestExpense": 2045000, "depreciationAndAmortization": 91242000, "ebitda": 129041000, "ebitdaratio": 0.5916869182, "operatingIncome": 37799000, "operatingIncomeRatio": 0.1733183548, "totalOtherIncomeExpensesNet": 5182000, "incomeBeforeTax": 42981000, "incomeBeforeTaxRatio": 0.1970791875, "incomeTaxExpense": -60547000, "netIncome": 103528000, "netIncomeRatio": 0.4747031042, "eps": 4.98, "epsdiluted": 4.95, "weightedAverageShsOut": 20774000, "weightedAverageShsOutDil": 20912000, "link": "https://www.sec.gov/Archives/edgar/data/1509589/000150958921000015/0001509589-21-000015-index.htm", "finalLink": "https://www.sec.gov/Archives/edgar/data/1509589/000150958921000015/bcei-20201231.htm", "calculatedOtherExpenses": -3511000, "calculatedOperatingExpenses": 31425000, "calculatedNetInterest": 0, "calculatedOtherIncome": 5182000, "calculatedIncomeNonControlling": 0, "calculatedEbitda": 129041000}, {"date": "2019-12-31", "symbol": "CIVI", "reportedCurrency": "USD", "cik": "0001509589", "fillingDate": "2020-02-28", "acceptedDate": "2020-02-28 09:15:10", "calendarYear": "2019", "period": "FY", "revenue": 313220000, "costOfRevenue": 155996000, "grossProfit": 157224000, "grossProfitRatio": 0.5019602835, "researchAndDevelopmentExpenses": 0, "generalAndAdministrativeExpenses": 39668000, "sellingAndMarketingExpenses": 0, "sellingGeneralAndAdministrativeExpenses": 39668000, "otherExpenses": 797000, "operatingExpenses": 40465000, "costAndExpenses": 196461000, "interestIncome": 2650000, "interestExpense": 2650000, "depreciationAndAmortization": 76453000, "ebitda": 193339000, "ebitdaratio": 0.6172626269, "operatingIncome": 116886000, "operatingIncomeRatio": 0.3731754039, "totalOtherIncomeExpensesNet": -49819000, "incomeBeforeTax": 67067000, "incomeBeforeTaxRatio": 0.2141210651, "incomeTaxExpense": 2777000, "netIncome": 67067000, "netIncomeRatio": 0.2141210651, "eps": 3.25, "epsdiluted": 3.24, "weightedAverageShsOut": 20612000, "weightedAverageShsOutDil": 20681000, "link": "https://www.sec.gov/Archives/edgar/data/1509589/000150958920000011/0001509589-20-000011-index.htm", "finalLink": "https://www.sec.gov/Archives/edgar/data/1509589/000150958920000011/bcei-20191231.htm", "calculatedOtherExpenses": 670000, "calculatedOperatingExpenses": 40338000, "calculatedNetInterest": 0, "calculatedOtherIncome": -49819000, "calculatedIncomeNonControlling": -2777000, "calculatedEbitda": 193339000}, {"date": "2018-12-31", "symbol": "CIVI", "reportedCurrency": "USD", "cik": "0001509589", "fillingDate": "2019-02-28", "acceptedDate": "2019-02-28 06:31:27", "calendarYear": "2018", "period": "FY", "revenue": 276657000, "costOfRevenue": 116227000, "grossProfit": 160430000, "grossProfitRatio": 0.579887731, "researchAndDevelopmentExpenses": 0, "generalAndAdministrativeExpenses": 42453000, "sellingAndMarketingExpenses": 0, "sellingGeneralAndAdministrativeExpenses": 42453000, "otherExpenses": 800000, "operatingExpenses": 42765000, "costAndExpenses": 158992000, "interestIncome": 0, "interestExpense": 2603000, "depreciationAndAmortization": 41883000, "ebitda": 160348000, "ebitdaratio": 0.5795913351, "operatingIncome": 115062000, "operatingIncomeRatio": 0.4159012785, "totalOtherIncomeExpensesNet": 53124000, "incomeBeforeTax": 168186000, "incomeBeforeTaxRatio": 0.6079224455, "incomeTaxExpense": 2603000, "netIncome": 168186000, "netIncomeRatio": 0.6079224455, "eps": 8.2, "epsdiluted": 8.16, "weightedAverageShsOut": 20507000, "weightedAverageShsOutDil": 20603000, "link": "https://www.sec.gov/Archives/edgar/data/1509589/000150958919000023/0001509589-19-000023-index.htm", "finalLink": "https://www.sec.gov/Archives/edgar/data/1509589/000150958919000023/bcei2018123110-k.htm", "calculatedOtherExpenses": 2915000, "calculatedOperatingExpenses": 45368000, "calculatedNetInterest": -2603000, "calculatedOtherIncome": 55727000, "calculatedIncomeNonControlling": -2603000, "calculatedEbitda": 156945000}, {"date": "2017-12-31", "symbol": "CIVI", "reportedCurrency": "USD", "cik": "0001509589", "fillingDate": "2018-03-15", "acceptedDate": "2018-03-14 20:48:41", "calendarYear": "2017", "period": "FY", "revenue": 195295000, "costOfRevenue": 47518000, "grossProfit": 147777000, "grossProfitRatio": 0.7566860391, "researchAndDevelopmentExpenses": 0, "generalAndAdministrativeExpenses": 77065000, "sellingAndMarketingExpenses": 0, "sellingGeneralAndAdministrativeExpenses": 77065000, "otherExpenses": 0, "operatingExpenses": 77065000, "costAndExpenses": 124583000, "interestIncome": 0, "interestExpense": -62058000, "depreciationAndAmortization": 111215000, "ebitda": -17895000, "ebitdaratio": -0.0916306101, "operatingIncome": -129110000, "operatingIncomeRatio": -0.6611024348, "totalOtherIncomeExpensesNet": -69840000, "incomeBeforeTax": -198950000, "incomeBeforeTaxRatio": -1.0187152769, "incomeTaxExpense": 0, "netIncome": -198950000, "netIncomeRatio": -1.0187152769, "eps": -0.0831, "epsdiluted": -0.0831, "weightedAverageShsOut": 29845357, "weightedAverageShsOutDil": 30301499, "link": "https://www.sec.gov/Archives/edgar/data/1509589/000150958918000004/0001509589-18-000004-index.htm", "finalLink": "https://www.sec.gov/Archives/edgar/data/1509589/000150958918000004/bcei2017123110-k.htm", "calculatedOtherExpenses": 199822000, "calculatedOperatingExpenses": 276887000, "calculatedNetInterest": 62058000, "calculatedOtherIncome": -131898000, "calculatedIncomeNonControlling": 0, "calculatedEbitda": -17895000}, {"date": "2016-12-31", "symbol": "CIVI", "reportedCurrency": "USD", "cik": "0001509589", "fillingDate": "2017-03-16", "acceptedDate": "2017-03-15 18:37:23", "calendarYear": "2016", "period": "FY", "revenue": 195295000, "costOfRevenue": 183016000, "grossProfit": 12279000, "grossProfitRatio": 0.0628741135, "researchAndDevelopmentExpenses": 0, "generalAndAdministrativeExpenses": 77065000, "sellingAndMarketingExpenses": 0, "sellingGeneralAndAdministrativeExpenses": 77065000, "otherExpenses": -2548000, "operatingExpenses": 85697000, "costAndExpenses": 268713000, "interestIncome": 0, "interestExpense": 62058000, "depreciationAndAmortization": 111215000, "ebitda": 35249000, "ebitdaratio": 0.180491052, "operatingIncome": -136892000, "operatingIncomeRatio": -0.7009498451, "totalOtherIncomeExpensesNet": -63474000, "incomeBeforeTax": -198950000, "incomeBeforeTaxRatio": -1.0187152769, "incomeTaxExpense": 62058000, "netIncome": -198950000, "netIncomeRatio": -1.0187152769, "eps": -450.61, "epsdiluted": -450.82, "weightedAverageShsOut": 441309, "weightedAverageShsOutDil": 441515, "link": "https://www.sec.gov/Archives/edgar/data/1509589/000150958917000005/0001509589-17-000005-index.htm", "finalLink": "https://www.sec.gov/Archives/edgar/data/1509589/000150958917000005/bcei2016123110-k.htm", "calculatedOtherExpenses": 72106000, "calculatedOperatingExpenses": 149171000, "calculatedNetInterest": -62058000, "calculatedOtherIncome": 0, "calculatedIncomeNonControlling": -62058000, "calculatedEbitda": -25677000}, {"date": "2015-12-31", "symbol": "CIVI", "reportedCurrency": "USD", "cik": "0001509589", "fillingDate": "2016-02-29", "acceptedDate": "2016-02-29 16:13:00", "calendarYear": "2015", "period": "FY", "revenue": 292679000, "costOfRevenue": 339956000, "grossProfit": -47277000, "grossProfitRatio": -0.1615319172, "researchAndDevelopmentExpenses": 0, "generalAndAdministrativeExpenses": 70319000, "sellingAndMarketingExpenses": 0, "sellingGeneralAndAdministrativeExpenses": 70319000, "otherExpenses": -2503000, "operatingExpenses": 86146000, "costAndExpenses": 426102000, "interestIncome": 0, "interestExpense": 57052000, "depreciationAndAmortization": 244921000, "ebitda": 108995000, "ebitdaratio": 0.3724045798, "operatingIncome": -853389000, "operatingIncomeRatio": -2.9157848701, "totalOtherIncomeExpensesNet": -719966000, "incomeBeforeTax": -910441000, "incomeBeforeTaxRatio": -3.1107151521, "incomeTaxExpense": -164894000, "netIncome": -745547000, "netIncomeRatio": -2.5473197599, "eps": -1737.78, "epsdiluted": -1737.78, "weightedAverageShsOut": 429022, "weightedAverageShsOutDil": 429023, "link": "https://www.sec.gov/Archives/edgar/data/1509589/000150958916000016/0001509589-16-000016-index.htm", "finalLink": "https://www.sec.gov/Archives/edgar/data/1509589/000150958916000016/bcei2015123110-k.htm", "calculatedOtherExpenses": 735793000, "calculatedOperatingExpenses": 806112000, "calculatedNetInterest": -57052000, "calculatedOtherIncome": 0, "calculatedIncomeNonControlling": 0, "calculatedEbitda": -608468000}, {"date": "2014-12-31", "symbol": "CIVI", "reportedCurrency": "USD", "cik": "0001509589", "fillingDate": "2015-02-27", "acceptedDate": "2015-02-27 09:36:59", "calendarYear": "2014", "period": "FY", "revenue": 558633000, "costOfRevenue": 167592000, "grossProfit": 391041000, "grossProfitRatio": 0.6999962408, "researchAndDevelopmentExpenses": 0, "generalAndAdministrativeExpenses": 81571000, "sellingAndMarketingExpenses": 0, "sellingGeneralAndAdministrativeExpenses": 81571000, "otherExpenses": 0, "operatingExpenses": 81571000, "costAndExpenses": 249163000, "interestIncome": 0, "interestExpense": -46447000, "depreciationAndAmortization": 228789000, "ebitda": 202476000, "ebitdaratio": 0.3624490497, "operatingIncome": -47506000, "operatingIncomeRatio": -0.0850397309, "totalOtherIncomeExpensesNet": 75513000, "incomeBeforeTax": 28007000, "incomeBeforeTaxRatio": 0.0501348828, "incomeTaxExpense": -149000, "netIncome": 20283000, "netIncomeRatio": 0.0363082739, "eps": 46.16, "epsdiluted": 45.75, "weightedAverageShsOut": 361059, "weightedAverageShsOutDil": 362940, "link": "https://www.sec.gov/Archives/edgar/data/1509589/000155837015000218/0001558370-15-000218-index.htm", "finalLink": "https://www.sec.gov/Archives/edgar/data/1509589/000155837015000218/bcei-20141231x10k.htm", "calculatedOtherExpenses": 356976000, "calculatedOperatingExpenses": 438547000, "calculatedNetInterest": 46447000, "calculatedOtherIncome": 29066000, "calculatedIncomeNonControlling": 7873000, "calculatedEbitda": 181283000}, {"date": "2013-12-31", "symbol": "CIVI", "reportedCurrency": "USD", "cik": "0001509589", "fillingDate": "2014-02-28", "acceptedDate": "2014-02-28 09:11:12", "calendarYear": "2013", "period": "FY", "revenue": 421860000, "costOfRevenue": 47771000, "grossProfit": 374089000, "grossProfitRatio": 0.8867610108, "researchAndDevelopmentExpenses": 0, "generalAndAdministrativeExpenses": 42864000, "sellingAndMarketingExpenses": 0, "sellingGeneralAndAdministrativeExpenses": 42864000, "otherExpenses": 184230000, "operatingExpenses": 227094000, "costAndExpenses": 274865000, "interestIncome": 0, "interestExpense": -21972000, "depreciationAndAmortization": 140176000, "ebitda": 230712000, "ebitdaratio": 0.5468923339, "operatingIncome": 146995000, "operatingIncomeRatio": 0.3484449817, "totalOtherIncomeExpensesNet": -34487000, "incomeBeforeTax": 112508000, "incomeBeforeTaxRatio": 0.2666951121, "incomeTaxExpense": -42926000, "netIncome": 155434000, "netIncomeRatio": 0.3684492486, "eps": 192.67, "epsdiluted": 191.93, "weightedAverageShsOut": 353110, "weightedAverageShsOutDil": 353869, "link": "https://www.sec.gov/Archives/edgar/data/1509589/000104746914001539/0001047469-14-001539-index.htm", "finalLink": "https://www.sec.gov/Archives/edgar/data/1509589/000104746914001539/a2218561z10-k.htm", "calculatedOtherExpenses": 184230000, "calculatedOperatingExpenses": 227094000, "calculatedNetInterest": 21972000, "calculatedOtherIncome": -56459000, "calculatedIncomeNonControlling": 0, "calculatedEbitda": 287171000}, {"date": "2012-12-31", "symbol": "CIVI", "reportedCurrency": "USD", "cik": "0001509589", "fillingDate": "2013-03-15", "acceptedDate": "2013-03-15 06:15:32", "calendarYear": "2012", "period": "FY", "revenue": 231205000, "costOfRevenue": 31306000, "grossProfit": 199899000, "grossProfitRatio": 0.8645963539, "researchAndDevelopmentExpenses": 0, "generalAndAdministrativeExpenses": 26922000, "sellingAndMarketingExpenses": 0, "sellingGeneralAndAdministrativeExpenses": 26922000, "otherExpenses": 95074000, "operatingExpenses": 121996000, "costAndExpenses": 153302000, "interestIncome": 0, "interestExpense": -4133000, "depreciationAndAmortization": 66202000, "ebitda": 136631000, "ebitdaratio": 0.5909517528, "operatingIncome": 77903000, "operatingIncomeRatio": 0.3369434052, "totalOtherIncomeExpensesNet": -3341000, "incomeBeforeTax": 74562000, "incomeBeforeTaxRatio": 0.3224930257, "incomeTaxExpense": -29991000, "netIncome": 104553000, "netIncomeRatio": 0.4522090785, "eps": 124.9, "epsdiluted": 124.9, "weightedAverageShsOut": 349964, "weightedAverageShsOutDil": 349964, "link": "https://www.sec.gov/Archives/edgar/data/1509589/000104746913002777/0001047469-13-002777-index.htm", "finalLink": "https://www.sec.gov/Archives/edgar/data/1509589/000104746913002777/a2213459z10-k.htm", "calculatedOtherExpenses": 95074000, "calculatedOperatingExpenses": 121996000, "calculatedNetInterest": 4133000, "calculatedOtherIncome": -7474000, "calculatedIncomeNonControlling": 0, "calculatedEbitda": 144105000}, {"date": "2011-12-31", "symbol": "CIVI", "reportedCurrency": "USD", "cik": "0001509589", "fillingDate": "2012-03-22", "acceptedDate": "2012-03-22 09:27:09", "calendarYear": "2011", "period": "FY", "revenue": 64031000, "costOfRevenue": 17285000, "grossProfit": 46746000, "grossProfitRatio": 0.7300526308, "researchAndDevelopmentExpenses": 0, "generalAndAdministrativeExpenses": 9338000, "sellingAndMarketingExpenses": 0, "sellingGeneralAndAdministrativeExpenses": 9338000, "otherExpenses": 26199000, "operatingExpenses": 35537000, "costAndExpenses": 52822000, "interestIncome": 0, "interestExpense": -1263000, "depreciationAndAmortization": 20917000, "ebitda": 29698000, "ebitdaratio": 0.4638065937, "operatingIncome": 11209000, "operatingIncomeRatio": 0.1750558323, "totalOtherIncomeExpensesNet": -1165000, "incomeBeforeTax": 10044000, "incomeBeforeTaxRatio": 0.1568615202, "incomeTaxExpense": -3696000, "netIncome": 13740000, "netIncomeRatio": 0.2145835611, "eps": 0.22, "epsdiluted": 0.22, "weightedAverageShsOut": 397880, "weightedAverageShsOutDil": 397880, "link": "https://www.sec.gov/Archives/edgar/data/1509589/000104746912003080/0001047469-12-003080-index.htm", "finalLink": "https://www.sec.gov/Archives/edgar/data/1509589/000104746912003080/a2208047z10-k.htm", "calculatedOtherExpenses": 26199000, "calculatedOperatingExpenses": 35537000, "calculatedNetInterest": 1263000, "calculatedOtherIncome": -2428000, "calculatedIncomeNonControlling": 0, "calculatedEbitda": 32126000}]}