{"originalCurrency": "USD", "convertedCurrency": "USD", "report": [{"date": "2023-12-31", "symbol": "CL", "reportedCurrency": "USD", "cik": "0000021665", "fillingDate": "2024-02-15", "acceptedDate": "2024-02-15 16:03:27", "calendarYear": "2023", "period": "FY", "revenue": 19457000000, "costOfRevenue": 8206000000, "grossProfit": 11251000000, "grossProfitRatio": 0.5782494732, "researchAndDevelopmentExpenses": 343000000, "generalAndAdministrativeExpenses": 4406000000, "sellingAndMarketingExpenses": 2371000000, "sellingGeneralAndAdministrativeExpenses": 6777000000, "otherExpenses": -442000000, "operatingExpenses": 7120000000, "costAndExpenses": 15326000000, "interestIncome": 55000000, "interestExpense": 299000000, "depreciationAndAmortization": 567000000, "ebitda": 4698000000, "ebitdaratio": 0.2414555173, "operatingIncome": 4131000000, "operatingIncomeRatio": 0.2123143342, "totalOtherIncomeExpensesNet": -739000000, "incomeBeforeTax": 3392000000, "incomeBeforeTaxRatio": 0.1743331449, "incomeTaxExpense": 937000000, "netIncome": 2300000000, "netIncomeRatio": 0.1182093848, "eps": 2.78, "epsdiluted": 2.77, "weightedAverageShsOut": 827400000, "weightedAverageShsOutDil": 829200000, "link": "https://www.sec.gov/Archives/edgar/data/21665/000002166524000003/0000021665-24-000003-index.htm", "finalLink": "https://www.sec.gov/Archives/edgar/data/21665/000002166524000003/cl-20231231.htm", "calculatedOtherExpenses": 0, "calculatedOperatingExpenses": 7120000000, "calculatedNetInterest": -244000000, "calculatedOtherIncome": -495000000, "calculatedIncomeNonControlling": 155000000, "calculatedEbitda": 4698000000}, {"date": "2022-12-31", "symbol": "CL", "reportedCurrency": "USD", "cik": "0000021665", "fillingDate": "2023-02-16", "acceptedDate": "2023-02-16 16:17:09", "calendarYear": "2022", "period": "FY", "revenue": 17967000000, "costOfRevenue": 7719000000, "grossProfit": 10248000000, "grossProfitRatio": 0.5703790282, "researchAndDevelopmentExpenses": 320000000, "generalAndAdministrativeExpenses": 4568000000, "sellingAndMarketingExpenses": 1997000000, "sellingGeneralAndAdministrativeExpenses": 6565000000, "otherExpenses": 69000000, "operatingExpenses": 6634000000, "costAndExpenses": 14353000000, "interestIncome": 14000000, "interestExpense": 167000000, "depreciationAndAmortization": 545000000, "ebitda": 4880000000, "ebitdaratio": 0.2716090611, "operatingIncome": 4335000000, "operatingIncomeRatio": 0.2412756721, "totalOtherIncomeExpensesNet": -1675000000, "incomeBeforeTax": 2660000000, "incomeBeforeTaxRatio": 0.1480492013, "incomeTaxExpense": 693000000, "netIncome": 1785000000, "netIncomeRatio": 0.0993488061, "eps": 2.13, "epsdiluted": 2.13, "weightedAverageShsOut": 836400000, "weightedAverageShsOutDil": 838800000, "link": "https://www.sec.gov/Archives/edgar/data/21665/000002166523000007/0000021665-23-000007-index.htm", "finalLink": "https://www.sec.gov/Archives/edgar/data/21665/000002166523000007/cl-20221231.htm", "calculatedOtherExpenses": -972000000, "calculatedOperatingExpenses": 5913000000, "calculatedNetInterest": -153000000, "calculatedOtherIncome": -1522000000, "calculatedIncomeNonControlling": 182000000, "calculatedEbitda": 4880000000}, {"date": "2021-12-31", "symbol": "CL", "reportedCurrency": "USD", "cik": "0000021665", "fillingDate": "2022-02-17", "acceptedDate": "2022-02-17 16:17:32", "calendarYear": "2021", "period": "FY", "revenue": 17421000000, "costOfRevenue": 7046000000, "grossProfit": 10375000000, "grossProfitRatio": 0.5955456059, "researchAndDevelopmentExpenses": 307000000, "generalAndAdministrativeExpenses": 4410000000, "sellingAndMarketingExpenses": 1997000000, "sellingGeneralAndAdministrativeExpenses": 6407000000, "otherExpenses": 65000000, "operatingExpenses": 6472000000, "costAndExpenses": 13518000000, "interestIncome": 17000000, "interestExpense": 192000000, "depreciationAndAmortization": 556000000, "ebitda": 5030000000, "ebitdaratio": 0.2887319901, "operatingIncome": 4474000000, "operatingIncomeRatio": 0.2568164859, "totalOtherIncomeExpensesNet": -1387000000, "incomeBeforeTax": 3087000000, "incomeBeforeTaxRatio": 0.1771999311, "incomeTaxExpense": 749000000, "netIncome": 2166000000, "netIncomeRatio": 0.1243327019, "eps": 2.56, "epsdiluted": 2.55, "weightedAverageShsOut": 845000000, "weightedAverageShsOutDil": 848300000, "link": "https://www.sec.gov/Archives/edgar/data/21665/000002166522000003/0000021665-22-000003-index.htm", "finalLink": "https://www.sec.gov/Archives/edgar/data/21665/000002166522000003/cl-20211231.htm", "calculatedOtherExpenses": -813000000, "calculatedOperatingExpenses": 5901000000, "calculatedNetInterest": -175000000, "calculatedOtherIncome": -1212000000, "calculatedIncomeNonControlling": 172000000, "calculatedEbitda": 5030000000}, {"date": "2020-12-31", "symbol": "CL", "reportedCurrency": "USD", "cik": "0000021665", "fillingDate": "2021-02-18", "acceptedDate": "2021-02-18 16:10:54", "calendarYear": "2020", "period": "FY", "revenue": 16471000000, "costOfRevenue": 6454000000, "grossProfit": 10017000000, "grossProfitRatio": 0.608159796, "researchAndDevelopmentExpenses": 290000000, "generalAndAdministrativeExpenses": 4071000000, "sellingAndMarketingExpenses": 1948000000, "sellingGeneralAndAdministrativeExpenses": 6019000000, "otherExpenses": 113000000, "operatingExpenses": 6132000000, "costAndExpenses": 12586000000, "interestIncome": 19000000, "interestExpense": 183000000, "depreciationAndAmortization": 539000000, "ebitda": 4424000000, "ebitdaratio": 0.2685932852, "operatingIncome": 3885000000, "operatingIncomeRatio": 0.2358691033, "totalOtherIncomeExpensesNet": -238000000, "incomeBeforeTax": 3647000000, "incomeBeforeTaxRatio": 0.2214194645, "incomeTaxExpense": 787000000, "netIncome": 2695000000, "netIncomeRatio": 0.1636209095, "eps": 3.15, "epsdiluted": 3.14, "weightedAverageShsOut": 856800000, "weightedAverageShsOutDil": 859300000, "link": "https://www.sec.gov/Archives/edgar/data/21665/000002166521000007/0000021665-21-000007-index.htm", "finalLink": "https://www.sec.gov/Archives/edgar/data/21665/000002166521000007/cl-20201231.htm", "calculatedOtherExpenses": -177000000, "calculatedOperatingExpenses": 6132000000, "calculatedNetInterest": -164000000, "calculatedOtherIncome": -74000000, "calculatedIncomeNonControlling": 165000000, "calculatedEbitda": 4424000000}, {"date": "2019-12-31", "symbol": "CL", "reportedCurrency": "USD", "cik": "0000021665", "fillingDate": "2020-02-21", "acceptedDate": "2020-02-21 16:53:42", "calendarYear": "2019", "period": "FY", "revenue": 15693000000, "costOfRevenue": 6368000000, "grossProfit": 9325000000, "grossProfitRatio": 0.5942139808, "researchAndDevelopmentExpenses": 281000000, "generalAndAdministrativeExpenses": 3881000000, "sellingAndMarketingExpenses": 1694000000, "sellingGeneralAndAdministrativeExpenses": 5575000000, "otherExpenses": 196000000, "operatingExpenses": 5771000000, "costAndExpenses": 12139000000, "interestIncome": 47000000, "interestExpense": 192000000, "depreciationAndAmortization": 519000000, "ebitda": 4073000000, "ebitdaratio": 0.2595424712, "operatingIncome": 3554000000, "operatingIncomeRatio": 0.2264704008, "totalOtherIncomeExpensesNet": -253000000, "incomeBeforeTax": 3301000000, "incomeBeforeTaxRatio": 0.2103485631, "incomeTaxExpense": 774000000, "netIncome": 2367000000, "netIncomeRatio": 0.150831581, "eps": 2.76, "epsdiluted": 2.75, "weightedAverageShsOut": 859100000, "weightedAverageShsOutDil": 861100000, "link": "https://www.sec.gov/Archives/edgar/data/21665/000002166520000004/0000021665-20-000004-index.htm", "finalLink": "https://www.sec.gov/Archives/edgar/data/21665/000002166520000004/cl-12312019x10k.htm", "calculatedOtherExpenses": -85000000, "calculatedOperatingExpenses": 5771000000, "calculatedNetInterest": -145000000, "calculatedOtherIncome": -108000000, "calculatedIncomeNonControlling": 160000000, "calculatedEbitda": 4073000000}, {"date": "2018-12-31", "symbol": "CL", "reportedCurrency": "USD", "cik": "0000021665", "fillingDate": "2019-02-21", "acceptedDate": "2019-02-21 16:13:44", "calendarYear": "2018", "period": "FY", "revenue": 15544000000, "costOfRevenue": 6313000000, "grossProfit": 9231000000, "grossProfitRatio": 0.5938625836, "researchAndDevelopmentExpenses": 277000000, "generalAndAdministrativeExpenses": 5389000000, "sellingAndMarketingExpenses": 1590000000, "sellingGeneralAndAdministrativeExpenses": 5389000000, "otherExpenses": -87000000, "operatingExpenses": 5537000000, "costAndExpenses": 11850000000, "interestIncome": 50000000, "interestExpense": 193000000, "depreciationAndAmortization": 511000000, "ebitda": 4205000000, "ebitdaratio": 0.2705223881, "operatingIncome": 3694000000, "operatingIncomeRatio": 0.2376479671, "totalOtherIncomeExpensesNet": -87000000, "incomeBeforeTax": 3464000000, "incomeBeforeTaxRatio": 0.2228512609, "incomeTaxExpense": 906000000, "netIncome": 2400000000, "netIncomeRatio": 0.1544004117, "eps": 2.76, "epsdiluted": 2.75, "weightedAverageShsOut": 870600000, "weightedAverageShsOutDil": 873000000, "link": "https://www.sec.gov/Archives/edgar/data/21665/000002166519000003/0000021665-19-000003-index.htm", "finalLink": "https://www.sec.gov/Archives/edgar/data/21665/000002166519000003/cl-12312018x10k.htm", "calculatedOtherExpenses": -129000000, "calculatedOperatingExpenses": 5537000000, "calculatedNetInterest": -143000000, "calculatedOtherIncome": -87000000, "calculatedIncomeNonControlling": 158000000, "calculatedEbitda": 4205000000}, {"date": "2017-12-31", "symbol": "CL", "reportedCurrency": "USD", "cik": "0000021665", "fillingDate": "2018-02-15", "acceptedDate": "2018-02-15 14:33:07", "calendarYear": "2017", "period": "FY", "revenue": 15454000000, "costOfRevenue": 6174000000, "grossProfit": 9280000000, "grossProfitRatio": 0.6004917821, "researchAndDevelopmentExpenses": 285000000, "generalAndAdministrativeExpenses": 5497000000, "sellingAndMarketingExpenses": 1573000000, "sellingGeneralAndAdministrativeExpenses": 5497000000, "otherExpenses": 36000000, "operatingExpenses": 5691000000, "costAndExpenses": 11865000000, "interestIncome": 51000000, "interestExpense": 153000000, "depreciationAndAmortization": 475000000, "ebitda": 4064000000, "ebitdaratio": 0.2629739873, "operatingIncome": 3589000000, "operatingIncomeRatio": 0.2322376084, "totalOtherIncomeExpensesNet": -158000000, "incomeBeforeTax": 3487000000, "incomeBeforeTaxRatio": 0.2256373754, "incomeTaxExpense": 1313000000, "netIncome": 2024000000, "netIncomeRatio": 0.1309693283, "eps": 2.3, "epsdiluted": 2.28, "weightedAverageShsOut": 881800000, "weightedAverageShsOutDil": 887800000, "link": "https://www.sec.gov/Archives/edgar/data/21665/000002166518000003/0000021665-18-000003-index.htm", "finalLink": "https://www.sec.gov/Archives/edgar/data/21665/000002166518000003/cl-12312017x10k.htm", "calculatedOtherExpenses": -91000000, "calculatedOperatingExpenses": 5691000000, "calculatedNetInterest": -102000000, "calculatedOtherIncome": 0, "calculatedIncomeNonControlling": 150000000, "calculatedEbitda": 4064000000}, {"date": "2016-12-31", "symbol": "CL", "reportedCurrency": "USD", "cik": "0000021665", "fillingDate": "2017-02-23", "acceptedDate": "2017-02-23 16:08:16", "calendarYear": "2016", "period": "FY", "revenue": 15195000000, "costOfRevenue": 6072000000, "grossProfit": 9123000000, "grossProfitRatio": 0.6003948667, "researchAndDevelopmentExpenses": 289000000, "generalAndAdministrativeExpenses": 5249000000, "sellingAndMarketingExpenses": 1428000000, "sellingGeneralAndAdministrativeExpenses": 5249000000, "otherExpenses": 22000000, "operatingExpenses": 5271000000, "costAndExpenses": 11343000000, "interestIncome": 50000000, "interestExpense": 149000000, "depreciationAndAmortization": 443000000, "ebitda": 4355000000, "ebitdaratio": 0.2866074367, "operatingIncome": 3837000000, "operatingIncomeRatio": 0.2525172754, "totalOtherIncomeExpensesNet": -15000000, "incomeBeforeTax": 3738000000, "incomeBeforeTaxRatio": 0.2460019743, "incomeTaxExpense": 1152000000, "netIncome": 2441000000, "netIncomeRatio": 0.160644949, "eps": 2.74, "epsdiluted": 2.72, "weightedAverageShsOut": 891800000, "weightedAverageShsOutDil": 898400000, "link": "https://www.sec.gov/Archives/edgar/data/21665/000002166517000002/0000021665-17-000002-index.htm", "finalLink": "https://www.sec.gov/Archives/edgar/data/21665/000002166517000002/cl-12312016x10k.htm", "calculatedOtherExpenses": -252000000, "calculatedOperatingExpenses": 5286000000, "calculatedNetInterest": -99000000, "calculatedOtherIncome": 0, "calculatedIncomeNonControlling": 145000000, "calculatedEbitda": 4280000000}, {"date": "2015-12-31", "symbol": "CL", "reportedCurrency": "USD", "cik": "0000021665", "fillingDate": "2016-02-18", "acceptedDate": "2016-02-18 09:07:35", "calendarYear": "2015", "period": "FY", "revenue": 16034000000, "costOfRevenue": 6635000000, "grossProfit": 9399000000, "grossProfitRatio": 0.5861918423, "researchAndDevelopmentExpenses": 274000000, "generalAndAdministrativeExpenses": 5464000000, "sellingAndMarketingExpenses": 1491000000, "sellingGeneralAndAdministrativeExpenses": 5464000000, "otherExpenses": 39000000, "operatingExpenses": 5526000000, "costAndExpenses": 12161000000, "interestIncome": 107000000, "interestExpense": 133000000, "depreciationAndAmortization": 449000000, "ebitda": 5406000000, "ebitdaratio": 0.3371585381, "operatingIncome": 2789000000, "operatingIncomeRatio": 0.1739428714, "totalOtherIncomeExpensesNet": -1084000000, "incomeBeforeTax": 2763000000, "incomeBeforeTaxRatio": 0.1723213172, "incomeTaxExpense": 1215000000, "netIncome": 1384000000, "netIncomeRatio": 0.0863165773, "eps": 1.53, "epsdiluted": 1.52, "weightedAverageShsOut": 902200000, "weightedAverageShsOutDil": 909700000, "link": "https://www.sec.gov/Archives/edgar/data/21665/000162828016011343/0001628280-16-011343-index.htm", "finalLink": "https://www.sec.gov/Archives/edgar/data/21665/000162828016011343/cl-12312015x10k.htm", "calculatedOtherExpenses": 872000000, "calculatedOperatingExpenses": 6610000000, "calculatedNetInterest": -26000000, "calculatedOtherIncome": 0, "calculatedIncomeNonControlling": 164000000, "calculatedEbitda": 3238000000}, {"date": "2014-12-31", "symbol": "CL", "reportedCurrency": "USD", "cik": "0000021665", "fillingDate": "2015-02-19", "acceptedDate": "2015-02-19 14:54:41", "calendarYear": "2014", "period": "FY", "revenue": 17277000000, "costOfRevenue": 7168000000, "grossProfit": 10109000000, "grossProfitRatio": 0.5851131562, "researchAndDevelopmentExpenses": 277000000, "generalAndAdministrativeExpenses": 5982000000, "sellingAndMarketingExpenses": 1784000000, "sellingGeneralAndAdministrativeExpenses": 5982000000, "otherExpenses": 14000000, "operatingExpenses": 6552000000, "costAndExpenses": 13720000000, "interestIncome": 106000000, "interestExpense": 130000000, "depreciationAndAmortization": 442000000, "ebitda": 3999000000, "ebitdaratio": 0.2314637958, "operatingIncome": 3557000000, "operatingIncomeRatio": 0.2058806506, "totalOtherIncomeExpensesNet": -556000000, "incomeBeforeTax": 3533000000, "incomeBeforeTaxRatio": 0.2044915205, "incomeTaxExpense": 1194000000, "netIncome": 2180000000, "netIncomeRatio": 0.1261793135, "eps": 2.38, "epsdiluted": 2.36, "weightedAverageShsOut": 915100000, "weightedAverageShsOutDil": 924300000, "link": "https://www.sec.gov/Archives/edgar/data/21665/000162828015000846/0001628280-15-000846-index.htm", "finalLink": "https://www.sec.gov/Archives/edgar/data/21665/000162828015000846/cl-12312014x10k.htm", "calculatedOtherExpenses": 293000000, "calculatedOperatingExpenses": 6552000000, "calculatedNetInterest": -24000000, "calculatedOtherIncome": 0, "calculatedIncomeNonControlling": 159000000, "calculatedEbitda": 3999000000}, {"date": "2013-12-31", "symbol": "CL", "reportedCurrency": "USD", "cik": "0000021665", "fillingDate": "2014-02-20", "acceptedDate": "2014-02-20 16:21:46", "calendarYear": "2013", "period": "FY", "revenue": 17420000000, "costOfRevenue": 7219000000, "grossProfit": 10201000000, "grossProfitRatio": 0.5855912744, "researchAndDevelopmentExpenses": 267000000, "generalAndAdministrativeExpenses": 6223000000, "sellingAndMarketingExpenses": 1891000000, "sellingGeneralAndAdministrativeExpenses": 6223000000, "otherExpenses": 27000000, "operatingExpenses": 6645000000, "costAndExpenses": 13864000000, "interestIncome": 125000000, "interestExpense": 116000000, "depreciationAndAmortization": 439000000, "ebitda": 3995000000, "ebitdaratio": 0.2293340987, "operatingIncome": 3556000000, "operatingIncomeRatio": 0.2041331803, "totalOtherIncomeExpensesNet": -395000000, "incomeBeforeTax": 3565000000, "incomeBeforeTaxRatio": 0.2046498278, "incomeTaxExpense": 1155000000, "netIncome": 2241000000, "netIncomeRatio": 0.1286452354, "eps": 2.41, "epsdiluted": 2.38, "weightedAverageShsOut": 930800000, "weightedAverageShsOutDil": 939900000, "link": "https://www.sec.gov/Archives/edgar/data/21665/000154554714000003/0001545547-14-000003-index.htm", "finalLink": "https://www.sec.gov/Archives/edgar/data/21665/000154554714000003/cl-12312013x10k.htm", "calculatedOtherExpenses": 155000000, "calculatedOperatingExpenses": 6645000000, "calculatedNetInterest": 9000000, "calculatedOtherIncome": 0, "calculatedIncomeNonControlling": 169000000, "calculatedEbitda": 3995000000}, {"date": "2012-12-31", "symbol": "CL", "reportedCurrency": "USD", "cik": "0000021665", "fillingDate": "2013-02-21", "acceptedDate": "2013-02-21 15:51:04", "calendarYear": "2012", "period": "FY", "revenue": 17085000000, "costOfRevenue": 7153000000, "grossProfit": 9932000000, "grossProfitRatio": 0.5813286509, "researchAndDevelopmentExpenses": 259000000, "generalAndAdministrativeExpenses": 5930000000, "sellingAndMarketingExpenses": 1792000000, "sellingGeneralAndAdministrativeExpenses": 5930000000, "otherExpenses": 30000000, "operatingExpenses": 6043000000, "costAndExpenses": 13196000000, "interestIncome": 65000000, "interestExpense": 80000000, "depreciationAndAmortization": 425000000, "ebitda": 4314000000, "ebitdaratio": 0.2525021949, "operatingIncome": 3889000000, "operatingIncomeRatio": 0.227626573, "totalOtherIncomeExpensesNet": -83000000, "incomeBeforeTax": 3874000000, "incomeBeforeTaxRatio": 0.2267486099, "incomeTaxExpense": 1243000000, "netIncome": 2472000000, "netIncomeRatio": 0.1446883231, "eps": 2.6, "epsdiluted": 2.58, "weightedAverageShsOut": 952200000, "weightedAverageShsOutDil": 960200000, "link": "https://www.sec.gov/Archives/edgar/data/21665/000144530513000275/0001445305-13-000275-index.htm", "finalLink": "https://www.sec.gov/Archives/edgar/data/21665/000144530513000275/cl-12312012x10k.htm", "calculatedOtherExpenses": -146000000, "calculatedOperatingExpenses": 6043000000, "calculatedNetInterest": -15000000, "calculatedOtherIncome": 0, "calculatedIncomeNonControlling": 159000000, "calculatedEbitda": 4314000000}, {"date": "2011-12-31", "symbol": "CL", "reportedCurrency": "USD", "cik": "0000021665", "fillingDate": "2012-02-23", "acceptedDate": "2012-02-23 12:25:08", "calendarYear": "2011", "period": "FY", "revenue": 16734000000, "costOfRevenue": 7144000000, "grossProfit": 9590000000, "grossProfitRatio": 0.5730847377, "researchAndDevelopmentExpenses": 0, "generalAndAdministrativeExpenses": 5758000000, "sellingAndMarketingExpenses": 0, "sellingGeneralAndAdministrativeExpenses": 5758000000, "otherExpenses": -9000000, "operatingExpenses": 5749000000, "costAndExpenses": 12893000000, "interestIncome": 7000000, "interestExpense": 59000000, "depreciationAndAmortization": 421000000, "ebitda": 4262000000, "ebitdaratio": 0.2546910482, "operatingIncome": 3841000000, "operatingIncomeRatio": 0.2295326879, "totalOtherIncomeExpensesNet": -52000000, "incomeBeforeTax": 3789000000, "incomeBeforeTaxRatio": 0.226425242, "incomeTaxExpense": 1235000000, "netIncome": 2431000000, "netIncomeRatio": 0.1452730967, "eps": 2.49, "epsdiluted": 2.47, "weightedAverageShsOut": 976600000, "weightedAverageShsOutDil": 984000000, "link": "https://www.sec.gov/Archives/edgar/data/21665/000144530512000409/0001445305-12-000409-index.htm", "finalLink": "https://www.sec.gov/Archives/edgar/data/21665/000144530512000409/cl-12312011x10k.htm", "calculatedOtherExpenses": -9000000, "calculatedOperatingExpenses": 5749000000, "calculatedNetInterest": -52000000, "calculatedOtherIncome": 0, "calculatedIncomeNonControlling": 123000000, "calculatedEbitda": 4262000000}, {"date": "2010-12-31", "symbol": "CL", "reportedCurrency": "USD", "cik": "0000021665", "fillingDate": "2011-02-24", "acceptedDate": "2011-02-24 15:10:51", "calendarYear": "2010", "period": "FY", "revenue": 15564000000, "costOfRevenue": 6360000000, "grossProfit": 9204000000, "grossProfitRatio": 0.5913646877, "researchAndDevelopmentExpenses": 0, "generalAndAdministrativeExpenses": 5414000000, "sellingAndMarketingExpenses": 0, "sellingGeneralAndAdministrativeExpenses": 5414000000, "otherExpenses": 301000000, "operatingExpenses": 5414000000, "costAndExpenses": 11774000000, "interestIncome": 6000000, "interestExpense": 59000000, "depreciationAndAmortization": 376000000, "ebitda": 4166000000, "ebitdaratio": 0.2676689797, "operatingIncome": 3790000000, "operatingIncomeRatio": 0.2435106656, "totalOtherIncomeExpensesNet": -301000000, "incomeBeforeTax": 3430000000, "incomeBeforeTaxRatio": 0.2203803649, "incomeTaxExpense": 1117000000, "netIncome": 2203000000, "netIncomeRatio": 0.1415445901, "eps": 2.23, "epsdiluted": 2.15, "weightedAverageShsOut": 975600000, "weightedAverageShsOutDil": 1021800000, "link": "https://www.sec.gov/Archives/edgar/data/21665/000114036111011883/0001140361-11-011883-index.htm", "finalLink": "https://www.sec.gov/Archives/edgar/data/21665/000114036111011883/form10k.htm", "calculatedOtherExpenses": 0, "calculatedOperatingExpenses": 5414000000, "calculatedNetInterest": -53000000, "calculatedOtherIncome": -307000000, "calculatedIncomeNonControlling": 110000000, "calculatedEbitda": 4166000000}, {"date": "2009-12-31", "symbol": "CL", "reportedCurrency": "USD", "cik": "0000021665", "fillingDate": "2010-02-25", "acceptedDate": "2010-02-25 17:18:01", "calendarYear": "2009", "period": "FY", "revenue": 15327000000, "costOfRevenue": 6319000000, "grossProfit": 9008000000, "grossProfitRatio": 0.5877210152, "researchAndDevelopmentExpenses": 0, "generalAndAdministrativeExpenses": 5282000000, "sellingAndMarketingExpenses": 0, "sellingGeneralAndAdministrativeExpenses": 5282000000, "otherExpenses": 111000000, "operatingExpenses": 5393000000, "costAndExpenses": 11712000000, "interestIncome": 11000000, "interestExpense": 77000000, "depreciationAndAmortization": 351000000, "ebitda": 3966000000, "ebitdaratio": 0.2587590527, "operatingIncome": 3615000000, "operatingIncomeRatio": 0.2358582893, "totalOtherIncomeExpensesNet": -77000000, "incomeBeforeTax": 3538000000, "incomeBeforeTaxRatio": 0.2308344751, "incomeTaxExpense": 1141000000, "netIncome": 2291000000, "netIncomeRatio": 0.1494747831, "eps": 2.27, "epsdiluted": 2.19, "weightedAverageShsOut": 999000000, "weightedAverageShsOutDil": 1049200000, "link": "https://www.sec.gov/Archives/edgar/data/21665/000114036110008522/0001140361-10-008522-index.htm", "finalLink": "https://www.sec.gov/Archives/edgar/data/21665/000114036110008522/form10k.htm", "calculatedOtherExpenses": 111000000, "calculatedOperatingExpenses": 5393000000, "calculatedNetInterest": -66000000, "calculatedOtherIncome": -11000000, "calculatedIncomeNonControlling": 106000000, "calculatedEbitda": 3966000000}, {"date": "2008-12-31", "symbol": "CL", "reportedCurrency": "USD", "cik": "0000021665", "fillingDate": "2009-02-27", "acceptedDate": "2009-02-27 16:30:47", "calendarYear": "2008", "period": "FY", "revenue": 15329900000, "costOfRevenue": 6703500000, "grossProfit": 8626400000, "grossProfitRatio": 0.5627173041, "researchAndDevelopmentExpenses": 0, "generalAndAdministrativeExpenses": 5422300000, "sellingAndMarketingExpenses": 0, "sellingGeneralAndAdministrativeExpenses": 5422300000, "otherExpenses": 183400000, "operatingExpenses": 5605700000, "costAndExpenses": 12309200000, "interestIncome": 10000000, "interestExpense": 105600000, "depreciationAndAmortization": 347600000, "ebitda": 3368300000, "ebitdaratio": 0.2197209375, "operatingIncome": 3020700000, "operatingIncomeRatio": 0.1970462951, "totalOtherIncomeExpensesNet": -95600000, "incomeBeforeTax": 2925100000, "incomeBeforeTaxRatio": 0.1908101162, "incomeTaxExpense": 967900000, "netIncome": 1957200000, "netIncomeRatio": 0.1276720657, "eps": 1.91, "epsdiluted": 1.83, "weightedAverageShsOut": 1012600000, "weightedAverageShsOutDil": 1070000000, "link": "https://www.sec.gov/Archives/edgar/data/21665/000119312509041029/0001193125-09-041029-index.htm", "finalLink": "https://www.sec.gov/Archives/edgar/data/21665/000119312509041029/d10k.htm", "calculatedOtherExpenses": 183400000, "calculatedOperatingExpenses": 5605700000, "calculatedNetInterest": -95600000, "calculatedOtherIncome": 0, "calculatedIncomeNonControlling": 0, "calculatedEbitda": 3368300000}, {"date": "2007-12-31", "symbol": "CL", "reportedCurrency": "USD", "cik": "0000021665", "fillingDate": "2008-02-28", "acceptedDate": "2008-02-28 14:37:24", "calendarYear": "2007", "period": "FY", "revenue": 13789700000, "costOfRevenue": 6042300000, "grossProfit": 7747400000, "grossProfitRatio": 0.5618251304, "researchAndDevelopmentExpenses": 0, "generalAndAdministrativeExpenses": 4973000000, "sellingAndMarketingExpenses": 0, "sellingGeneralAndAdministrativeExpenses": 4973000000, "otherExpenses": 65700000, "operatingExpenses": 5038700000, "costAndExpenses": 11081000000, "interestIncome": 0, "interestExpense": 0, "depreciationAndAmortization": 333900000, "ebitda": 3082300000, "ebitdaratio": 0.223521904, "operatingIncome": 2653100000, "operatingIncomeRatio": 0.192397224, "totalOtherIncomeExpensesNet": -36000000, "incomeBeforeTax": 2496500000, "incomeBeforeTaxRatio": 0.1810409218, "incomeTaxExpense": 759100000, "netIncome": 1737400000, "netIncomeRatio": 0.1259925887, "eps": 1.68, "epsdiluted": 1.6, "weightedAverageShsOut": 1020537313, "weightedAverageShsOutDil": 1068375000, "link": "https://www.sec.gov/Archives/edgar/data/21665/000119312508041526/0001193125-08-041526-index.htm", "finalLink": "https://www.sec.gov/Archives/edgar/data/21665/000119312508041526/d10k.htm", "calculatedOtherExpenses": 121300000, "calculatedOperatingExpenses": 5094300000, "calculatedNetInterest": 0, "calculatedOtherIncome": -156600000, "calculatedIncomeNonControlling": 0, "calculatedEbitda": 2987000000}, {"date": "2006-12-31", "symbol": "CL", "reportedCurrency": "USD", "cik": "0000021665", "fillingDate": "2007-02-23", "acceptedDate": "2007-02-23 14:08:28", "calendarYear": "2006", "period": "FY", "revenue": 12237700000, "costOfRevenue": 5536100000, "grossProfit": 6701600000, "grossProfitRatio": 0.5476192422, "researchAndDevelopmentExpenses": 0, "generalAndAdministrativeExpenses": 4355200000, "sellingAndMarketingExpenses": 0, "sellingGeneralAndAdministrativeExpenses": 4355200000, "otherExpenses": 32800000, "operatingExpenses": 4388000000, "costAndExpenses": 9924100000, "interestIncome": 0, "interestExpense": 0, "depreciationAndAmortization": 328700000, "ebitda": 2757800000, "ebitdaratio": 0.2253528032, "operatingIncome": 2160500000, "operatingIncomeRatio": 0.1765446121, "totalOtherIncomeExpensesNet": -112100000, "incomeBeforeTax": 2001800000, "incomeBeforeTaxRatio": 0.163576489, "incomeTaxExpense": 648400000, "netIncome": 1353400000, "netIncomeRatio": 0.1105926767, "eps": 1.29, "epsdiluted": 1.23, "weightedAverageShsOut": 1030894942, "weightedAverageShsOutDil": 1076991870, "link": "https://www.sec.gov/Archives/edgar/data/21665/000119312507038190/0001193125-07-038190-index.htm", "finalLink": "https://www.sec.gov/Archives/edgar/data/21665/000119312507038190/d10k.htm", "calculatedOtherExpenses": 185900000, "calculatedOperatingExpenses": 4541100000, "calculatedNetInterest": 0, "calculatedOtherIncome": -158700000, "calculatedIncomeNonControlling": 0, "calculatedEbitda": 2489200000}, {"date": "2005-12-31", "symbol": "CL", "reportedCurrency": "USD", "cik": "0000021665", "fillingDate": "2006-02-24", "acceptedDate": "2006-02-24 16:27:11", "calendarYear": "2005", "period": "FY", "revenue": 11396900000, "costOfRevenue": 5191900000, "grossProfit": 6205000000, "grossProfitRatio": 0.5444462968, "researchAndDevelopmentExpenses": 0, "generalAndAdministrativeExpenses": 3920800000, "sellingAndMarketingExpenses": 0, "sellingGeneralAndAdministrativeExpenses": 3920800000, "otherExpenses": 69200000, "operatingExpenses": 3990000000, "costAndExpenses": 9181900000, "interestIncome": 0, "interestExpense": 0, "depreciationAndAmortization": 329300000, "ebitda": 2613500000, "ebitdaratio": 0.229316744, "operatingIncome": 2215000000, "operatingIncomeRatio": 0.1943510955, "totalOtherIncomeExpensesNet": -69200000, "incomeBeforeTax": 2079000000, "incomeBeforeTaxRatio": 0.182418026, "incomeTaxExpense": 727600000, "netIncome": 1351400000, "netIncomeRatio": 0.118576104, "eps": 1.27, "epsdiluted": 1.22, "weightedAverageShsOut": 1041889764, "weightedAverageShsOutDil": 1089053498, "link": "https://www.sec.gov/Archives/edgar/data/21665/000119312506038891/0001193125-06-038891-index.htm", "finalLink": "https://www.sec.gov/Archives/edgar/data/21665/000119312506038891/d10k.htm", "calculatedOtherExpenses": 69200000, "calculatedOperatingExpenses": 3990000000, "calculatedNetInterest": 0, "calculatedOtherIncome": -136000000, "calculatedIncomeNonControlling": 0, "calculatedEbitda": 2544300000}, {"date": "2004-12-31", "symbol": "CL", "reportedCurrency": "USD", "cik": "0000021665", "fillingDate": "2005-02-25", "acceptedDate": "2005-02-25 14:33:44", "calendarYear": "2004", "period": "FY", "revenue": 10584200000, "costOfRevenue": 4747200000, "grossProfit": 5837000000, "grossProfitRatio": 0.5514823983, "researchAndDevelopmentExpenses": 229200000, "generalAndAdministrativeExpenses": 2332400000, "sellingAndMarketingExpenses": 1063000000, "sellingGeneralAndAdministrativeExpenses": 3395400000, "otherExpenses": 22200000, "operatingExpenses": 3646800000, "costAndExpenses": 8394000000, "interestIncome": 0, "interestExpense": 0, "depreciationAndAmortization": 327800000, "ebitda": 2554600000, "ebitdaratio": 0.2413597627, "operatingIncome": 2122100000, "operatingIncomeRatio": 0.2004969672, "totalOtherIncomeExpensesNet": -28100000, "incomeBeforeTax": 2002400000, "incomeBeforeTaxRatio": 0.1891876571, "incomeTaxExpense": 675300000, "netIncome": 1327100000, "netIncomeRatio": 0.1253850078, "eps": 1.23, "epsdiluted": 1.17, "weightedAverageShsOut": 1062204082, "weightedAverageShsOutDil": 1116909871, "link": "https://www.sec.gov/Archives/edgar/data/21665/000119312505037145/0001193125-05-037145-index.htm", "finalLink": "https://www.sec.gov/Archives/edgar/data/21665/000119312505037145/d10k.htm", "calculatedOtherExpenses": 90300000, "calculatedOperatingExpenses": 3714900000, "calculatedNetInterest": 0, "calculatedOtherIncome": -119700000, "calculatedIncomeNonControlling": 0, "calculatedEbitda": 2449900000}, {"date": "2003-12-31", "symbol": "CL", "reportedCurrency": "USD", "cik": "0000021665", "fillingDate": "2004-03-12", "acceptedDate": "2004-03-12 15:27:47", "calendarYear": "2003", "period": "FY", "revenue": 9903400000, "costOfRevenue": 4456100000, "grossProfit": 5447300000, "grossProfitRatio": 0.5500434194, "researchAndDevelopmentExpenses": 0, "generalAndAdministrativeExpenses": 3296300000, "sellingAndMarketingExpenses": 0, "sellingGeneralAndAdministrativeExpenses": 3296300000, "otherExpenses": -74300000, "operatingExpenses": 3222000000, "costAndExpenses": 7678100000, "interestIncome": 0, "interestExpense": 0, "depreciationAndAmortization": 315500000, "ebitda": 2468600000, "ebitdaratio": 0.2492679282, "operatingIncome": 2166000000, "operatingIncomeRatio": 0.2187127653, "totalOtherIncomeExpensesNet": 72500000, "incomeBeforeTax": 2041900000, "incomeBeforeTaxRatio": 0.2061817154, "incomeTaxExpense": 620600000, "netIncome": 1421300000, "netIncomeRatio": 0.1435163681, "eps": 1.3, "epsdiluted": 1.23, "weightedAverageShsOut": 1073538462, "weightedAverageShsOutDil": 1134634146, "link": "https://www.sec.gov/Archives/edgar/data/21665/000119312504040431/0001193125-04-040431-index.htm", "finalLink": "https://www.sec.gov/Archives/edgar/data/21665/000119312504040431/d10k.htm", "calculatedOtherExpenses": -15000000, "calculatedOperatingExpenses": 3281300000, "calculatedNetInterest": 0, "calculatedOtherIncome": -124100000, "calculatedIncomeNonControlling": 0, "calculatedEbitda": 2481500000}, {"date": "2002-12-31", "symbol": "CL", "reportedCurrency": "USD", "cik": "0000021665", "fillingDate": "2003-03-24", "acceptedDate": "2003-03-24 15:48:28", "calendarYear": "2002", "period": "FY", "revenue": 9294300000, "costOfRevenue": 4224200000, "grossProfit": 5070100000, "grossProfitRatio": 0.5455063856, "researchAndDevelopmentExpenses": 0, "generalAndAdministrativeExpenses": 3034000000, "sellingAndMarketingExpenses": 0, "sellingGeneralAndAdministrativeExpenses": 3034000000, "otherExpenses": 23000000, "operatingExpenses": 3057000000, "costAndExpenses": 7281200000, "interestIncome": 0, "interestExpense": 0, "depreciationAndAmortization": 296500000, "ebitda": 2278800000, "ebitdaratio": 0.2451825312, "operatingIncome": 2013100000, "operatingIncomeRatio": 0.2165951174, "totalOtherIncomeExpensesNet": 30800000, "incomeBeforeTax": 1870300000, "incomeBeforeTaxRatio": 0.2012308619, "incomeTaxExpense": 582000000, "netIncome": 1288300000, "netIncomeRatio": 0.1386118374, "eps": 1.17, "epsdiluted": 1.1, "weightedAverageShsOut": 1087038627, "weightedAverageShsOutDil": 1156529680, "link": "https://www.sec.gov/Archives/edgar/data/21665/000095013003002310/0000950130-03-002310-index.htm", "finalLink": "https://www.sec.gov/Archives/edgar/data/21665/000095013003002310/d10k.htm", "calculatedOtherExpenses": 23000000, "calculatedOperatingExpenses": 3057000000, "calculatedNetInterest": 0, "calculatedOtherIncome": -142800000, "calculatedIncomeNonControlling": 0, "calculatedEbitda": 2309600000}, {"date": "2001-12-31", "symbol": "CL", "reportedCurrency": "USD", "cik": "0000021665", "fillingDate": "2002-03-20", "acceptedDate": "2002-03-20 00:00:00", "calendarYear": "2001", "period": "FY", "revenue": 9427800000, "costOfRevenue": 4236900000, "grossProfit": 5190900000, "grossProfitRatio": 0.5505950487, "researchAndDevelopmentExpenses": 0, "generalAndAdministrativeExpenses": 3261600000, "sellingAndMarketingExpenses": 0, "sellingGeneralAndAdministrativeExpenses": 3261600000, "otherExpenses": 68000000, "operatingExpenses": 3329600000, "costAndExpenses": 7566500000, "interestIncome": 0, "interestExpense": 2021000000, "depreciationAndAmortization": 336200000, "ebitda": 2184100000, "ebitdaratio": 0.2316659242, "operatingIncome": 1861300000, "operatingIncomeRatio": 0.1974267592, "totalOtherIncomeExpensesNet": 13600000, "incomeBeforeTax": 1668700000, "incomeBeforeTaxRatio": 0.176997815, "incomeTaxExpense": 522100000, "netIncome": 1146600000, "netIncomeRatio": 0.1216190416, "eps": 1.01, "epsdiluted": 0.95, "weightedAverageShsOut": 1113762376, "weightedAverageShsOutDil": 1190370370, "link": "https://www.sec.gov/Archives/edgar/data/21665/000095013002001698/0000950130-02-001698-index.htm", "finalLink": "https://www.sec.gov/Archives/edgar/data/21665/000095013002001698/d10k.txt", "calculatedOtherExpenses": 68000000, "calculatedOperatingExpenses": 3329600000, "calculatedNetInterest": -2021000000, "calculatedOtherIncome": 1828400000, "calculatedIncomeNonControlling": 0, "calculatedEbitda": 2197500000}, {"date": "2000-12-31", "symbol": "CL", "reportedCurrency": "USD", "cik": "0000021665", "fillingDate": "2001-03-28", "acceptedDate": "2001-03-28 00:00:00", "calendarYear": "2000", "period": "FY", "revenue": 9357900000, "costOfRevenue": 4265500000, "grossProfit": 5092400000, "grossProfitRatio": 0.5441819212, "researchAndDevelopmentExpenses": 0, "generalAndAdministrativeExpenses": 3299600000, "sellingAndMarketingExpenses": 0, "sellingGeneralAndAdministrativeExpenses": 3299600000, "otherExpenses": 72100000, "operatingExpenses": 3371700000, "costAndExpenses": 7637200000, "interestIncome": 0, "interestExpense": 0, "depreciationAndAmortization": 337800000, "ebitda": 2008300000, "ebitdaratio": 0.2146101155, "operatingIncome": 1720700000, "operatingIncomeRatio": 0.1838767245, "totalOtherIncomeExpensesNet": 52400000, "incomeBeforeTax": 1567200000, "incomeBeforeTaxRatio": 0.1674734716, "incomeTaxExpense": 503400000, "netIncome": 1063800000, "netIncomeRatio": 0.1136793511, "eps": 0.91, "epsdiluted": 0.85, "weightedAverageShsOut": 1152596685, "weightedAverageShsOutDil": 1227176471, "link": "https://www.sec.gov/Archives/edgar/data/21665/000095013001500364/0000950130-01-500364-index.htm", "finalLink": "https://www.sec.gov/Archives/edgar/data/21665/000095013001500364/d10k405.txt", "calculatedOtherExpenses": 72100000, "calculatedOperatingExpenses": 3371700000, "calculatedNetInterest": 0, "calculatedOtherIncome": -153500000, "calculatedIncomeNonControlling": 0, "calculatedEbitda": 2058500000}, {"date": "1999-12-31", "symbol": "CL", "reportedCurrency": "USD", "cik": "0000021665", "fillingDate": "2000-03-27", "acceptedDate": "2000-03-27 00:00:00", "calendarYear": "1999", "period": "FY", "revenue": 9118200000, "costOfRevenue": 3883800000, "grossProfit": 5234400000, "grossProfitRatio": 0.5740606699, "researchAndDevelopmentExpenses": 0, "generalAndAdministrativeExpenses": 3254400000, "sellingAndMarketingExpenses": 0, "sellingGeneralAndAdministrativeExpenses": 3254400000, "otherExpenses": 340200000, "operatingExpenses": 3594600000, "costAndExpenses": 7478400000, "interestIncome": 0, "interestExpense": 0, "depreciationAndAmortization": 340200000, "ebitda": 2053600000, "ebitdaratio": 0.2252198899, "operatingIncome": 1639800000, "operatingIncomeRatio": 0.1798381259, "totalOtherIncomeExpensesNet": -73600000, "incomeBeforeTax": 1394600000, "incomeBeforeTaxRatio": 0.1529468535, "incomeTaxExpense": 457300000, "netIncome": 937300000, "netIncomeRatio": 0.1027944112, "eps": 0.79, "epsdiluted": 0.74, "weightedAverageShsOut": 1167261146, "weightedAverageShsOutDil": 1246666667, "link": "https://www.sec.gov/Archives/edgar/data/21665/000095013000001590/0000950130-00-001590-index.html", "finalLink": "https://www.sec.gov/Archives/edgar/data/21665/000095013000001590/", "calculatedOtherExpenses": 340200000, "calculatedOperatingExpenses": 3594600000, "calculatedNetInterest": 0, "calculatedOtherIncome": -245200000, "calculatedIncomeNonControlling": 0, "calculatedEbitda": 1980000000}, {"date": "1998-12-31", "symbol": "CL", "reportedCurrency": "USD", "cik": "0000021665", "fillingDate": "1999-03-30", "acceptedDate": "1999-03-30 00:00:00", "calendarYear": "1998", "period": "FY", "revenue": 8971600000, "costOfRevenue": 3960000000, "grossProfit": 5011600000, "grossProfitRatio": 0.5586071604, "researchAndDevelopmentExpenses": 0, "generalAndAdministrativeExpenses": 3197100000, "sellingAndMarketingExpenses": 0, "sellingGeneralAndAdministrativeExpenses": 3197100000, "otherExpenses": 330300000, "operatingExpenses": 3527400000, "costAndExpenses": 7487400000, "interestIncome": 0, "interestExpense": 0, "depreciationAndAmortization": 330300000, "ebitda": 1816000000, "ebitdaratio": 0.2024165143, "operatingIncome": 1484200000, "operatingIncomeRatio": 0.1654331446, "totalOtherIncomeExpensesNet": -1500000, "incomeBeforeTax": 1250100000, "incomeBeforeTaxRatio": 0.1393396941, "incomeTaxExpense": 401500000, "netIncome": 848600000, "netIncomeRatio": 0.0945873646, "eps": 0.7, "epsdiluted": 0.65, "weightedAverageShsOut": 1182428571, "weightedAverageShsOutDil": 1273384615, "link": "https://www.sec.gov/Archives/edgar/data/21665/000095013099001795/0000950130-99-001795-index.html", "finalLink": "https://www.sec.gov/Archives/edgar/data/21665/", "calculatedOtherExpenses": 330300000, "calculatedOperatingExpenses": 3527400000, "calculatedNetInterest": 0, "calculatedOtherIncome": -234100000, "calculatedIncomeNonControlling": 0, "calculatedEbitda": 1814500000}, {"date": "1997-12-31", "symbol": "CL", "reportedCurrency": "USD", "cik": "0000021665", "fillingDate": "1998-03-24", "acceptedDate": "1998-03-24 00:00:00", "calendarYear": "1997", "period": "FY", "revenue": 9056700000, "costOfRevenue": 4141600000, "grossProfit": 4915100000, "grossProfitRatio": 0.5427031921, "researchAndDevelopmentExpenses": 0, "generalAndAdministrativeExpenses": 3237000000, "sellingAndMarketingExpenses": 0, "sellingGeneralAndAdministrativeExpenses": 3237000000, "otherExpenses": 319900000, "operatingExpenses": 3556900000, "costAndExpenses": 7698500000, "interestIncome": 0, "interestExpense": 0, "depreciationAndAmortization": 319900000, "ebitda": 1702400000, "ebitdaratio": 0.1879713361, "operatingIncome": 1358200000, "operatingIncomeRatio": 0.1499663233, "totalOtherIncomeExpensesNet": -24300000, "incomeBeforeTax": 1102300000, "incomeBeforeTaxRatio": 0.1217109985, "incomeTaxExpense": 361900000, "netIncome": 740400000, "netIncomeRatio": 0.0817516314, "eps": 0.61, "epsdiluted": 0.56, "weightedAverageShsOut": 1179180328, "weightedAverageShsOutDil": 1273097345, "link": "https://www.sec.gov/Archives/edgar/data/21665/000094018098000317/0000940180-98-000317-index.html", "finalLink": "https://www.sec.gov/Archives/edgar/data/21665/", "calculatedOtherExpenses": 319900000, "calculatedOperatingExpenses": 3556900000, "calculatedNetInterest": 0, "calculatedOtherIncome": -255900000, "calculatedIncomeNonControlling": 0, "calculatedEbitda": 1678100000}, {"date": "1996-12-31", "symbol": "CL", "reportedCurrency": "USD", "cik": "0000021665", "fillingDate": "1997-03-18", "acceptedDate": "1997-03-18 00:00:00", "calendarYear": "1996", "period": "FY", "revenue": 8749000000, "costOfRevenue": 4134800000, "grossProfit": 4614200000, "grossProfitRatio": 0.5273974168, "researchAndDevelopmentExpenses": 0, "generalAndAdministrativeExpenses": 3052100000, "sellingAndMarketingExpenses": 0, "sellingGeneralAndAdministrativeExpenses": 3052100000, "otherExpenses": 316300000, "operatingExpenses": 3368400000, "costAndExpenses": 7503200000, "interestIncome": 0, "interestExpense": 0, "depreciationAndAmortization": 316300000, "ebitda": 1655900000, "ebitdaratio": 0.1892673448, "operatingIncome": 1245800000, "operatingIncomeRatio": 0.1423934164, "totalOtherIncomeExpensesNet": -93800000, "incomeBeforeTax": 954600000, "incomeBeforeTaxRatio": 0.1091096125, "incomeTaxExpense": 319600000, "netIncome": 635000000, "netIncomeRatio": 0.0725797234, "eps": 0.53, "epsdiluted": 0.49, "weightedAverageShsOut": 1168761905, "weightedAverageShsOutDil": 1252244898, "link": "https://www.sec.gov/Archives/edgar/data/21665/000094018097000241/0000940180-97-000241-index.html", "finalLink": "https://www.sec.gov/Archives/edgar/data/21665/", "calculatedOtherExpenses": 316300000, "calculatedOperatingExpenses": 3368400000, "calculatedNetInterest": 0, "calculatedOtherIncome": -291200000, "calculatedIncomeNonControlling": 0, "calculatedEbitda": 1562100000}, {"date": "1995-12-31", "symbol": "CL", "reportedCurrency": "USD", "cik": "0000021665", "fillingDate": "1996-03-25", "acceptedDate": "1996-03-25 00:00:00", "calendarYear": "1995", "period": "FY", "revenue": 8358200000, "costOfRevenue": 4052800000, "grossProfit": 4305400000, "grossProfitRatio": 0.515110909, "researchAndDevelopmentExpenses": 0, "generalAndAdministrativeExpenses": 2879600000, "sellingAndMarketingExpenses": 0, "sellingGeneralAndAdministrativeExpenses": 2879600000, "otherExpenses": 300300000, "operatingExpenses": 3179900000, "costAndExpenses": 7232700000, "interestIncome": 0, "interestExpense": 0, "depreciationAndAmortization": 300300000, "ebitda": 1951800000, "ebitdaratio": 0.2335191788, "operatingIncome": 1125500000, "operatingIncomeRatio": 0.13465818, "totalOtherIncomeExpensesNet": -526000000, "incomeBeforeTax": 363500000, "incomeBeforeTaxRatio": 0.0434902252, "incomeTaxExpense": 191500000, "netIncome": 172000000, "netIncomeRatio": 0.0205785935, "eps": 0.13, "epsdiluted": 0.13, "weightedAverageShsOut": 1156923077, "weightedAverageShsOutDil": 1156923077, "link": "https://www.sec.gov/Archives/edgar/data/21665/000095011296000868/0000950112-96-000868-index.html", "finalLink": "https://www.sec.gov/Archives/edgar/data/21665/", "calculatedOtherExpenses": 300300000, "calculatedOperatingExpenses": 3179900000, "calculatedNetInterest": 0, "calculatedOtherIncome": -762000000, "calculatedIncomeNonControlling": 0, "calculatedEbitda": 1425800000}, {"date": "1994-12-31", "symbol": "CL", "reportedCurrency": "USD", "cik": "0000021665", "fillingDate": "1995-03-23", "acceptedDate": "1995-03-23 00:00:00", "calendarYear": "1994", "period": "FY", "revenue": 7587900000, "costOfRevenue": 3678200000, "grossProfit": 3909700000, "grossProfitRatio": 0.51525455, "researchAndDevelopmentExpenses": 0, "generalAndAdministrativeExpenses": 2625200000, "sellingAndMarketingExpenses": 0, "sellingGeneralAndAdministrativeExpenses": 2625200000, "otherExpenses": 235100000, "operatingExpenses": 2860300000, "costAndExpenses": 6538500000, "interestIncome": 0, "interestExpense": 0, "depreciationAndAmortization": 235100000, "ebitda": 1367300000, "ebitdaratio": 0.1801947838, "operatingIncome": 1049400000, "operatingIncomeRatio": 0.1382991341, "totalOtherIncomeExpensesNet": -82800000, "incomeBeforeTax": 879900000, "incomeBeforeTaxRatio": 0.1159609378, "incomeTaxExpense": 299700000, "netIncome": 580200000, "netIncomeRatio": 0.0764638438, "eps": 0.48, "epsdiluted": 0.45, "weightedAverageShsOut": 1169842932, "weightedAverageShsOutDil": 1255280899, "link": "https://www.sec.gov/Archives/edgar/data/21665/000095014695000129/0000950146-95-000129-index.html", "finalLink": "https://www.sec.gov/Archives/edgar/data/21665/", "calculatedOtherExpenses": 235100000, "calculatedOperatingExpenses": 2860300000, "calculatedNetInterest": 0, "calculatedOtherIncome": -169500000, "calculatedIncomeNonControlling": 0, "calculatedEbitda": 1284500000}, {"date": "1993-12-31", "symbol": "CL", "reportedCurrency": "USD", "cik": "0000021665", "fillingDate": "1994-03-25", "acceptedDate": "1994-03-25 00:00:00", "calendarYear": "1993", "period": "FY", "revenue": 7141300000, "costOfRevenue": 3520300000, "grossProfit": 3621000000, "grossProfitRatio": 0.507050537, "researchAndDevelopmentExpenses": 0, "generalAndAdministrativeExpenses": 2457100000, "sellingAndMarketingExpenses": 0, "sellingGeneralAndAdministrativeExpenses": 2457100000, "otherExpenses": 209600000, "operatingExpenses": 2666700000, "costAndExpenses": 6187000000, "interestIncome": 0, "interestExpense": 0, "depreciationAndAmortization": 209600000, "ebitda": 1235200000, "ebitdaratio": 0.1729657065, "operatingIncome": 954300000, "operatingIncomeRatio": 0.1336311316, "totalOtherIncomeExpensesNet": -71300000, "incomeBeforeTax": 836200000, "incomeBeforeTaxRatio": 0.1170935264, "incomeTaxExpense": 288100000, "netIncome": 189900000, "netIncomeRatio": 0.026591797, "eps": 0.14, "epsdiluted": 0.13, "weightedAverageShsOut": 1246666667, "weightedAverageShsOutDil": 1294615385, "link": "https://www.sec.gov/Archives/edgar/data/21665/000002166594000001/0000021665-94-000001-index.html", "finalLink": "https://www.sec.gov/Archives/edgar/data/21665/", "calculatedOtherExpenses": 209600000, "calculatedOperatingExpenses": 2666700000, "calculatedNetInterest": 0, "calculatedOtherIncome": -118100000, "calculatedIncomeNonControlling": 358200000, "calculatedEbitda": 1163900000}, {"date": "1992-12-31", "symbol": "CL", "reportedCurrency": "USD", "cik": "0000021665", "fillingDate": "1992-12-31", "acceptedDate": "1992-12-30 19:00:00", "calendarYear": "1992", "period": "FY", "revenue": 7007200000, "costOfRevenue": 3515900000, "grossProfit": 3491300000, "grossProfitRatio": 0.4982446626, "researchAndDevelopmentExpenses": 0, "generalAndAdministrativeExpenses": 2500200000, "sellingAndMarketingExpenses": 0, "sellingGeneralAndAdministrativeExpenses": 2500200000, "otherExpenses": 192500000, "operatingExpenses": 2692700000, "costAndExpenses": 6208600000, "interestIncome": 0, "interestExpense": 0, "depreciationAndAmortization": 192500000, "ebitda": 1011800000, "ebitdaratio": 0.1443943373, "operatingIncome": 798600000, "operatingIncomeRatio": 0.1139684896, "totalOtherIncomeExpensesNet": -20700000, "incomeBeforeTax": 727900000, "incomeBeforeTaxRatio": 0.1038788675, "incomeTaxExpense": 250900000, "netIncome": 477000000, "netIncomeRatio": 0.0680728394, "eps": 0.37, "epsdiluted": 0.35, "weightedAverageShsOut": 1250136986, "weightedAverageShsOutDil": 1322608696, "link": "", "finalLink": "", "calculatedOtherExpenses": 192500000, "calculatedOperatingExpenses": 2692700000, "calculatedNetInterest": 0, "calculatedOtherIncome": -70700000, "calculatedIncomeNonControlling": 0, "calculatedEbitda": 991100000}, {"date": "1991-12-31", "symbol": "CL", "reportedCurrency": "USD", "cik": "0000021665", "fillingDate": "1991-12-31", "acceptedDate": "1991-12-30 19:00:00", "calendarYear": "1991", "period": "FY", "revenue": 6060300000, "costOfRevenue": 3150100000, "grossProfit": 2910200000, "grossProfitRatio": 0.4802072505, "researchAndDevelopmentExpenses": 0, "generalAndAdministrativeExpenses": 2482400000, "sellingAndMarketingExpenses": 0, "sellingGeneralAndAdministrativeExpenses": 2482400000, "otherExpenses": 146200000, "operatingExpenses": 2628600000, "costAndExpenses": 5778700000, "interestIncome": 0, "interestExpense": 0, "depreciationAndAmortization": 146200000, "ebitda": 393400000, "ebitdaratio": 0.0649142782, "operatingIncome": 281600000, "operatingIncomeRatio": 0.0464663466, "totalOtherIncomeExpensesNet": 34400000, "incomeBeforeTax": 217900000, "incomeBeforeTaxRatio": 0.0359553157, "incomeTaxExpense": 93000000, "netIncome": 124900000, "netIncomeRatio": 0.0206095408, "eps": 0.095, "epsdiluted": 0.095, "weightedAverageShsOut": 1095789474, "weightedAverageShsOutDil": 1095789474, "link": "", "finalLink": "", "calculatedOtherExpenses": 146200000, "calculatedOperatingExpenses": 2628600000, "calculatedNetInterest": 0, "calculatedOtherIncome": -63700000, "calculatedIncomeNonControlling": 0, "calculatedEbitda": 427800000}, {"date": "1990-12-31", "symbol": "CL", "reportedCurrency": "USD", "cik": "0000021665", "fillingDate": "1990-12-31", "acceptedDate": "1990-12-30 19:00:00", "calendarYear": "1990", "period": "FY", "revenue": 5691300000, "costOfRevenue": 2994800000, "grossProfit": 2696500000, "grossProfitRatio": 0.4737933337, "researchAndDevelopmentExpenses": 0, "generalAndAdministrativeExpenses": 2015600000, "sellingAndMarketingExpenses": 0, "sellingGeneralAndAdministrativeExpenses": 2015600000, "otherExpenses": 126200000, "operatingExpenses": 2141800000, "costAndExpenses": 5136600000, "interestIncome": 0, "interestExpense": 0, "depreciationAndAmortization": 126200000, "ebitda": 678600000, "ebitdaratio": 0.1192346213, "operatingIncome": 554700000, "operatingIncomeRatio": 0.0974645512, "totalOtherIncomeExpensesNet": 2300000, "incomeBeforeTax": 511400000, "incomeBeforeTaxRatio": 0.0898564476, "incomeTaxExpense": 190400000, "netIncome": 321000000, "netIncomeRatio": 0.0564018765, "eps": 0.28, "epsdiluted": 0.27, "weightedAverageShsOut": 1057543860, "weightedAverageShsOutDil": 1137358491, "link": "", "finalLink": "", "calculatedOtherExpenses": 126200000, "calculatedOperatingExpenses": 2141800000, "calculatedNetInterest": 0, "calculatedOtherIncome": -43300000, "calculatedIncomeNonControlling": 0, "calculatedEbitda": 680900000}, {"date": "1989-12-31", "symbol": "CL", "reportedCurrency": "USD", "cik": "0000021665", "fillingDate": "1989-12-31", "acceptedDate": "1989-12-30 19:00:00", "calendarYear": "1989", "period": "FY", "revenue": 5038800000, "costOfRevenue": 2746100000, "grossProfit": 2292700000, "grossProfitRatio": 0.4550091292, "researchAndDevelopmentExpenses": 0, "generalAndAdministrativeExpenses": 1760300000, "sellingAndMarketingExpenses": 0, "sellingGeneralAndAdministrativeExpenses": 1760300000, "otherExpenses": 97000000, "operatingExpenses": 1857300000, "costAndExpenses": 4603400000, "interestIncome": 0, "interestExpense": 0, "depreciationAndAmortization": 97000000, "ebitda": 434200000, "ebitdaratio": 0.0861713106, "operatingIncome": 435400000, "operatingIncomeRatio": 0.0864094626, "totalOtherIncomeExpensesNet": 98200000, "incomeBeforeTax": 446900000, "incomeBeforeTaxRatio": 0.088691752, "incomeTaxExpense": 166900000, "netIncome": 280000000, "netIncomeRatio": 0.0555687862, "eps": 0.25, "epsdiluted": 0.24, "weightedAverageShsOut": 1077600000, "weightedAverageShsOutDil": 1122500000, "link": "", "finalLink": "", "calculatedOtherExpenses": 97000000, "calculatedOperatingExpenses": 1857300000, "calculatedNetInterest": 0, "calculatedOtherIncome": 11500000, "calculatedIncomeNonControlling": 0, "calculatedEbitda": 532400000}, {"date": "1988-12-31", "symbol": "CL", "reportedCurrency": "USD", "cik": "0000021665", "fillingDate": "1988-12-31", "acceptedDate": "1988-12-30 19:00:00", "calendarYear": "1988", "period": "FY", "revenue": 4734300000, "costOfRevenue": 2643200000, "grossProfit": 2091100000, "grossProfitRatio": 0.4416914855, "researchAndDevelopmentExpenses": 0, "generalAndAdministrativeExpenses": 1645600000, "sellingAndMarketingExpenses": 0, "sellingGeneralAndAdministrativeExpenses": 1645600000, "otherExpenses": 82000000, "operatingExpenses": 1727600000, "costAndExpenses": 4370800000, "interestIncome": 0, "interestExpense": 0, "depreciationAndAmortization": 82000000, "ebitda": 452100000, "ebitdaratio": 0.0954945821, "operatingIncome": 363500000, "operatingIncomeRatio": 0.0767800942, "totalOtherIncomeExpensesNet": -6600000, "incomeBeforeTax": 250300000, "incomeBeforeTaxRatio": 0.0528694844, "incomeTaxExpense": 97600000, "netIncome": 192800000, "netIncomeRatio": 0.0407240775, "eps": 0.18, "epsdiluted": 0.18, "weightedAverageShsOut": 1068333333, "weightedAverageShsOutDil": 1068333333, "link": "", "finalLink": "", "calculatedOtherExpenses": 82000000, "calculatedOperatingExpenses": 1727600000, "calculatedNetInterest": 0, "calculatedOtherIncome": -113200000, "calculatedIncomeNonControlling": -40100000, "calculatedEbitda": 445500000}, {"date": "1987-12-31", "symbol": "CL", "reportedCurrency": "USD", "cik": "0000021665", "fillingDate": "1987-12-31", "acceptedDate": "1987-12-30 19:00:00", "calendarYear": "1987", "period": "FY", "revenue": 5647500000, "costOfRevenue": 3068000000, "grossProfit": 2579500000, "grossProfitRatio": 0.4567507747, "researchAndDevelopmentExpenses": 0, "generalAndAdministrativeExpenses": 2094200000, "sellingAndMarketingExpenses": 0, "sellingGeneralAndAdministrativeExpenses": 2094200000, "otherExpenses": 101300000, "operatingExpenses": 2195500000, "costAndExpenses": 5263500000, "interestIncome": 0, "interestExpense": 0, "depreciationAndAmortization": 101300000, "ebitda": 657400000, "ebitdaratio": 0.1164054892, "operatingIncome": 384000000, "operatingIncomeRatio": 0.0679946879, "totalOtherIncomeExpensesNet": -172100000, "incomeBeforeTax": 122800000, "incomeBeforeTaxRatio": 0.0217441346, "incomeTaxExpense": 68800000, "netIncome": 54000000, "netIncomeRatio": 0.009561753, "eps": 0.05, "epsdiluted": 0.05, "weightedAverageShsOut": 1070000000, "weightedAverageShsOutDil": 1070000000, "link": "", "finalLink": "", "calculatedOtherExpenses": 101300000, "calculatedOperatingExpenses": 2195500000, "calculatedNetInterest": 0, "calculatedOtherIncome": -261200000, "calculatedIncomeNonControlling": 0, "calculatedEbitda": 485300000}, {"date": "1986-12-31", "symbol": "CL", "reportedCurrency": "USD", "cik": "0000021665", "fillingDate": "1986-12-31", "acceptedDate": "1986-12-30 19:00:00", "calendarYear": "1986", "period": "FY", "revenue": 4984600000, "costOfRevenue": 2803000000, "grossProfit": 2181600000, "grossProfitRatio": 0.4376680175, "researchAndDevelopmentExpenses": 0, "generalAndAdministrativeExpenses": 1760000000, "sellingAndMarketingExpenses": 0, "sellingGeneralAndAdministrativeExpenses": 1760000000, "otherExpenses": 89300000, "operatingExpenses": 1849300000, "costAndExpenses": 4652300000, "interestIncome": 0, "interestExpense": 0, "depreciationAndAmortization": 89300000, "ebitda": 380600000, "ebitdaratio": 0.0763551739, "operatingIncome": 332300000, "operatingIncomeRatio": 0.0666653292, "totalOtherIncomeExpensesNet": 41000000, "incomeBeforeTax": 297000000, "incomeBeforeTaxRatio": 0.0595835172, "incomeTaxExpense": 119500000, "netIncome": 177500000, "netIncomeRatio": 0.0356096778, "eps": 0.16, "epsdiluted": 0.16, "weightedAverageShsOut": 1106250000, "weightedAverageShsOutDil": 1106250000, "link": "", "finalLink": "", "calculatedOtherExpenses": 89300000, "calculatedOperatingExpenses": 1849300000, "calculatedNetInterest": 0, "calculatedOtherIncome": -35300000, "calculatedIncomeNonControlling": 0, "calculatedEbitda": 421600000}, {"date": "1985-12-31", "symbol": "CL", "reportedCurrency": "USD", "cik": "0000021665", "fillingDate": "1985-12-31", "acceptedDate": "1985-12-30 19:00:00", "calendarYear": "1985", "period": "FY", "revenue": 4523700000, "costOfRevenue": 2608500000, "grossProfit": 1915200000, "grossProfitRatio": 0.42337025, "researchAndDevelopmentExpenses": 0, "generalAndAdministrativeExpenses": 1566200000, "sellingAndMarketingExpenses": 0, "sellingGeneralAndAdministrativeExpenses": 1566200000, "otherExpenses": 72200000, "operatingExpenses": 1638400000, "costAndExpenses": 4246900000, "interestIncome": 0, "interestExpense": 0, "depreciationAndAmortization": 72200000, "ebitda": 296400000, "ebitdaratio": 0.0655215863, "operatingIncome": 276800000, "operatingIncomeRatio": 0.0611888498, "totalOtherIncomeExpensesNet": 52600000, "incomeBeforeTax": 275500000, "incomeBeforeTaxRatio": 0.0609014745, "incomeTaxExpense": 107700000, "netIncome": 171900000, "netIncomeRatio": 0.0379998674, "eps": 0.14, "epsdiluted": 0.14, "weightedAverageShsOut": 929712000, "weightedAverageShsOutDil": 929712000, "link": "", "finalLink": "", "calculatedOtherExpenses": 72200000, "calculatedOperatingExpenses": 1638400000, "calculatedNetInterest": 0, "calculatedOtherIncome": -1300000, "calculatedIncomeNonControlling": -4100000, "calculatedEbitda": 349000000}]}