{"originalCurrency": "USD", "convertedCurrency": "USD", "report": [{"date": "2023-12-31", "symbol": "CLDX", "reportedCurrency": "USD", "cik": "0000744218", "fillingDate": "2024-02-26", "acceptedDate": "2024-02-26 07:05:41", "calendarYear": "2023", "period": "FY", "revenue": 6883000, "costOfRevenue": 3008000, "grossProfit": 3875000, "grossProfitRatio": 0.5629812582, "researchAndDevelopmentExpenses": 115003000, "generalAndAdministrativeExpenses": 30914000, "sellingAndMarketingExpenses": 0, "sellingGeneralAndAdministrativeExpenses": 30914000, "otherExpenses": 130233000, "operatingExpenses": 145917000, "costAndExpenses": 148925000, "interestIncome": 13113000, "interestExpense": 0, "depreciationAndAmortization": 3008000, "ebitda": -139034000, "ebitdaratio": -20.1996222577, "operatingIncome": -142042000, "operatingIncomeRatio": -20.6366409996, "totalOtherIncomeExpensesNet": 613000, "incomeBeforeTax": -141429000, "incomeBeforeTaxRatio": -20.5475809967, "incomeTaxExpense": 0, "netIncome": -141429000, "netIncomeRatio": -20.5475809967, "eps": -2.92, "epsdiluted": -2.92, "weightedAverageShsOut": 48449000, "weightedAverageShsOutDil": 48449000, "link": "https://www.sec.gov/Archives/edgar/data/744218/000141057824000076/0001410578-24-000076-index.htm", "finalLink": "https://www.sec.gov/Archives/edgar/data/744218/000141057824000076/cldx-20231231x10k.htm", "calculatedOtherExpenses": 0, "calculatedOperatingExpenses": 145917000, "calculatedNetInterest": 13113000, "calculatedOtherIncome": -12500000, "calculatedIncomeNonControlling": 0, "calculatedEbitda": -139034000}, {"date": "2022-12-31", "symbol": "CLDX", "reportedCurrency": "USD", "cik": "0000744218", "fillingDate": "2023-02-28", "acceptedDate": "2023-02-28 16:06:00", "calendarYear": "2022", "period": "FY", "revenue": 2357000, "costOfRevenue": 1400000, "grossProfit": 957000, "grossProfitRatio": 0.4060246076, "researchAndDevelopmentExpenses": 82258000, "generalAndAdministrativeExpenses": 27195000, "sellingAndMarketingExpenses": 0, "sellingGeneralAndAdministrativeExpenses": 27195000, "otherExpenses": 90340000, "operatingExpenses": 109453000, "costAndExpenses": 109453000, "interestIncome": 2909000, "interestExpense": -2909000, "depreciationAndAmortization": 13367000, "ebitda": -101867000, "ebitdaratio": -43.2189223589, "operatingIncome": -115234000, "operatingIncomeRatio": -48.8901145524, "totalOtherIncomeExpensesNet": 2909000, "incomeBeforeTax": -112325000, "incomeBeforeTaxRatio": -47.6559185405, "incomeTaxExpense": 10458000, "netIncome": -122783000, "netIncomeRatio": -52.0929147221, "eps": -2.62, "epsdiluted": -2.62, "weightedAverageShsOut": 46888000, "weightedAverageShsOutDil": 46888000, "link": "https://www.sec.gov/Archives/edgar/data/744218/000110465923026701/0001104659-23-026701-index.htm", "finalLink": "https://www.sec.gov/Archives/edgar/data/744218/000110465923026701/cldx-20221231x10k.htm", "calculatedOtherExpenses": 6738000, "calculatedOperatingExpenses": 116191000, "calculatedNetInterest": 5818000, "calculatedOtherIncome": -2909000, "calculatedIncomeNonControlling": 0, "calculatedEbitda": -101867000}, {"date": "2021-12-31", "symbol": "CLDX", "reportedCurrency": "USD", "cik": "0000744218", "fillingDate": "2022-02-28", "acceptedDate": "2022-02-28 16:06:15", "calendarYear": "2021", "period": "FY", "revenue": 4651000, "costOfRevenue": 3068000, "grossProfit": 1583000, "grossProfitRatio": 0.3403569125, "researchAndDevelopmentExpenses": 53311000, "generalAndAdministrativeExpenses": 20488000, "sellingAndMarketingExpenses": 0, "sellingGeneralAndAdministrativeExpenses": 20488000, "otherExpenses": 55375000, "operatingExpenses": 73799000, "costAndExpenses": 73799000, "interestIncome": 505000, "interestExpense": 0, "depreciationAndAmortization": 3685000, "ebitda": -67558000, "ebitdaratio": -14.5254783917, "operatingIncome": -71243000, "operatingIncomeRatio": -15.3177811223, "totalOtherIncomeExpensesNet": 505000, "incomeBeforeTax": -70738000, "incomeBeforeTaxRatio": -15.2092023221, "incomeTaxExpense": -227000, "netIncome": -70511000, "netIncomeRatio": -15.1603956138, "eps": -1.64, "epsdiluted": -1.64, "weightedAverageShsOut": 42870000, "weightedAverageShsOutDil": 42870000, "link": "https://www.sec.gov/Archives/edgar/data/744218/000110465922028070/0001104659-22-028070-index.htm", "finalLink": "https://www.sec.gov/Archives/edgar/data/744218/000110465922028070/cldx-20211231x10k.htm", "calculatedOtherExpenses": -973000, "calculatedOperatingExpenses": 72826000, "calculatedNetInterest": 505000, "calculatedOtherIncome": 0, "calculatedIncomeNonControlling": 0, "calculatedEbitda": -67558000}, {"date": "2020-12-31", "symbol": "CLDX", "reportedCurrency": "USD", "cik": "0000744218", "fillingDate": "2021-03-29", "acceptedDate": "2021-03-29 16:06:40", "calendarYear": "2020", "period": "FY", "revenue": 7418000, "costOfRevenue": 42534000, "grossProfit": -35116000, "grossProfitRatio": -4.7338905365, "researchAndDevelopmentExpenses": 42534000, "generalAndAdministrativeExpenses": 14456000, "sellingAndMarketingExpenses": 0, "sellingGeneralAndAdministrativeExpenses": 14456000, "otherExpenses": 54015000, "operatingExpenses": 56990000, "costAndExpenses": 56990000, "interestIncome": 2407000, "interestExpense": 0, "depreciationAndAmortization": 25157000, "ebitda": -38197000, "ebitdaratio": -5.1492315988, "operatingIncome": -63354000, "operatingIncomeRatio": -8.5405769749, "totalOtherIncomeExpensesNet": 2407000, "incomeBeforeTax": -60947000, "incomeBeforeTaxRatio": -8.2160959827, "incomeTaxExpense": -1167000, "netIncome": -59780000, "netIncomeRatio": -8.0587759504, "eps": -2.02, "epsdiluted": -2.02, "weightedAverageShsOut": 29640000, "weightedAverageShsOutDil": 29640000, "link": "https://www.sec.gov/Archives/edgar/data/744218/000110465921043161/0001104659-21-043161-index.htm", "finalLink": "https://www.sec.gov/Archives/edgar/data/744218/000110465921043161/tm211037-1_10k.htm", "calculatedOtherExpenses": -28752000, "calculatedOperatingExpenses": 28238000, "calculatedNetInterest": 2407000, "calculatedOtherIncome": 0, "calculatedIncomeNonControlling": 0, "calculatedEbitda": -38197000}, {"date": "2019-12-31", "symbol": "CLDX", "reportedCurrency": "USD", "cik": "0000744218", "fillingDate": "2020-03-26", "acceptedDate": "2020-03-26 16:09:30", "calendarYear": "2019", "period": "FY", "revenue": 3573000, "costOfRevenue": 42672000, "grossProfit": -39099000, "grossProfitRatio": -10.9429051217, "researchAndDevelopmentExpenses": 42672000, "generalAndAdministrativeExpenses": 15426000, "sellingAndMarketingExpenses": 0, "sellingGeneralAndAdministrativeExpenses": 15426000, "otherExpenses": 42705000, "operatingExpenses": 58098000, "costAndExpenses": 58098000, "interestIncome": 4152999, "interestExpense": 0, "depreciationAndAmortization": -3141000, "ebitda": -58172000, "ebitdaratio": -16.2809963616, "operatingIncome": -55031000, "operatingIncomeRatio": -15.4019031626, "totalOtherIncomeExpensesNet": 4153000, "incomeBeforeTax": -50878000, "incomeBeforeTaxRatio": -14.2395745872, "incomeTaxExpense": -506000, "netIncome": -50372000, "netIncomeRatio": -14.097956899, "eps": -3.47, "epsdiluted": -3.47, "weightedAverageShsOut": 14507000, "weightedAverageShsOutDil": 14507000, "link": "https://www.sec.gov/Archives/edgar/data/744218/000104746920001809/0001047469-20-001809-index.htm", "finalLink": "https://www.sec.gov/Archives/edgar/data/744218/000104746920001809/a2241053z10-k.htm", "calculatedOtherExpenses": -42166000, "calculatedOperatingExpenses": 15932000, "calculatedNetInterest": 4152999, "calculatedOtherIncome": 1, "calculatedIncomeNonControlling": 0, "calculatedEbitda": -58172000}, {"date": "2018-12-31", "symbol": "CLDX", "reportedCurrency": "USD", "cik": "0000744218", "fillingDate": "2019-03-07", "acceptedDate": "2019-03-07 16:11:03", "calendarYear": "2018", "period": "FY", "revenue": 9538000, "costOfRevenue": 0, "grossProfit": 9538000, "grossProfitRatio": 1, "researchAndDevelopmentExpenses": 66449000, "generalAndAdministrativeExpenses": 19269000, "sellingAndMarketingExpenses": 0, "sellingGeneralAndAdministrativeExpenses": 19269000, "otherExpenses": 224000, "operatingExpenses": 85942000, "costAndExpenses": 85942000, "interestIncome": 0, "interestExpense": 151090000, "depreciationAndAmortization": 224000, "ebitda": -635000, "ebitdaratio": -0.0665758021, "operatingIncome": -156436000, "operatingIncomeRatio": -16.4013420004, "totalOtherIncomeExpensesNet": -75545000, "incomeBeforeTax": -151949000, "incomeBeforeTaxRatio": -15.9309079472, "incomeTaxExpense": -765000, "netIncome": -151184000, "netIncomeRatio": -15.8507024533, "eps": -14.48, "epsdiluted": -14.48, "weightedAverageShsOut": 10441948, "weightedAverageShsOutDil": 10442000, "link": "https://www.sec.gov/Archives/edgar/data/744218/000104746919000992/0001047469-19-000992-index.htm", "finalLink": "https://www.sec.gov/Archives/edgar/data/744218/000104746919000992/a2237804z10-k.htm", "calculatedOtherExpenses": 80256000, "calculatedOperatingExpenses": 165974000, "calculatedNetInterest": -151090000, "calculatedOtherIncome": 155577000, "calculatedIncomeNonControlling": 0, "calculatedEbitda": -156212000}, {"date": "2017-12-31", "symbol": "CLDX", "reportedCurrency": "USD", "cik": "0000744218", "fillingDate": "2018-03-07", "acceptedDate": "2018-03-07 16:11:32", "calendarYear": "2017", "period": "FY", "revenue": 12743000, "costOfRevenue": 0, "grossProfit": 12743000, "grossProfitRatio": 1, "researchAndDevelopmentExpenses": 96171000, "generalAndAdministrativeExpenses": 25003000, "sellingAndMarketingExpenses": 0, "sellingGeneralAndAdministrativeExpenses": 25003000, "otherExpenses": 896000, "operatingExpenses": 122070000, "costAndExpenses": 122070000, "interestIncome": 0, "interestExpense": 15972000, "depreciationAndAmortization": 5310000, "ebitda": -96031000, "ebitdaratio": -7.5359805383, "operatingIncome": -121527000, "operatingIncomeRatio": -9.5367652829, "totalOtherIncomeExpensesNet": -7986000, "incomeBeforeTax": -117313000, "incomeBeforeTaxRatio": -9.2060739229, "incomeTaxExpense": -24282000, "netIncome": -93031000, "netIncomeRatio": -7.3005571686, "eps": -10.86, "epsdiluted": -10.86, "weightedAverageShsOut": 8569533, "weightedAverageShsOutDil": 8570000, "link": "https://www.sec.gov/Archives/edgar/data/744218/000104746918001363/0001047469-18-001363-index.htm", "finalLink": "https://www.sec.gov/Archives/edgar/data/744218/000104746918001363/a2234429z10-k.htm", "calculatedOtherExpenses": 13096000, "calculatedOperatingExpenses": 134270000, "calculatedNetInterest": -15972000, "calculatedOtherIncome": 20186000, "calculatedIncomeNonControlling": 0, "calculatedEbitda": -116217000}, {"date": "2016-12-31", "symbol": "CLDX", "reportedCurrency": "USD", "cik": "0000744218", "fillingDate": "2017-03-14", "acceptedDate": "2017-03-14 16:23:56", "calendarYear": "2016", "period": "FY", "revenue": 6786000, "costOfRevenue": 0, "grossProfit": 6786000, "grossProfitRatio": 1, "researchAndDevelopmentExpenses": 102726000, "generalAndAdministrativeExpenses": 35979000, "sellingAndMarketingExpenses": 0, "sellingGeneralAndAdministrativeExpenses": 35979000, "otherExpenses": 997000, "operatingExpenses": 139702000, "costAndExpenses": 139702000, "interestIncome": 0, "interestExpense": 0, "depreciationAndAmortization": 997000, "ebitda": -136305000, "ebitdaratio": -20.0862068966, "operatingIncome": -132916000, "operatingIncomeRatio": -19.5867963454, "totalOtherIncomeExpensesNet": 4386000, "incomeBeforeTax": -128530000, "incomeBeforeTaxRatio": -18.9404656646, "incomeTaxExpense": -8772000, "netIncome": -128530000, "netIncomeRatio": -18.9404656646, "eps": -18.99, "epsdiluted": -18.99, "weightedAverageShsOut": 6768600, "weightedAverageShsOutDil": 6768633, "link": "https://www.sec.gov/Archives/edgar/data/744218/000104746917001564/0001047469-17-001564-index.htm", "finalLink": "https://www.sec.gov/Archives/edgar/data/744218/000104746917001564/a2231216z10-k.htm", "calculatedOtherExpenses": 997000, "calculatedOperatingExpenses": 139702000, "calculatedNetInterest": 0, "calculatedOtherIncome": 4386000, "calculatedIncomeNonControlling": 8772000, "calculatedEbitda": -131919000}, {"date": "2015-12-31", "symbol": "CLDX", "reportedCurrency": "USD", "cik": "0000744218", "fillingDate": "2016-02-23", "acceptedDate": "2016-02-23 10:13:48", "calendarYear": "2015", "period": "FY", "revenue": 5480000, "costOfRevenue": 0, "grossProfit": 5480000, "grossProfitRatio": 1, "researchAndDevelopmentExpenses": 100171000, "generalAndAdministrativeExpenses": 33837000, "sellingAndMarketingExpenses": 0, "sellingGeneralAndAdministrativeExpenses": 33837000, "otherExpenses": 1013000, "operatingExpenses": 135021000, "costAndExpenses": 135021000, "interestIncome": 0, "interestExpense": 0, "depreciationAndAmortization": 1013000, "ebitda": -130872000, "ebitdaratio": -23.8817518248, "operatingIncome": -129541000, "operatingIncomeRatio": -23.6388686131, "totalOtherIncomeExpensesNet": 2344000, "incomeBeforeTax": -127197000, "incomeBeforeTaxRatio": -23.2111313869, "incomeTaxExpense": -2344000, "netIncome": -127197000, "netIncomeRatio": -23.2111313869, "eps": -19.66, "epsdiluted": -19.66, "weightedAverageShsOut": 6470066, "weightedAverageShsOutDil": 6470099, "link": "https://www.sec.gov/Archives/edgar/data/744218/000104746916010308/0001047469-16-010308-index.htm", "finalLink": "https://www.sec.gov/Archives/edgar/data/744218/000104746916010308/a2226904z10-k.htm", "calculatedOtherExpenses": 1013000, "calculatedOperatingExpenses": 135021000, "calculatedNetInterest": 0, "calculatedOtherIncome": 2344000, "calculatedIncomeNonControlling": 2344000, "calculatedEbitda": -128528000}, {"date": "2014-12-31", "symbol": "CLDX", "reportedCurrency": "USD", "cik": "0000744218", "fillingDate": "2015-02-24", "acceptedDate": "2015-02-24 08:31:19", "calendarYear": "2014", "period": "FY", "revenue": 3586000, "costOfRevenue": 0, "grossProfit": 3586000, "grossProfitRatio": 1, "researchAndDevelopmentExpenses": 104381000, "generalAndAdministrativeExpenses": 20622000, "sellingAndMarketingExpenses": 0, "sellingGeneralAndAdministrativeExpenses": 20622000, "otherExpenses": 1013000, "operatingExpenses": 126016000, "costAndExpenses": 126016000, "interestIncome": 0, "interestExpense": 0, "depreciationAndAmortization": 1013000, "ebitda": -121417000, "ebitdaratio": -33.8586168433, "operatingIncome": -122430000, "operatingIncomeRatio": -34.1411042945, "totalOtherIncomeExpensesNet": 4350000, "incomeBeforeTax": -118080000, "incomeBeforeTaxRatio": -32.9280535416, "incomeTaxExpense": -4350000, "netIncome": -118080000, "netIncomeRatio": -32.9280535416, "eps": -19.81, "epsdiluted": -19.81, "weightedAverageShsOut": 5959934, "weightedAverageShsOutDil": 5959963, "link": "https://www.sec.gov/Archives/edgar/data/744218/000104746915001081/0001047469-15-001081-index.htm", "finalLink": "https://www.sec.gov/Archives/edgar/data/744218/000104746915001081/a2223018z10-k.htm", "calculatedOtherExpenses": 1013000, "calculatedOperatingExpenses": 126016000, "calculatedNetInterest": 0, "calculatedOtherIncome": 4350000, "calculatedIncomeNonControlling": 4350000, "calculatedEbitda": -121417000}, {"date": "2013-12-31", "symbol": "CLDX", "reportedCurrency": "USD", "cik": "0000744218", "fillingDate": "2014-03-03", "acceptedDate": "2014-03-03 11:36:18", "calendarYear": "2013", "period": "FY", "revenue": 4111000, "costOfRevenue": 2334000, "grossProfit": 1777000, "grossProfitRatio": 0.4322549258, "researchAndDevelopmentExpenses": 67401000, "generalAndAdministrativeExpenses": 14805000, "sellingAndMarketingExpenses": 0, "sellingGeneralAndAdministrativeExpenses": 14805000, "otherExpenses": 1013000, "operatingExpenses": 83219000, "costAndExpenses": 85553000, "interestIncome": 0, "interestExpense": 927000, "depreciationAndAmortization": 2945000, "ebitda": -78497000, "ebitdaratio": -19.0943809292, "operatingIncome": -81442000, "operatingIncomeRatio": -19.8107516419, "totalOtherIncomeExpensesNet": 819000, "incomeBeforeTax": -81550000, "incomeBeforeTaxRatio": -19.8370226222, "incomeTaxExpense": -819000, "netIncome": -81550000, "netIncomeRatio": -19.8370226222, "eps": -15.33, "epsdiluted": -15.33, "weightedAverageShsOut": 5318467, "weightedAverageShsOutDil": 5318493, "link": "https://www.sec.gov/Archives/edgar/data/744218/000104746914001653/0001047469-14-001653-index.htm", "finalLink": "https://www.sec.gov/Archives/edgar/data/744218/000104746914001653/a2218459z10-k.htm", "calculatedOtherExpenses": 1013000, "calculatedOperatingExpenses": 83219000, "calculatedNetInterest": -927000, "calculatedOtherIncome": 819000, "calculatedIncomeNonControlling": 819000, "calculatedEbitda": -78497000}, {"date": "2012-12-31", "symbol": "CLDX", "reportedCurrency": "USD", "cik": "0000744218", "fillingDate": "2013-03-08", "acceptedDate": "2013-03-08 12:53:01", "calendarYear": "2012", "period": "FY", "revenue": 11202000, "costOfRevenue": 10775000, "grossProfit": 427000, "grossProfitRatio": 0.0381181932, "researchAndDevelopmentExpenses": 47398000, "generalAndAdministrativeExpenses": 10016000, "sellingAndMarketingExpenses": 0, "sellingGeneralAndAdministrativeExpenses": 10016000, "otherExpenses": 1090000, "operatingExpenses": 58504000, "costAndExpenses": 69279000, "interestIncome": 530000, "interestExpense": 1576000, "depreciationAndAmortization": 1090000, "ebitda": -56987000, "ebitdaratio": -5.0872165685, "operatingIncome": -58077000, "operatingIncomeRatio": -5.1845206213, "totalOtherIncomeExpensesNet": 530000, "incomeBeforeTax": -59123000, "incomeBeforeTaxRatio": -5.2778968041, "incomeTaxExpense": -530000, "netIncome": -59123000, "netIncomeRatio": -5.2778968041, "eps": -15.37, "epsdiluted": -15.37, "weightedAverageShsOut": 3847534, "weightedAverageShsOutDil": 3847552, "link": "https://www.sec.gov/Archives/edgar/data/744218/000104746913002403/0001047469-13-002403-index.htm", "finalLink": "https://www.sec.gov/Archives/edgar/data/744218/000104746913002403/a2213308z10-k.htm", "calculatedOtherExpenses": 1090000, "calculatedOperatingExpenses": 58504000, "calculatedNetInterest": -1046000, "calculatedOtherIncome": 0, "calculatedIncomeNonControlling": 530000, "calculatedEbitda": -56987000}, {"date": "2011-12-31", "symbol": "CLDX", "reportedCurrency": "USD", "cik": "0000744218", "fillingDate": "2012-03-08", "acceptedDate": "2012-03-08 12:46:33", "calendarYear": "2011", "period": "FY", "revenue": 9265000, "costOfRevenue": 9119000, "grossProfit": 146000, "grossProfitRatio": 0.0157582299, "researchAndDevelopmentExpenses": 32439000, "generalAndAdministrativeExpenses": 9243000, "sellingAndMarketingExpenses": 0, "sellingGeneralAndAdministrativeExpenses": 9243000, "otherExpenses": 1913000, "operatingExpenses": 43595000, "costAndExpenses": 52714000, "interestIncome": 0, "interestExpense": 1796000, "depreciationAndAmortization": 1913000, "ebitda": -41982000, "ebitdaratio": -4.5312466271, "operatingIncome": -43399000, "operatingIncomeRatio": -4.6841878036, "totalOtherIncomeExpensesNet": 446000, "incomeBeforeTax": -44799000, "incomeBeforeTaxRatio": -4.8352941176, "incomeTaxExpense": -446000, "netIncome": -44799000, "netIncomeRatio": -4.8352941176, "eps": -17.01, "epsdiluted": -17.01, "weightedAverageShsOut": 2633413, "weightedAverageShsOutDil": 2633413, "link": "https://www.sec.gov/Archives/edgar/data/744218/000104746912002276/0001047469-12-002276-index.htm", "finalLink": "https://www.sec.gov/Archives/edgar/data/744218/000104746912002276/a2207736z10-k.htm", "calculatedOtherExpenses": 1863000, "calculatedOperatingExpenses": 43545000, "calculatedNetInterest": -1796000, "calculatedOtherIncome": 396000, "calculatedIncomeNonControlling": 446000, "calculatedEbitda": -41486000}, {"date": "2010-12-31", "symbol": "CLDX", "reportedCurrency": "USD", "cik": "0000744218", "fillingDate": "2011-03-09", "acceptedDate": "2011-03-09 15:45:16", "calendarYear": "2010", "period": "FY", "revenue": 46793000, "costOfRevenue": 12077000, "grossProfit": 34716000, "grossProfitRatio": 0.7419058406, "researchAndDevelopmentExpenses": 27650000, "generalAndAdministrativeExpenses": 10428000, "sellingAndMarketingExpenses": 0, "sellingGeneralAndAdministrativeExpenses": 10428000, "otherExpenses": 3143000, "operatingExpenses": 41171000, "costAndExpenses": 53248000, "interestIncome": 0, "interestExpense": 1337000, "depreciationAndAmortization": 3143000, "ebitda": -3312000, "ebitdaratio": -0.0707798175, "operatingIncome": -6455000, "operatingIncomeRatio": -0.1379479837, "totalOtherIncomeExpensesNet": 5259000, "incomeBeforeTax": -2533000, "incomeBeforeTaxRatio": -0.0541320283, "incomeTaxExpense": -5309000, "netIncome": -2533000, "netIncomeRatio": -0.0541320283, "eps": -1.19, "epsdiluted": -1.19, "weightedAverageShsOut": 2124543, "weightedAverageShsOutDil": 2124543, "link": "https://www.sec.gov/Archives/edgar/data/744218/000104746911001901/0001047469-11-001901-index.htm", "finalLink": "https://www.sec.gov/Archives/edgar/data/744218/000104746911001901/a2202475z10-k.htm", "calculatedOtherExpenses": 3093000, "calculatedOperatingExpenses": 41171000, "calculatedNetInterest": -1337000, "calculatedOtherIncome": 5259000, "calculatedIncomeNonControlling": 5309000, "calculatedEbitda": -3312000}, {"date": "2009-12-31", "symbol": "CLDX", "reportedCurrency": "USD", "cik": "0000744218", "fillingDate": "2010-03-12", "acceptedDate": "2010-03-12 16:19:57", "calendarYear": "2009", "period": "FY", "revenue": 15180000, "costOfRevenue": 8397000, "grossProfit": 6783000, "grossProfitRatio": 0.4468379447, "researchAndDevelopmentExpenses": 26169000, "generalAndAdministrativeExpenses": 17119000, "sellingAndMarketingExpenses": 0, "sellingGeneralAndAdministrativeExpenses": 17119000, "otherExpenses": 345000, "operatingExpenses": 43633000, "costAndExpenses": 52030000, "interestIncome": 0, "interestExpense": 452000, "depreciationAndAmortization": 3532000, "ebitda": -33318000, "ebitdaratio": -2.1948616601, "operatingIncome": -36850000, "operatingIncomeRatio": -2.4275362319, "totalOtherIncomeExpensesNet": 248000, "incomeBeforeTax": -37054000, "incomeBeforeTaxRatio": -2.4409749671, "incomeTaxExpense": -529000, "netIncome": -36525000, "netIncomeRatio": -2.4061264822, "eps": -27.64, "epsdiluted": -27.64, "weightedAverageShsOut": 1321539, "weightedAverageShsOutDil": 1321539, "link": "https://www.sec.gov/Archives/edgar/data/744218/000104746910002142/0001047469-10-002142-index.htm", "finalLink": "https://www.sec.gov/Archives/edgar/data/744218/000104746910002142/a2196680z10-k.htm", "calculatedOtherExpenses": 345000, "calculatedOperatingExpenses": 43633000, "calculatedNetInterest": -452000, "calculatedOtherIncome": 248000, "calculatedIncomeNonControlling": 0, "calculatedEbitda": -33318000}, {"date": "2008-12-31", "symbol": "CLDX", "reportedCurrency": "USD", "cik": "0000744218", "fillingDate": "2009-03-02", "acceptedDate": "2009-03-05 15:14:42", "calendarYear": "2008", "period": "FY", "revenue": 7455507, "costOfRevenue": 0, "grossProfit": 7455507, "grossProfitRatio": 1, "researchAndDevelopmentExpenses": 26347189, "generalAndAdministrativeExpenses": 14747392000, "sellingAndMarketingExpenses": -14732644608, "sellingGeneralAndAdministrativeExpenses": 14747392, "otherExpenses": 361006, "operatingExpenses": 41455587, "costAndExpenses": 41455587, "interestIncome": 0, "interestExpense": 0, "depreciationAndAmortization": 2537433, "ebitda": -17962156, "ebitdaratio": -2.4092467487, "operatingIncome": -48755988, "operatingIncomeRatio": -6.5395938868, "totalOtherIncomeExpensesNet": -13500491, "incomeBeforeTax": -62256479, "incomeBeforeTaxRatio": -8.3504017902, "incomeTaxExpense": 27000982, "netIncome": -47500571, "netIncomeRatio": -6.3712060092, "eps": -50.12, "epsdiluted": -50.12, "weightedAverageShsOut": 947804, "weightedAverageShsOutDil": 947804, "link": "https://www.sec.gov/Archives/edgar/data/744218/000104746909002264/0001047469-09-002264-index.htm", "finalLink": "https://www.sec.gov/Archives/edgar/data/744218/000104746909002264/a2190889z10-k.htm", "calculatedOtherExpenses": 15116914, "calculatedOperatingExpenses": 56211495, "calculatedNetInterest": 0, "calculatedOtherIncome": -13500491, "calculatedIncomeNonControlling": -41756890, "calculatedEbitda": -46218555}, {"date": "2007-12-31", "symbol": "CLDX", "reportedCurrency": "USD", "cik": "0000744218", "fillingDate": "2008-03-18", "acceptedDate": "2008-03-18 17:16:35", "calendarYear": "2007", "period": "FY", "revenue": 5102930, "costOfRevenue": 0, "grossProfit": 5102930, "grossProfitRatio": 1, "researchAndDevelopmentExpenses": 18495788, "generalAndAdministrativeExpenses": 8501891000, "sellingAndMarketingExpenses": -8493389109, "sellingGeneralAndAdministrativeExpenses": 8501891, "otherExpenses": 960212, "operatingExpenses": 27957891, "costAndExpenses": 27957891, "interestIncome": 0, "interestExpense": -2192400, "depreciationAndAmortization": 2687365, "ebitda": -21263796, "ebitdaratio": -4.1669777951, "operatingIncome": -22854961, "operatingIncomeRatio": -4.4787917922, "totalOtherIncomeExpensesNet": 1096200, "incomeBeforeTax": -21758761, "incomeBeforeTaxRatio": -4.2639740306, "incomeTaxExpense": -120000, "netIncome": -21638761, "netIncomeRatio": -4.240458129, "eps": -468.75, "epsdiluted": -468.75, "weightedAverageShsOut": 46163, "weightedAverageShsOutDil": 46163, "link": "https://www.sec.gov/Archives/edgar/data/744218/000104746908003032/0001047469-08-003032-index.htm", "finalLink": "https://www.sec.gov/Archives/edgar/data/744218/000104746908003032/a2183530z10-k.htm", "calculatedOtherExpenses": 960212, "calculatedOperatingExpenses": 27957891, "calculatedNetInterest": 2192400, "calculatedOtherIncome": -1096200, "calculatedIncomeNonControlling": 0, "calculatedEbitda": -20167596}, {"date": "2006-12-31", "symbol": "CLDX", "reportedCurrency": "USD", "cik": "0000744218", "fillingDate": "2007-03-16", "acceptedDate": "2007-03-16 14:12:31", "calendarYear": "2006", "period": "FY", "revenue": 4931097, "costOfRevenue": 0, "grossProfit": 4931097, "grossProfitRatio": 1, "researchAndDevelopmentExpenses": 18066392, "generalAndAdministrativeExpenses": 0, "sellingAndMarketingExpenses": 0, "sellingGeneralAndAdministrativeExpenses": 8236852, "otherExpenses": 995112, "operatingExpenses": 27298356, "costAndExpenses": 27298356, "interestIncome": 0, "interestExpense": -4226654, "depreciationAndAmortization": 2095617, "ebitda": -22384969, "ebitdaratio": -4.539551544, "operatingIncome": -22367259, "operatingIncomeRatio": -4.5359600511, "totalOtherIncomeExpensesNet": 2113327, "incomeBeforeTax": -20253932, "incomeBeforeTaxRatio": -4.1073886804, "incomeTaxExpense": 120000, "netIncome": -20373932, "netIncomeRatio": -4.1317240363, "eps": -49.41, "epsdiluted": -49.41, "weightedAverageShsOut": 412314, "weightedAverageShsOutDil": 412314, "link": "https://www.sec.gov/Archives/edgar/data/744218/000110465907019897/0001104659-07-019897-index.htm", "finalLink": "https://www.sec.gov/Archives/edgar/data/744218/000110465907019897/a07-5802_110k.htm", "calculatedOtherExpenses": 995112, "calculatedOperatingExpenses": 27298356, "calculatedNetInterest": 4226654, "calculatedOtherIncome": -2113327, "calculatedIncomeNonControlling": 0, "calculatedEbitda": -20271642}, {"date": "2005-12-31", "symbol": "CLDX", "reportedCurrency": "USD", "cik": "0000744218", "fillingDate": "2006-03-16", "acceptedDate": "2006-03-16 16:56:00", "calendarYear": "2005", "period": "FY", "revenue": 3088341, "costOfRevenue": 0, "grossProfit": 3088341, "grossProfitRatio": 1, "researchAndDevelopmentExpenses": 14063295, "generalAndAdministrativeExpenses": 6894951000, "sellingAndMarketingExpenses": -6888056049, "sellingGeneralAndAdministrativeExpenses": 6894951, "otherExpenses": 995112, "operatingExpenses": 21953358, "costAndExpenses": 21953358, "interestIncome": 0, "interestExpense": 0, "depreciationAndAmortization": 2129659, "ebitda": -17503806, "ebitdaratio": -5.6677050883, "operatingIncome": -18865017, "operatingIncomeRatio": -6.1084630875, "totalOtherIncomeExpensesNet": 768448, "incomeBeforeTax": -18096569, "incomeBeforeTaxRatio": -5.8596408233, "incomeTaxExpense": -1536896, "netIncome": -18096569, "netIncomeRatio": -5.8596408233, "eps": -43.93, "epsdiluted": -43.93, "weightedAverageShsOut": 411908, "weightedAverageShsOutDil": 411908, "link": "https://www.sec.gov/Archives/edgar/data/744218/000110465906017401/0001104659-06-017401-index.htm", "finalLink": "https://www.sec.gov/Archives/edgar/data/744218/000110465906017401/a06-2616_110k.htm", "calculatedOtherExpenses": 995112, "calculatedOperatingExpenses": 21953358, "calculatedNetInterest": 0, "calculatedOtherIncome": 768448, "calculatedIncomeNonControlling": 1536896, "calculatedEbitda": -16735358}, {"date": "2004-12-31", "symbol": "CLDX", "reportedCurrency": "USD", "cik": "0000744218", "fillingDate": "2005-03-16", "acceptedDate": "2005-03-16 17:29:15", "calendarYear": "2004", "period": "FY", "revenue": 6858600, "costOfRevenue": 0, "grossProfit": 6858600, "grossProfitRatio": 1, "researchAndDevelopmentExpenses": 13873800, "generalAndAdministrativeExpenses": 0, "sellingAndMarketingExpenses": 0, "sellingGeneralAndAdministrativeExpenses": 5572000, "otherExpenses": 995100, "operatingExpenses": 20440900, "costAndExpenses": 20440900, "interestIncome": 0, "interestExpense": 0, "depreciationAndAmortization": 1716200, "ebitda": -12244700, "ebitdaratio": -1.7853060391, "operatingIncome": -13582300, "operatingIncomeRatio": -1.9803312629, "totalOtherIncomeExpensesNet": 378600, "incomeBeforeTax": -13203700, "incomeBeforeTaxRatio": -1.9251304931, "incomeTaxExpense": -757200, "netIncome": -13203700, "netIncomeRatio": -1.9251304931, "eps": -32.57, "epsdiluted": -32.57, "weightedAverageShsOut": 405359, "weightedAverageShsOutDil": 405359, "link": "https://www.sec.gov/Archives/edgar/data/744218/000104746905006822/0001047469-05-006822-index.htm", "finalLink": "https://www.sec.gov/Archives/edgar/data/744218/000104746905006822/a2153359z10-k.htm", "calculatedOtherExpenses": 995100, "calculatedOperatingExpenses": 20440900, "calculatedNetInterest": 0, "calculatedOtherIncome": 378600, "calculatedIncomeNonControlling": 757200, "calculatedEbitda": -11866100}, {"date": "2003-12-31", "symbol": "CLDX", "reportedCurrency": "USD", "cik": "0000744218", "fillingDate": "2004-03-15", "acceptedDate": "2004-03-12 18:33:34", "calendarYear": "2003", "period": "FY", "revenue": 4632900, "costOfRevenue": 0, "grossProfit": 4632900, "grossProfitRatio": 1, "researchAndDevelopmentExpenses": 10021300, "generalAndAdministrativeExpenses": 0, "sellingAndMarketingExpenses": 0, "sellingGeneralAndAdministrativeExpenses": 5350500, "otherExpenses": 995100, "operatingExpenses": 16366900, "costAndExpenses": 16366900, "interestIncome": 0, "interestExpense": 0, "depreciationAndAmortization": 1527000, "ebitda": -10446800, "ebitdaratio": -2.2549159274, "operatingIncome": -11734000, "operatingIncomeRatio": -2.532754862, "totalOtherIncomeExpensesNet": 239800, "incomeBeforeTax": -11494200, "incomeBeforeTaxRatio": -2.4809946254, "incomeTaxExpense": 695700, "netIncome": -12669500, "netIncomeRatio": -2.7346802219, "eps": -36.48, "epsdiluted": -36.48, "weightedAverageShsOut": 347294, "weightedAverageShsOutDil": 347294, "link": "https://www.sec.gov/Archives/edgar/data/744218/000104746904007780/0001047469-04-007780-index.htm", "finalLink": "https://www.sec.gov/Archives/edgar/data/744218/000104746904007780/a2130889z10-k.htm", "calculatedOtherExpenses": 995100, "calculatedOperatingExpenses": 16366900, "calculatedNetInterest": 0, "calculatedOtherIncome": 239800, "calculatedIncomeNonControlling": 479600, "calculatedEbitda": -10207000}, {"date": "2002-12-31", "symbol": "CLDX", "reportedCurrency": "USD", "cik": "0000744218", "fillingDate": "2003-03-25", "acceptedDate": "2003-03-25 16:06:13", "calendarYear": "2002", "period": "FY", "revenue": 6704800, "costOfRevenue": 41000, "grossProfit": 6663800, "grossProfitRatio": 0.9938849779, "researchAndDevelopmentExpenses": 14708500, "generalAndAdministrativeExpenses": 0, "sellingAndMarketingExpenses": 0, "sellingGeneralAndAdministrativeExpenses": 5592100, "otherExpenses": 795100, "operatingExpenses": 21095700, "costAndExpenses": 21136700, "interestIncome": 0, "interestExpense": 0, "depreciationAndAmortization": 1622100, "ebitda": -13412500, "ebitdaratio": -2.000432526, "operatingIncome": -14431900, "operatingIncomeRatio": -2.1524728553, "totalOtherIncomeExpensesNet": 602700, "incomeBeforeTax": -13829200, "incomeBeforeTaxRatio": -2.0625820308, "incomeTaxExpense": -1205400, "netIncome": -13829200, "netIncomeRatio": -2.0625820308, "eps": -41.17, "epsdiluted": -41.17, "weightedAverageShsOut": 335898, "weightedAverageShsOutDil": 335898, "link": "https://www.sec.gov/Archives/edgar/data/744218/000104746903010068/0001047469-03-010068-index.htm", "finalLink": "https://www.sec.gov/Archives/edgar/data/744218/000104746903010068/a2106271z10-k.htm", "calculatedOtherExpenses": 795100, "calculatedOperatingExpenses": 21095700, "calculatedNetInterest": 0, "calculatedOtherIncome": 602700, "calculatedIncomeNonControlling": 1205400, "calculatedEbitda": -12809800}, {"date": "2001-12-31", "symbol": "CLDX", "reportedCurrency": "USD", "cik": "0000744218", "fillingDate": "2002-03-27", "acceptedDate": "2002-03-27 00:00:00", "calendarYear": "2001", "period": "FY", "revenue": 3345900, "costOfRevenue": 36800, "grossProfit": 3309100, "grossProfitRatio": 0.9890014645, "researchAndDevelopmentExpenses": 21580500, "generalAndAdministrativeExpenses": 4914100, "sellingAndMarketingExpenses": 0, "sellingGeneralAndAdministrativeExpenses": 4914100, "otherExpenses": 1375900, "operatingExpenses": 27870500, "costAndExpenses": 27907300, "interestIncome": 0, "interestExpense": 0, "depreciationAndAmortization": 2257300, "ebitda": -24112500, "ebitdaratio": -7.2065811889, "operatingIncome": -24561400, "operatingIncomeRatio": -7.3407453899, "totalOtherIncomeExpensesNet": 1808400, "incomeBeforeTax": -22753000, "incomeBeforeTaxRatio": -6.8002630085, "incomeTaxExpense": -3616800, "netIncome": -22753000, "netIncomeRatio": -6.8002630085, "eps": -70.63, "epsdiluted": -70.63, "weightedAverageShsOut": 322121, "weightedAverageShsOutDil": 322121, "link": "https://www.sec.gov/Archives/edgar/data/744218/000091205702011869/0000912057-02-011869-index.htm", "finalLink": "https://www.sec.gov/Archives/edgar/data/744218/000091205702011869/a2073956z10-k.htm", "calculatedOtherExpenses": 1375900, "calculatedOperatingExpenses": 27870500, "calculatedNetInterest": 0, "calculatedOtherIncome": 1808400, "calculatedIncomeNonControlling": 3616800, "calculatedEbitda": -22304100}, {"date": "2000-12-31", "symbol": "CLDX", "reportedCurrency": "USD", "cik": "0000744218", "fillingDate": "2001-03-27", "acceptedDate": "2001-03-27 00:00:00", "calendarYear": "2000", "period": "FY", "revenue": 763200, "costOfRevenue": -689300, "grossProfit": 1452500, "grossProfitRatio": 1.9031708595, "researchAndDevelopmentExpenses": 10774200, "generalAndAdministrativeExpenses": 4808300, "sellingAndMarketingExpenses": 0, "sellingGeneralAndAdministrativeExpenses": 4808300, "otherExpenses": 1310800, "operatingExpenses": 16893300, "costAndExpenses": 16204000, "interestIncome": 0, "interestExpense": 0, "depreciationAndAmortization": 1310800, "ebitda": -7595800, "ebitdaratio": -9.9525681342, "operatingIncome": -15440800, "operatingIncomeRatio": -20.2316561845, "totalOtherIncomeExpensesNet": -6534200, "incomeBeforeTax": -21975000, "incomeBeforeTaxRatio": -28.7932389937, "incomeTaxExpense": 13068400, "netIncome": -21975000, "netIncomeRatio": -28.7932389937, "eps": -75.43, "epsdiluted": -75.43, "weightedAverageShsOut": 291323, "weightedAverageShsOutDil": 291323, "link": "https://www.sec.gov/Archives/edgar/data/744218/000091205701008484/0000912057-01-008484-index.htm", "finalLink": "https://www.sec.gov/Archives/edgar/data/744218/000091205701008484/a2042491z10-k.txt", "calculatedOtherExpenses": 1310800, "calculatedOperatingExpenses": 16893300, "calculatedNetInterest": 0, "calculatedOtherIncome": -6534200, "calculatedIncomeNonControlling": -13068400, "calculatedEbitda": -14130000}, {"date": "1999-12-31", "symbol": "CLDX", "reportedCurrency": "USD", "cik": "0000744218", "fillingDate": "2000-03-28", "acceptedDate": "2000-03-28 00:00:00", "calendarYear": "1999", "period": "FY", "revenue": 1483500, "costOfRevenue": -712800, "grossProfit": 2196300, "grossProfitRatio": 1.4804853387, "researchAndDevelopmentExpenses": 7871800, "generalAndAdministrativeExpenses": 4280200, "sellingAndMarketingExpenses": 0, "sellingGeneralAndAdministrativeExpenses": 4280200, "otherExpenses": 1988600, "operatingExpenses": 14140600, "costAndExpenses": 13427800, "interestIncome": 0, "interestExpense": 0, "depreciationAndAmortization": 1988600, "ebitda": -10590900, "ebitdaratio": -7.1391304348, "operatingIncome": -11944300, "operatingIncomeRatio": -8.0514324233, "totalOtherIncomeExpensesNet": 635200, "incomeBeforeTax": -11309100, "incomeBeforeTaxRatio": -7.623255814, "incomeTaxExpense": -1270400, "netIncome": -11309100, "netIncomeRatio": -7.623255814, "eps": -46.18, "epsdiluted": -46.18, "weightedAverageShsOut": 244869, "weightedAverageShsOutDil": 244869, "link": "https://www.sec.gov/Archives/edgar/data/744218/000091205700013866/0000912057-00-013866-index.html", "finalLink": "https://www.sec.gov/Archives/edgar/data/744218/000091205700013866/", "calculatedOtherExpenses": 1988600, "calculatedOperatingExpenses": 14140600, "calculatedNetInterest": 0, "calculatedOtherIncome": 635200, "calculatedIncomeNonControlling": 1270400, "calculatedEbitda": -9955700}, {"date": "1998-12-31", "symbol": "CLDX", "reportedCurrency": "USD", "cik": "0000744218", "fillingDate": "1999-03-25", "acceptedDate": "1999-03-25 00:00:00", "calendarYear": "1998", "period": "FY", "revenue": 2200000, "costOfRevenue": -400000, "grossProfit": 2600000, "grossProfitRatio": 1.1818181818, "researchAndDevelopmentExpenses": 5700000, "generalAndAdministrativeExpenses": 3800000, "sellingAndMarketingExpenses": 0, "sellingGeneralAndAdministrativeExpenses": 3800000, "otherExpenses": 1000000, "operatingExpenses": 10500000, "costAndExpenses": 10100000, "interestIncome": 0, "interestExpense": 0, "depreciationAndAmortization": 1000000, "ebitda": 36900000, "ebitdaratio": 16.7727272727, "operatingIncome": -7900000, "operatingIncomeRatio": -3.5909090909, "totalOtherIncomeExpensesNet": -43800000, "incomeBeforeTax": -7900000, "incomeBeforeTaxRatio": -3.5909090909, "incomeTaxExpense": 87700000, "netIncome": -51800000, "netIncomeRatio": -23.5454545455, "eps": -281.04, "epsdiluted": -281.04, "weightedAverageShsOut": 184317, "weightedAverageShsOutDil": 184317, "link": "https://www.sec.gov/Archives/edgar/data/744218/000102986999000359/0001029869-99-000359-index.html", "finalLink": "https://www.sec.gov/Archives/edgar/data/744218/", "calculatedOtherExpenses": 1000000, "calculatedOperatingExpenses": 10500000, "calculatedNetInterest": 0, "calculatedOtherIncome": 0, "calculatedIncomeNonControlling": -43800000, "calculatedEbitda": -6900000}, {"date": "1997-12-31", "symbol": "CLDX", "reportedCurrency": "USD", "cik": "0000744218", "fillingDate": "1998-03-30", "acceptedDate": "1998-03-30 00:00:00", "calendarYear": "1997", "period": "FY", "revenue": 1200000, "costOfRevenue": -300000, "grossProfit": 1500000, "grossProfitRatio": 1.25, "researchAndDevelopmentExpenses": 5300000, "generalAndAdministrativeExpenses": 3500000, "sellingAndMarketingExpenses": 0, "sellingGeneralAndAdministrativeExpenses": 3500000, "otherExpenses": 400000, "operatingExpenses": 9200000, "costAndExpenses": 8900000, "interestIncome": 0, "interestExpense": 0, "depreciationAndAmortization": 400000, "ebitda": -1800000, "ebitdaratio": -1.5, "operatingIncome": -7700000, "operatingIncomeRatio": -6.4166666667, "totalOtherIncomeExpensesNet": -5500000, "incomeBeforeTax": -13200000, "incomeBeforeTaxRatio": -11, "incomeTaxExpense": 10900000, "netIncome": -13100000, "netIncomeRatio": -10.9166666667, "eps": -89.06, "epsdiluted": -89.06, "weightedAverageShsOut": 147100, "weightedAverageShsOutDil": 147100, "link": "https://www.sec.gov/Archives/edgar/data/744218/000102986998000424/0001029869-98-000424-index.html", "finalLink": "https://www.sec.gov/Archives/edgar/data/744218/", "calculatedOtherExpenses": 400000, "calculatedOperatingExpenses": 9200000, "calculatedNetInterest": 0, "calculatedOtherIncome": -5500000, "calculatedIncomeNonControlling": -11000000, "calculatedEbitda": -7300000}, {"date": "1996-12-31", "symbol": "CLDX", "reportedCurrency": "USD", "cik": "0000744218", "fillingDate": "1997-03-26", "acceptedDate": "1997-03-26 00:00:00", "calendarYear": "1996", "period": "FY", "revenue": 1100000, "costOfRevenue": -100000, "grossProfit": 1200000, "grossProfitRatio": 1.0909090909, "researchAndDevelopmentExpenses": 6000000, "generalAndAdministrativeExpenses": 6500000, "sellingAndMarketingExpenses": 0, "sellingGeneralAndAdministrativeExpenses": 6500000, "otherExpenses": 500000, "operatingExpenses": 13000000, "costAndExpenses": 12900000, "interestIncome": 0, "interestExpense": 0, "depreciationAndAmortization": 500000, "ebitda": -12300000, "ebitdaratio": -11.1818181818, "operatingIncome": -11800000, "operatingIncomeRatio": -10.7272727273, "totalOtherIncomeExpensesNet": 1000000, "incomeBeforeTax": -10800000, "incomeBeforeTaxRatio": -9.8181818182, "incomeTaxExpense": -2000000, "netIncome": -10800000, "netIncomeRatio": -9.8181818182, "eps": -89.61, "epsdiluted": -89.61, "weightedAverageShsOut": 120518, "weightedAverageShsOutDil": 120518, "link": "https://www.sec.gov/Archives/edgar/data/744218/000102986997000366/0001029869-97-000366-index.html", "finalLink": "https://www.sec.gov/Archives/edgar/data/744218/", "calculatedOtherExpenses": 500000, "calculatedOperatingExpenses": 13000000, "calculatedNetInterest": 0, "calculatedOtherIncome": 1000000, "calculatedIncomeNonControlling": 2000000, "calculatedEbitda": -11300000}, {"date": "1995-12-31", "symbol": "CLDX", "reportedCurrency": "USD", "cik": "0000744218", "fillingDate": "1996-04-01", "acceptedDate": "1996-04-01 00:00:00", "calendarYear": "1995", "period": "FY", "revenue": 4000000, "costOfRevenue": 1200000, "grossProfit": 2800000, "grossProfitRatio": 0.7, "researchAndDevelopmentExpenses": 8000000, "generalAndAdministrativeExpenses": 5900000, "sellingAndMarketingExpenses": 0, "sellingGeneralAndAdministrativeExpenses": 5900000, "otherExpenses": 700000, "operatingExpenses": 14600000, "costAndExpenses": 15800000, "interestIncome": 0, "interestExpense": 0, "depreciationAndAmortization": 700000, "ebitda": -14700000, "ebitdaratio": -3.675, "operatingIncome": -11800000, "operatingIncomeRatio": -2.95, "totalOtherIncomeExpensesNet": 3600000, "incomeBeforeTax": -8200000, "incomeBeforeTaxRatio": -2.05, "incomeTaxExpense": -7100000, "netIncome": -8300000, "netIncomeRatio": -2.075, "eps": -85.46, "epsdiluted": -85.46, "weightedAverageShsOut": 97123, "weightedAverageShsOutDil": 97123, "link": "https://www.sec.gov/Archives/edgar/data/744218/000095013596001607/0000950135-96-001607-index.html", "finalLink": "https://www.sec.gov/Archives/edgar/data/744218/", "calculatedOtherExpenses": 700000, "calculatedOperatingExpenses": 14600000, "calculatedNetInterest": 0, "calculatedOtherIncome": 3600000, "calculatedIncomeNonControlling": 7200000, "calculatedEbitda": -11100000}, {"date": "1994-12-31", "symbol": "CLDX", "reportedCurrency": "USD", "cik": "0000744218", "fillingDate": "1994-12-31", "acceptedDate": "1994-12-31 00:00:00", "calendarYear": "1994", "period": "FY", "revenue": 7000000, "costOfRevenue": 1200000, "grossProfit": 5800000, "grossProfitRatio": 0.8285714286, "researchAndDevelopmentExpenses": 8700000, "generalAndAdministrativeExpenses": 5800000, "sellingAndMarketingExpenses": 0, "sellingGeneralAndAdministrativeExpenses": 5800000, "otherExpenses": 800000, "operatingExpenses": 15300000, "costAndExpenses": 16500000, "interestIncome": 0, "interestExpense": 0, "depreciationAndAmortization": 800000, "ebitda": -6600000, "ebitdaratio": -0.9428571429, "operatingIncome": -9500000, "operatingIncomeRatio": -1.3571428571, "totalOtherIncomeExpensesNet": -2100000, "incomeBeforeTax": -11600000, "incomeBeforeTaxRatio": -1.6571428571, "incomeTaxExpense": 4200000, "netIncome": -11600000, "netIncomeRatio": -1.6571428571, "eps": -122.55, "epsdiluted": -122.55, "weightedAverageShsOut": 94656, "weightedAverageShsOutDil": 94656, "link": null, "finalLink": null, "calculatedOtherExpenses": 800000, "calculatedOperatingExpenses": 15300000, "calculatedNetInterest": 0, "calculatedOtherIncome": -2100000, "calculatedIncomeNonControlling": -4200000, "calculatedEbitda": -8700000}, {"date": "1993-12-31", "symbol": "CLDX", "reportedCurrency": "USD", "cik": "0000744218", "fillingDate": "1993-12-31", "acceptedDate": "1993-12-31 00:00:00", "calendarYear": "1993", "period": "FY", "revenue": 9000000, "costOfRevenue": 1500000, "grossProfit": 7500000, "grossProfitRatio": 0.8333333333, "researchAndDevelopmentExpenses": 0, "generalAndAdministrativeExpenses": 16000000, "sellingAndMarketingExpenses": 0, "sellingGeneralAndAdministrativeExpenses": 16000000, "otherExpenses": 900000, "operatingExpenses": 16900000, "costAndExpenses": 18400000, "interestIncome": 0, "interestExpense": 0, "depreciationAndAmortization": 900000, "ebitda": -9700000, "ebitdaratio": -1.0777777778, "operatingIncome": -9400000, "operatingIncomeRatio": -1.0444444444, "totalOtherIncomeExpensesNet": 1200000, "incomeBeforeTax": -8200000, "incomeBeforeTaxRatio": -0.9111111111, "incomeTaxExpense": -2800000, "netIncome": -7800000, "netIncomeRatio": -0.8666666667, "eps": -82.48, "epsdiluted": -82.48, "weightedAverageShsOut": 94573, "weightedAverageShsOutDil": 94573, "link": null, "finalLink": null, "calculatedOtherExpenses": 900000, "calculatedOperatingExpenses": 16900000, "calculatedNetInterest": 0, "calculatedOtherIncome": 1200000, "calculatedIncomeNonControlling": 2400000, "calculatedEbitda": -8500000}, {"date": "1992-12-31", "symbol": "CLDX", "reportedCurrency": "USD", "cik": "0000744218", "fillingDate": "1992-12-31", "acceptedDate": "1992-12-31 00:00:00", "calendarYear": "1992", "period": "FY", "revenue": 6600000, "costOfRevenue": 600000, "grossProfit": 6000000, "grossProfitRatio": 0.9090909091, "researchAndDevelopmentExpenses": 0, "generalAndAdministrativeExpenses": 0, "sellingAndMarketingExpenses": 0, "sellingGeneralAndAdministrativeExpenses": 10100000, "otherExpenses": 600000, "operatingExpenses": 10700000, "costAndExpenses": 11300000, "interestIncome": 0, "interestExpense": 0, "depreciationAndAmortization": 600000, "ebitda": -4900000, "ebitdaratio": -0.7424242424, "operatingIncome": -4700000, "operatingIncomeRatio": -0.7121212121, "totalOtherIncomeExpensesNet": 800000, "incomeBeforeTax": -3900000, "incomeBeforeTaxRatio": -0.5909090909, "incomeTaxExpense": -1900000, "netIncome": -3600000, "netIncomeRatio": -0.5454545455, "eps": -48.26, "epsdiluted": -48.26, "weightedAverageShsOut": 74589, "weightedAverageShsOutDil": 74589, "link": null, "finalLink": null, "calculatedOtherExpenses": 600000, "calculatedOperatingExpenses": 10700000, "calculatedNetInterest": 0, "calculatedOtherIncome": 800000, "calculatedIncomeNonControlling": 1600000, "calculatedEbitda": -4100000}, {"date": "1991-04-30", "symbol": "CLDX", "reportedCurrency": "USD", "cik": "0000744218", "fillingDate": "1991-04-30", "acceptedDate": "1991-04-30 00:00:00", "calendarYear": "1991", "period": "FY", "revenue": 10200000, "costOfRevenue": 1100000, "grossProfit": 9100000, "grossProfitRatio": 0.8921568627, "researchAndDevelopmentExpenses": 0, "generalAndAdministrativeExpenses": 12900000, "sellingAndMarketingExpenses": 0, "sellingGeneralAndAdministrativeExpenses": 12900000, "otherExpenses": 600000, "operatingExpenses": 13500000, "costAndExpenses": 14600000, "interestIncome": 0, "interestExpense": 0, "depreciationAndAmortization": 600000, "ebitda": -4700000, "ebitdaratio": -0.4607843137, "operatingIncome": -4400000, "operatingIncomeRatio": -0.431372549, "totalOtherIncomeExpensesNet": 900000, "incomeBeforeTax": -3500000, "incomeBeforeTaxRatio": -0.3431372549, "incomeTaxExpense": -1900000, "netIncome": -3400000, "netIncomeRatio": -0.3333333333, "eps": -57.95, "epsdiluted": -57.95, "weightedAverageShsOut": 58672, "weightedAverageShsOutDil": 58672, "link": null, "finalLink": null, "calculatedOtherExpenses": 600000, "calculatedOperatingExpenses": 13500000, "calculatedNetInterest": 0, "calculatedOtherIncome": 900000, "calculatedIncomeNonControlling": 1800000, "calculatedEbitda": -3800000}, {"date": "1990-04-30", "symbol": "CLDX", "reportedCurrency": "USD", "cik": "0000744218", "fillingDate": "1990-04-30", "acceptedDate": "1990-04-30 00:00:00", "calendarYear": "1990", "period": "FY", "revenue": 10900000, "costOfRevenue": 800000, "grossProfit": 10100000, "grossProfitRatio": 0.9266055046, "researchAndDevelopmentExpenses": 0, "generalAndAdministrativeExpenses": 11500000, "sellingAndMarketingExpenses": 0, "sellingGeneralAndAdministrativeExpenses": 11500000, "otherExpenses": 500000, "operatingExpenses": 12000000, "costAndExpenses": 12800000, "interestIncome": 0, "interestExpense": 0, "depreciationAndAmortization": 500000, "ebitda": -2200000, "ebitdaratio": -0.2018348624, "operatingIncome": -1900000, "operatingIncomeRatio": -0.1743119266, "totalOtherIncomeExpensesNet": 800000, "incomeBeforeTax": -1100000, "incomeBeforeTaxRatio": -0.1009174312, "incomeTaxExpense": -1700000, "netIncome": -1000000, "netIncomeRatio": -0.0917431193, "eps": -18.89, "epsdiluted": -18.89, "weightedAverageShsOut": 52933, "weightedAverageShsOutDil": 52933, "link": null, "finalLink": null, "calculatedOtherExpenses": 500000, "calculatedOperatingExpenses": 12000000, "calculatedNetInterest": 0, "calculatedOtherIncome": 800000, "calculatedIncomeNonControlling": 1600000, "calculatedEbitda": -1400000}, {"date": "1989-04-30", "symbol": "CLDX", "reportedCurrency": "USD", "cik": "0000744218", "fillingDate": "1989-04-30", "acceptedDate": "1989-04-30 00:00:00", "calendarYear": "1989", "period": "FY", "revenue": 7800000, "costOfRevenue": 800000, "grossProfit": 7000000, "grossProfitRatio": 0.8974358974, "researchAndDevelopmentExpenses": 0, "generalAndAdministrativeExpenses": 8300000, "sellingAndMarketingExpenses": 0, "sellingGeneralAndAdministrativeExpenses": 8300000, "otherExpenses": 300000, "operatingExpenses": 8600000, "costAndExpenses": 9400000, "interestIncome": 0, "interestExpense": 0, "depreciationAndAmortization": 300000, "ebitda": -2000000, "ebitdaratio": -0.2564102564, "operatingIncome": -1600000, "operatingIncomeRatio": -0.2051282051, "totalOtherIncomeExpensesNet": 700000, "incomeBeforeTax": -900000, "incomeBeforeTaxRatio": -0.1153846154, "incomeTaxExpense": -1200000, "netIncome": -1100000, "netIncomeRatio": -0.141025641, "eps": -23.8, "epsdiluted": -23.8, "weightedAverageShsOut": 46217, "weightedAverageShsOutDil": 46217, "link": null, "finalLink": null, "calculatedOtherExpenses": 300000, "calculatedOperatingExpenses": 8600000, "calculatedNetInterest": 0, "calculatedOtherIncome": 700000, "calculatedIncomeNonControlling": 1400000, "calculatedEbitda": -1300000}, {"date": "1988-04-30", "symbol": "CLDX", "reportedCurrency": "USD", "cik": "0000744218", "fillingDate": "1988-04-30", "acceptedDate": "1988-04-30 00:00:00", "calendarYear": "1988", "period": "FY", "revenue": 4600000, "costOfRevenue": 300000, "grossProfit": 4300000, "grossProfitRatio": 0.9347826087, "researchAndDevelopmentExpenses": 0, "generalAndAdministrativeExpenses": 6100000, "sellingAndMarketingExpenses": 0, "sellingGeneralAndAdministrativeExpenses": 6100000, "otherExpenses": 200000, "operatingExpenses": 6300000, "costAndExpenses": 6600000, "interestIncome": 0, "interestExpense": 0, "depreciationAndAmortization": 200000, "ebitda": -2600000, "ebitdaratio": -0.5652173913, "operatingIncome": -2000000, "operatingIncomeRatio": -0.4347826087, "totalOtherIncomeExpensesNet": 800000, "incomeBeforeTax": -1200000, "incomeBeforeTaxRatio": -0.2608695652, "incomeTaxExpense": -1600000, "netIncome": -1200000, "netIncomeRatio": -0.2608695652, "eps": -26.22, "epsdiluted": -26.22, "weightedAverageShsOut": 45772, "weightedAverageShsOutDil": 45772, "link": null, "finalLink": null, "calculatedOtherExpenses": 200000, "calculatedOperatingExpenses": 6300000, "calculatedNetInterest": 0, "calculatedOtherIncome": 800000, "calculatedIncomeNonControlling": 1600000, "calculatedEbitda": -1800000}, {"date": "1987-04-30", "symbol": "CLDX", "reportedCurrency": "USD", "cik": "0000744218", "fillingDate": "1987-04-30", "acceptedDate": "1987-04-30 00:00:00", "calendarYear": "1987", "period": "FY", "revenue": 2200000, "costOfRevenue": -100000, "grossProfit": 2300000, "grossProfitRatio": 1.0454545455, "researchAndDevelopmentExpenses": 0, "generalAndAdministrativeExpenses": 3700000, "sellingAndMarketingExpenses": 0, "sellingGeneralAndAdministrativeExpenses": 3700000, "otherExpenses": 200000, "operatingExpenses": 3900000, "costAndExpenses": 3800000, "interestIncome": 0, "interestExpense": 0, "depreciationAndAmortization": 200000, "ebitda": -2300000, "ebitdaratio": -1.0454545455, "operatingIncome": -1600000, "operatingIncomeRatio": -0.7272727273, "totalOtherIncomeExpensesNet": 900000, "incomeBeforeTax": -700000, "incomeBeforeTaxRatio": -0.3181818182, "incomeTaxExpense": -1700000, "netIncome": -800000, "netIncomeRatio": -0.3636363636, "eps": -17.49, "epsdiluted": -17.49, "weightedAverageShsOut": 45750, "weightedAverageShsOutDil": 45750, "link": null, "finalLink": null, "calculatedOtherExpenses": 200000, "calculatedOperatingExpenses": 3900000, "calculatedNetInterest": 0, "calculatedOtherIncome": 900000, "calculatedIncomeNonControlling": 1800000, "calculatedEbitda": -1400000}, {"date": "1986-04-30", "symbol": "CLDX", "reportedCurrency": "USD", "cik": "0000744218", "fillingDate": "1986-04-30", "acceptedDate": "1986-04-30 00:00:00", "calendarYear": "1986", "period": "FY", "revenue": 100000, "costOfRevenue": 0, "grossProfit": 100000, "grossProfitRatio": 1, "researchAndDevelopmentExpenses": 0, "generalAndAdministrativeExpenses": 1900000, "sellingAndMarketingExpenses": 0, "sellingGeneralAndAdministrativeExpenses": 1900000, "otherExpenses": 100000, "operatingExpenses": 2000000, "costAndExpenses": 2000000, "interestIncome": 0, "interestExpense": 0, "depreciationAndAmortization": 100000, "ebitda": -1900000, "ebitdaratio": -19, "operatingIncome": -1900000, "operatingIncomeRatio": -19, "totalOtherIncomeExpensesNet": 100000, "incomeBeforeTax": -1800000, "incomeBeforeTaxRatio": -18, "incomeTaxExpense": -300000, "netIncome": -1700000, "netIncomeRatio": -17, "eps": -37.21, "epsdiluted": -37.21, "weightedAverageShsOut": 45689, "weightedAverageShsOutDil": 45689, "link": null, "finalLink": null, "calculatedOtherExpenses": 100000, "calculatedOperatingExpenses": 2000000, "calculatedNetInterest": 0, "calculatedOtherIncome": 100000, "calculatedIncomeNonControlling": 200000, "calculatedEbitda": -1800000}]}