{"originalCurrency": "USD", "convertedCurrency": "USD", "report": [{"date": "2023-12-31", "symbol": "CLF", "reportedCurrency": "USD", "cik": "0000764065", "fillingDate": "2024-02-08", "acceptedDate": "2024-02-08 16:09:27", "calendarYear": "2023", "period": "FY", "revenue": 21996000000, "costOfRevenue": 20605000000, "grossProfit": 1391000000, "grossProfitRatio": 0.0632387707, "researchAndDevelopmentExpenses": 0, "generalAndAdministrativeExpenses": 0, "sellingAndMarketingExpenses": 0, "sellingGeneralAndAdministrativeExpenses": 577000000, "otherExpenses": 209000000, "operatingExpenses": 577000000, "costAndExpenses": 21182000000, "interestIncome": 0, "interestExpense": 289000000, "depreciationAndAmortization": 973000000, "ebitda": 1996000000, "ebitdaratio": 0.0907437716, "operatingIncome": 677000000, "operatingIncomeRatio": 0.0307783233, "totalOtherIncomeExpensesNet": 72000000, "incomeBeforeTax": 597000000, "incomeBeforeTaxRatio": 0.0271412984, "incomeTaxExpense": 148000000, "netIncome": 399000000, "netIncomeRatio": 0.0181396618, "eps": 0.78, "epsdiluted": 0.78, "weightedAverageShsOut": 510000000, "weightedAverageShsOutDil": 511000000, "link": "https://www.sec.gov/Archives/edgar/data/764065/000076406524000038/0000764065-24-000038-index.htm", "finalLink": "https://www.sec.gov/Archives/edgar/data/764065/000076406524000038/clf-20231231.htm", "calculatedOtherExpenses": 137000000, "calculatedOperatingExpenses": 714000000, "calculatedNetInterest": -289000000, "calculatedOtherIncome": 209000000, "calculatedIncomeNonControlling": 50000000, "calculatedEbitda": 1650000000}, {"date": "2022-12-31", "symbol": "CLF", "reportedCurrency": "USD", "cik": "0000764065", "fillingDate": "2023-02-14", "acceptedDate": "2023-02-14 16:11:04", "calendarYear": "2022", "period": "FY", "revenue": 22989000000, "costOfRevenue": 20471000000, "grossProfit": 2518000000, "grossProfitRatio": 0.1095306451, "researchAndDevelopmentExpenses": 0, "generalAndAdministrativeExpenses": 0, "sellingAndMarketingExpenses": 0, "sellingGeneralAndAdministrativeExpenses": 465000000, "otherExpenses": 110000000, "operatingExpenses": 575000000, "costAndExpenses": 21046000000, "interestIncome": 276000000, "interestExpense": 276000000, "depreciationAndAmortization": 1246000000, "ebitda": 3185000000, "ebitdaratio": 0.1385445213, "operatingIncome": 1939000000, "operatingIncomeRatio": 0.0843446866, "totalOtherIncomeExpensesNet": -143000000, "incomeBeforeTax": 1796000000, "incomeBeforeTaxRatio": 0.0781243203, "incomeTaxExpense": 423000000, "netIncome": 1335000000, "netIncomeRatio": 0.0580712515, "eps": 2.57, "epsdiluted": 2.55, "weightedAverageShsOut": 519000000, "weightedAverageShsOutDil": 524000000, "link": "https://www.sec.gov/Archives/edgar/data/764065/000076406523000032/0000764065-23-000032-index.htm", "finalLink": "https://www.sec.gov/Archives/edgar/data/764065/000076406523000032/clf-20221231.htm", "calculatedOtherExpenses": 114000000, "calculatedOperatingExpenses": 579000000, "calculatedNetInterest": 0, "calculatedOtherIncome": -143000000, "calculatedIncomeNonControlling": 38000000, "calculatedEbitda": 3185000000}, {"date": "2021-12-31", "symbol": "CLF", "reportedCurrency": "USD", "cik": "0000764065", "fillingDate": "2022-02-11", "acceptedDate": "2022-02-11 12:57:31", "calendarYear": "2021", "period": "FY", "revenue": 20444000000, "costOfRevenue": 15910000000, "grossProfit": 4534000000, "grossProfitRatio": 0.2217765604, "researchAndDevelopmentExpenses": 0, "generalAndAdministrativeExpenses": 0, "sellingAndMarketingExpenses": 0, "sellingGeneralAndAdministrativeExpenses": 422000000, "otherExpenses": 80000000, "operatingExpenses": 502000000, "costAndExpenses": 16412000000, "interestIncome": 337000000, "interestExpense": 337000000, "depreciationAndAmortization": 1133000000, "ebitda": 5145000000, "ebitdaratio": 0.2516630796, "operatingIncome": 4012000000, "operatingIncomeRatio": 0.1962433966, "totalOtherIncomeExpensesNet": -209000000, "incomeBeforeTax": 3803000000, "incomeBeforeTaxRatio": 0.1860203483, "incomeTaxExpense": 773000000, "netIncome": 2988000000, "netIncomeRatio": 0.1461553512, "eps": 6, "epsdiluted": 5.35, "weightedAverageShsOut": 498000000, "weightedAverageShsOutDil": 558000000, "link": "https://www.sec.gov/Archives/edgar/data/764065/000076406522000037/0000764065-22-000037-index.htm", "finalLink": "https://www.sec.gov/Archives/edgar/data/764065/000076406522000037/clf-20211231.htm", "calculatedOtherExpenses": 100000000, "calculatedOperatingExpenses": 522000000, "calculatedNetInterest": 0, "calculatedOtherIncome": -209000000, "calculatedIncomeNonControlling": 42000000, "calculatedEbitda": 5145000000}, {"date": "2020-12-31", "symbol": "CLF", "reportedCurrency": "USD", "cik": "0000764065", "fillingDate": "2021-02-26", "acceptedDate": "2021-02-26 08:50:20", "calendarYear": "2020", "period": "FY", "revenue": 5354000000, "costOfRevenue": 5102000000, "grossProfit": 252000000, "grossProfitRatio": 0.047067613, "researchAndDevelopmentExpenses": 0, "generalAndAdministrativeExpenses": 0, "sellingAndMarketingExpenses": 0, "sellingGeneralAndAdministrativeExpenses": 244000000, "otherExpenses": 60000000, "operatingExpenses": 304000000, "costAndExpenses": 5406000000, "interestIncome": 238000000, "interestExpense": 238000000, "depreciationAndAmortization": 308000000, "ebitda": 313000000, "ebitdaratio": 0.0584609638, "operatingIncome": 5000000, "operatingIncomeRatio": 0.0009338812, "totalOtherIncomeExpensesNet": -198000000, "incomeBeforeTax": -193000000, "incomeBeforeTaxRatio": -0.0360478147, "incomeTaxExpense": -111000000, "netIncome": -82000000, "netIncomeRatio": -0.0153156518, "eps": -0.22, "epsdiluted": -0.22, "weightedAverageShsOut": 379000000, "weightedAverageShsOutDil": 379000000, "link": "https://www.sec.gov/Archives/edgar/data/764065/000076406521000084/0000764065-21-000084-index.htm", "finalLink": "https://www.sec.gov/Archives/edgar/data/764065/000076406521000084/clf-20201231.htm", "calculatedOtherExpenses": 3000000, "calculatedOperatingExpenses": 247000000, "calculatedNetInterest": 0, "calculatedOtherIncome": -198000000, "calculatedIncomeNonControlling": 0, "calculatedEbitda": 313000000}, {"date": "2019-12-31", "symbol": "CLF", "reportedCurrency": "USD", "cik": "0000764065", "fillingDate": "2020-02-20", "acceptedDate": "2020-02-20 11:26:49", "calendarYear": "2019", "period": "FY", "revenue": 1989900000, "costOfRevenue": 1414200000, "grossProfit": 575700000, "grossProfitRatio": 0.2893110207, "researchAndDevelopmentExpenses": 0, "generalAndAdministrativeExpenses": 0, "sellingAndMarketingExpenses": 0, "sellingGeneralAndAdministrativeExpenses": 119400000, "otherExpenses": 27000000, "operatingExpenses": 146400000, "costAndExpenses": 1560600000, "interestIncome": 101000000, "interestExpense": 101200000, "depreciationAndAmortization": 87300000, "ebitda": 516600000, "ebitdaratio": 0.2596110357, "operatingIncome": 429300000, "operatingIncomeRatio": 0.2157394844, "totalOtherIncomeExpensesNet": -117200000, "incomeBeforeTax": 312100000, "incomeBeforeTaxRatio": 0.1568420524, "incomeTaxExpense": 17600000, "netIncome": 292800000, "netIncomeRatio": 0.1471430725, "eps": 1.06, "epsdiluted": 1.03, "weightedAverageShsOut": 276761000, "weightedAverageShsOutDil": 284480000, "link": "https://www.sec.gov/Archives/edgar/data/764065/000076406520000041/0000764065-20-000041-index.htm", "finalLink": "https://www.sec.gov/Archives/edgar/data/764065/000076406520000041/clf-2019123110xk.htm", "calculatedOtherExpenses": 27000000, "calculatedOperatingExpenses": 146400000, "calculatedNetInterest": -200000, "calculatedOtherIncome": -117000000, "calculatedIncomeNonControlling": 1700000, "calculatedEbitda": 516600000}, {"date": "2018-12-31", "symbol": "CLF", "reportedCurrency": "USD", "cik": "0000764065", "fillingDate": "2019-02-08", "acceptedDate": "2019-02-08 12:17:54", "calendarYear": "2018", "period": "FY", "revenue": 2332400000, "costOfRevenue": 1522800000, "grossProfit": 809600000, "grossProfitRatio": 0.3471102727, "researchAndDevelopmentExpenses": 0, "generalAndAdministrativeExpenses": 0, "sellingAndMarketingExpenses": 0, "sellingGeneralAndAdministrativeExpenses": 116800000, "otherExpenses": 17200000, "operatingExpenses": 136400000, "costAndExpenses": 1659200000, "interestIncome": 0, "interestExpense": 118900000, "depreciationAndAmortization": 89000000, "ebitda": 779400000, "ebitdaratio": 0.3341622363, "operatingIncome": 673200000, "operatingIncomeRatio": 0.2886297376, "totalOtherIncomeExpensesNet": 10400000, "incomeBeforeTax": 564700000, "incomeBeforeTaxRatio": 0.2421111302, "incomeTaxExpense": -475200000, "netIncome": 1128100000, "netIncomeRatio": 0.4836648945, "eps": 3.8, "epsdiluted": 3.71, "weightedAverageShsOut": 297176000, "weightedAverageShsOutDil": 304141000, "link": "https://www.sec.gov/Archives/edgar/data/764065/000076406519000025/0000764065-19-000025-index.htm", "finalLink": "https://www.sec.gov/Archives/edgar/data/764065/000076406519000025/clf-2018123110xk.htm", "calculatedOtherExpenses": 19600000, "calculatedOperatingExpenses": 136400000, "calculatedNetInterest": -118900000, "calculatedOtherIncome": 10400000, "calculatedIncomeNonControlling": -88200000, "calculatedEbitda": 762200000}, {"date": "2017-12-31", "symbol": "CLF", "reportedCurrency": "USD", "cik": "0000764065", "fillingDate": "2018-02-14", "acceptedDate": "2018-02-14 12:07:00", "calendarYear": "2017", "period": "FY", "revenue": 2330200000, "costOfRevenue": 1820600000, "grossProfit": 509600000, "grossProfitRatio": 0.2186936744, "researchAndDevelopmentExpenses": 0, "generalAndAdministrativeExpenses": 0, "sellingAndMarketingExpenses": 0, "sellingGeneralAndAdministrativeExpenses": 105800000, "otherExpenses": 3200000, "operatingExpenses": 78100000, "costAndExpenses": 1898700000, "interestIncome": 0, "interestExpense": 132000000, "depreciationAndAmortization": 87700000, "ebitda": 522400000, "ebitdaratio": 0.2241867651, "operatingIncome": 431500000, "operatingIncomeRatio": 0.185177238, "totalOtherIncomeExpensesNet": -162200000, "incomeBeforeTax": 137300000, "incomeBeforeTaxRatio": 0.0589219809, "incomeTaxExpense": -252400000, "netIncome": 374900000, "netIncomeRatio": 0.1608874775, "eps": 1.3, "epsdiluted": 1.28, "weightedAverageShsOut": 288435000, "weightedAverageShsOutDil": 292961000, "link": "https://www.sec.gov/Archives/edgar/data/764065/000076406518000035/0000764065-18-000035-index.htm", "finalLink": "https://www.sec.gov/Archives/edgar/data/764065/000076406518000035/clf-2017123110xk.htm", "calculatedOtherExpenses": -27700000, "calculatedOperatingExpenses": 78100000, "calculatedNetInterest": -132000000, "calculatedOtherIncome": -162200000, "calculatedIncomeNonControlling": 14800000, "calculatedEbitda": 519200000}, {"date": "2016-12-31", "symbol": "CLF", "reportedCurrency": "USD", "cik": "0000764065", "fillingDate": "2017-02-09", "acceptedDate": "2017-02-09 13:46:17", "calendarYear": "2016", "period": "FY", "revenue": 2109000000, "costOfRevenue": 1719700000, "grossProfit": 389300000, "grossProfitRatio": 0.184589853, "researchAndDevelopmentExpenses": 0, "generalAndAdministrativeExpenses": 0, "sellingAndMarketingExpenses": 0, "sellingGeneralAndAdministrativeExpenses": 117800000, "otherExpenses": 400000, "operatingExpenses": 148500000, "costAndExpenses": 1868200000, "interestIncome": 0, "interestExpense": 200500000, "depreciationAndAmortization": 115400000, "ebitda": 356600000, "ebitdaratio": 0.1690848743, "operatingIncome": 240800000, "operatingIncomeRatio": 0.1141773352, "totalOtherIncomeExpensesNet": 166700000, "incomeBeforeTax": 207000000, "incomeBeforeTaxRatio": 0.0981507824, "incomeTaxExpense": -12200000, "netIncome": 174100000, "netIncomeRatio": 0.082550972, "eps": 0.88, "epsdiluted": 0.87, "weightedAverageShsOut": 197659000, "weightedAverageShsOutDil": 200145000, "link": "https://www.sec.gov/Archives/edgar/data/764065/000076406517000021/0000764065-17-000021-index.htm", "finalLink": "https://www.sec.gov/Archives/edgar/data/764065/000076406517000021/clf-2016123110xk.htm", "calculatedOtherExpenses": 30700000, "calculatedOperatingExpenses": 148500000, "calculatedNetInterest": -200500000, "calculatedOtherIncome": 166700000, "calculatedIncomeNonControlling": 45100000, "calculatedEbitda": 356200000}, {"date": "2015-12-31", "symbol": "CLF", "reportedCurrency": "USD", "cik": "0000764065", "fillingDate": "2016-02-24", "acceptedDate": "2016-02-24 15:03:30", "calendarYear": "2015", "period": "FY", "revenue": 2013300000, "costOfRevenue": 1776800000, "grossProfit": 236500000, "grossProfitRatio": 0.1174688323, "researchAndDevelopmentExpenses": 0, "generalAndAdministrativeExpenses": 0, "sellingAndMarketingExpenses": 0, "sellingGeneralAndAdministrativeExpenses": 110000000, "otherExpenses": -2600000, "operatingExpenses": 81900000, "costAndExpenses": 1858700000, "interestIncome": 0, "interestExpense": 228500000, "depreciationAndAmortization": 134000000, "ebitda": 286000000, "ebitdaratio": 0.142055332, "operatingIncome": 151300000, "operatingIncomeRatio": 0.0751502508, "totalOtherIncomeExpensesNet": 387000000, "incomeBeforeTax": 313100000, "incomeBeforeTaxRatio": 0.1555158198, "incomeTaxExpense": 169300000, "netIncome": -749300000, "netIncomeRatio": -0.372175036, "eps": -4.89, "epsdiluted": -4.88, "weightedAverageShsOut": 153230000, "weightedAverageShsOutDil": 153605000, "link": "https://www.sec.gov/Archives/edgar/data/764065/000076406516000183/0000764065-16-000183-index.htm", "finalLink": "https://www.sec.gov/Archives/edgar/data/764065/000076406516000183/clf-2015123110xk.htm", "calculatedOtherExpenses": -24800000, "calculatedOperatingExpenses": 85200000, "calculatedNetInterest": -228500000, "calculatedOtherIncome": 390300000, "calculatedIncomeNonControlling": 893100000, "calculatedEbitda": 285300000}, {"date": "2014-12-31", "symbol": "CLF", "reportedCurrency": "USD", "cik": "0000764065", "fillingDate": "2015-02-25", "acceptedDate": "2015-02-25 17:10:03", "calendarYear": "2014", "period": "FY", "revenue": 4623700000, "costOfRevenue": 4172300000, "grossProfit": 451400000, "grossProfitRatio": 0.0976274412, "researchAndDevelopmentExpenses": 0, "generalAndAdministrativeExpenses": 0, "sellingAndMarketingExpenses": 0, "sellingGeneralAndAdministrativeExpenses": 208700000, "otherExpenses": 26800000, "operatingExpenses": 443800000, "costAndExpenses": 4616100000, "interestIncome": 0, "interestExpense": 185200000, "depreciationAndAmortization": 504000000, "ebitda": 538400000, "ebitdaratio": 0.1164435409, "operatingIncome": -9426000000, "operatingIncomeRatio": -2.0386270736, "totalOtherIncomeExpensesNet": -9406800000, "incomeBeforeTax": -9584400000, "incomeBeforeTaxRatio": -2.0728853516, "incomeTaxExpense": -1317900000, "netIncome": -7189000000, "netIncomeRatio": -1.5548154076, "eps": -46.96, "epsdiluted": -46.96, "weightedAverageShsOut": 153098000, "weightedAverageShsOutDil": 153098000, "link": "https://www.sec.gov/Archives/edgar/data/764065/000076406515000044/0000764065-15-000044-index.htm", "finalLink": "https://www.sec.gov/Archives/edgar/data/764065/000076406515000044/clf-2014123110xk.htm", "calculatedOtherExpenses": 9668700000, "calculatedOperatingExpenses": 9877400000, "calculatedNetInterest": -185200000, "calculatedOtherIncome": 26800000, "calculatedIncomeNonControlling": -1077500000, "calculatedEbitda": -8922000000}, {"date": "2013-12-31", "symbol": "CLF", "reportedCurrency": "USD", "cik": "0000764065", "fillingDate": "2014-02-14", "acceptedDate": "2014-02-14 14:55:53", "calendarYear": "2013", "period": "FY", "revenue": 5691400000, "costOfRevenue": 4542100000, "grossProfit": 1149300000, "grossProfitRatio": 0.2019362547, "researchAndDevelopmentExpenses": 0, "generalAndAdministrativeExpenses": 0, "sellingAndMarketingExpenses": 0, "sellingGeneralAndAdministrativeExpenses": 231600000, "otherExpenses": 900000, "operatingExpenses": 227500000, "costAndExpenses": 4769600000, "interestIncome": 0, "interestExpense": 179100000, "depreciationAndAmortization": 593300000, "ebitda": 1516000000, "ebitdaratio": 0.266366799, "operatingIncome": 671000000, "operatingIncomeRatio": 0.1178971782, "totalOtherIncomeExpensesNet": -253400000, "incomeBeforeTax": 489300000, "incomeBeforeTaxRatio": 0.0859718171, "incomeTaxExpense": 55100000, "netIncome": 413500000, "netIncomeRatio": 0.0726534772, "eps": 2.4, "epsdiluted": 2.37, "weightedAverageShsOut": 151726000, "weightedAverageShsOutDil": 174323000, "link": "https://www.sec.gov/Archives/edgar/data/764065/000076406514000018/0000764065-14-000018-index.htm", "finalLink": "https://www.sec.gov/Archives/edgar/data/764065/000076406514000018/clf-2013123110xk.htm", "calculatedOtherExpenses": 246700000, "calculatedOperatingExpenses": 478300000, "calculatedNetInterest": -179100000, "calculatedOtherIncome": -2600000, "calculatedIncomeNonControlling": 20700000, "calculatedEbitda": 1264300000}, {"date": "2012-12-31", "symbol": "CLF", "reportedCurrency": "USD", "cik": "0000764065", "fillingDate": "2013-02-12", "acceptedDate": "2013-02-12 16:16:26", "calendarYear": "2012", "period": "FY", "revenue": 5872700000, "costOfRevenue": 4700600000, "grossProfit": 1172100000, "grossProfitRatio": 0.1995845182, "researchAndDevelopmentExpenses": 0, "generalAndAdministrativeExpenses": 0, "sellingAndMarketingExpenses": 0, "sellingGeneralAndAdministrativeExpenses": 282500000, "otherExpenses": 2700000, "operatingExpenses": 431000000, "costAndExpenses": 5131600000, "interestIncome": 0, "interestExpense": 195600000, "depreciationAndAmortization": 525800000, "ebitda": 1269600000, "ebitdaratio": 0.2161867625, "operatingIncome": -308800000, "operatingIncomeRatio": -0.0525822875, "totalOtherIncomeExpensesNet": -1047300000, "incomeBeforeTax": -501800000, "incomeBeforeTaxRatio": -0.0854462172, "incomeTaxExpense": 255900000, "netIncome": -899400000, "netIncomeRatio": -0.153149318, "eps": -6.32, "epsdiluted": -6.32, "weightedAverageShsOut": 142351000, "weightedAverageShsOutDil": 142351000, "link": "https://www.sec.gov/Archives/edgar/data/764065/000076406513000003/0000764065-13-000003-index.htm", "finalLink": "https://www.sec.gov/Archives/edgar/data/764065/000076406513000003/clf-2012123110xk.htm", "calculatedOtherExpenses": 1198400000, "calculatedOperatingExpenses": 1480900000, "calculatedNetInterest": -195600000, "calculatedOtherIncome": 2600000, "calculatedIncomeNonControlling": 141700000, "calculatedEbitda": 217000000}, {"date": "2011-12-31", "symbol": "CLF", "reportedCurrency": "USD", "cik": "0000764065", "fillingDate": "2012-02-16", "acceptedDate": "2012-02-16 14:36:33", "calendarYear": "2011", "period": "FY", "revenue": 6794300000, "costOfRevenue": 4105700000, "grossProfit": 2688600000, "grossProfitRatio": 0.3957140544, "researchAndDevelopmentExpenses": 0, "generalAndAdministrativeExpenses": 0, "sellingAndMarketingExpenses": 0, "sellingGeneralAndAdministrativeExpenses": 274400000, "otherExpenses": 80500000, "operatingExpenses": 354900000, "costAndExpenses": 4460600000, "interestIncome": 9500000, "interestExpense": 216500000, "depreciationAndAmortization": 426900000, "ebitda": 2770100000, "ebitdaratio": 0.4077094035, "operatingIncome": 2333700000, "operatingIncomeRatio": 0.3434790928, "totalOtherIncomeExpensesNet": 114800000, "incomeBeforeTax": 2241500000, "incomeBeforeTaxRatio": 0.3299088942, "incomeTaxExpense": 420100000, "netIncome": 1619100000, "netIncomeRatio": 0.2383026949, "eps": 11.55, "epsdiluted": 11.48, "weightedAverageShsOut": 140234000, "weightedAverageShsOutDil": 141012000, "link": "https://www.sec.gov/Archives/edgar/data/764065/000119312512065138/0001193125-12-065138-index.htm", "finalLink": "https://www.sec.gov/Archives/edgar/data/764065/000119312512065138/d257049d10k.htm", "calculatedOtherExpenses": 80500000, "calculatedOperatingExpenses": 354900000, "calculatedNetInterest": -207000000, "calculatedOtherIncome": 114800000, "calculatedIncomeNonControlling": 202300000, "calculatedEbitda": 2760600000}, {"date": "2010-12-31", "symbol": "CLF", "reportedCurrency": "USD", "cik": "0000764065", "fillingDate": "2011-02-17", "acceptedDate": "2011-02-17 13:50:59", "calendarYear": "2010", "period": "FY", "revenue": 4682200000, "costOfRevenue": 3158700000, "grossProfit": 1523500000, "grossProfitRatio": 0.325381231, "researchAndDevelopmentExpenses": 0, "generalAndAdministrativeExpenses": 0, "sellingAndMarketingExpenses": 0, "sellingGeneralAndAdministrativeExpenses": 238000000, "otherExpenses": 20500000, "operatingExpenses": 258500000, "costAndExpenses": 3417200000, "interestIncome": 9900000, "interestExpense": 69700000, "depreciationAndAmortization": 322300000, "ebitda": 1315600000, "ebitdaratio": 0.280979027, "operatingIncome": 1265000000, "operatingIncomeRatio": 0.2701721413, "totalOtherIncomeExpensesNet": 93000000, "incomeBeforeTax": 1298200000, "incomeBeforeTaxRatio": 0.2772628252, "incomeTaxExpense": 292000000, "netIncome": 1019900000, "netIncomeRatio": 0.2178249541, "eps": 7.54, "epsdiluted": 7.49, "weightedAverageShsOut": 135301000, "weightedAverageShsOutDil": 136138000, "link": "https://www.sec.gov/Archives/edgar/data/764065/000119312511038883/0001193125-11-038883-index.htm", "finalLink": "https://www.sec.gov/Archives/edgar/data/764065/000119312511038883/d10k.htm", "calculatedOtherExpenses": 20500000, "calculatedOperatingExpenses": 258500000, "calculatedNetInterest": -59800000, "calculatedOtherIncome": 93000000, "calculatedIncomeNonControlling": -13700000, "calculatedEbitda": 1587300000}, {"date": "2009-12-31", "symbol": "CLF", "reportedCurrency": "USD", "cik": "0000764065", "fillingDate": "2010-02-18", "acceptedDate": "2010-02-18 12:49:18", "calendarYear": "2009", "period": "FY", "revenue": 2342000000, "costOfRevenue": 2033100000, "grossProfit": 308900000, "grossProfitRatio": 0.1318958155, "researchAndDevelopmentExpenses": 0, "generalAndAdministrativeExpenses": 0, "sellingAndMarketingExpenses": 0, "sellingGeneralAndAdministrativeExpenses": -120700000, "otherExpenses": -42000000, "operatingExpenses": -78700000, "costAndExpenses": 1954400000, "interestIncome": 10800000, "interestExpense": 39000000, "depreciationAndAmortization": 236600000, "ebitda": 241000000, "ebitdaratio": 0.1029035013, "operatingIncome": 230200000, "operatingIncomeRatio": 0.0982920581, "totalOtherIncomeExpensesNet": 88600000, "incomeBeforeTax": 290600000, "incomeBeforeTaxRatio": 0.1240819812, "incomeTaxExpense": 20800000, "netIncome": 205100000, "netIncomeRatio": 0.0875747225, "eps": 1.64, "epsdiluted": 1.63, "weightedAverageShsOut": 125000000, "weightedAverageShsOutDil": 125800000, "link": "https://www.sec.gov/Archives/edgar/data/764065/000119312510034034/0001193125-10-034034-index.htm", "finalLink": "https://www.sec.gov/Archives/edgar/data/764065/000119312510034034/d10k.htm", "calculatedOtherExpenses": 199400000, "calculatedOperatingExpenses": 78700000, "calculatedNetInterest": -28200000, "calculatedOtherIncome": 88600000, "calculatedIncomeNonControlling": 64700000, "calculatedEbitda": 466800000}, {"date": "2008-12-31", "symbol": "CLF", "reportedCurrency": "USD", "cik": "0000764065", "fillingDate": "2009-02-26", "acceptedDate": "2009-02-26 17:01:33", "calendarYear": "2008", "period": "FY", "revenue": 3609100000, "costOfRevenue": 2449400000, "grossProfit": 1159700000, "grossProfitRatio": 0.3213266465, "researchAndDevelopmentExpenses": 0, "generalAndAdministrativeExpenses": 0, "sellingAndMarketingExpenses": 0, "sellingGeneralAndAdministrativeExpenses": 186400000, "otherExpenses": -47400000, "operatingExpenses": 220800000, "costAndExpenses": 2670200000, "interestIncome": 26200000, "interestExpense": 39800000, "depreciationAndAmortization": 201100000, "ebitda": 965100000, "ebitdaratio": 0.2674073869, "operatingIncome": 938900000, "operatingIncomeRatio": 0.2601479593, "totalOtherIncomeExpensesNet": -209000000, "incomeBeforeTax": 716300000, "incomeBeforeTaxRatio": 0.1984705328, "incomeTaxExpense": 144200000, "netIncome": 515800000, "netIncomeRatio": 0.1429165166, "eps": 5.07, "epsdiluted": 4.76, "weightedAverageShsOut": 101500000, "weightedAverageShsOutDil": 108300000, "link": "https://www.sec.gov/Archives/edgar/data/764065/000119312509039184/0001193125-09-039184-index.htm", "finalLink": "https://www.sec.gov/Archives/edgar/data/764065/000119312509039184/d10k.htm", "calculatedOtherExpenses": 34400000, "calculatedOperatingExpenses": 220800000, "calculatedNetInterest": -13600000, "calculatedOtherIncome": -209000000, "calculatedIncomeNonControlling": 56300000, "calculatedEbitda": 1140000000}, {"date": "2007-12-31", "symbol": "CLF", "reportedCurrency": "USD", "cik": "0000764065", "fillingDate": "2008-02-29", "acceptedDate": "2008-02-29 13:34:47", "calendarYear": "2007", "period": "FY", "revenue": 2275200000, "costOfRevenue": 1813200000, "grossProfit": 462000000, "grossProfitRatio": 0.2030590717, "researchAndDevelopmentExpenses": 0, "generalAndAdministrativeExpenses": 0, "sellingAndMarketingExpenses": 0, "sellingGeneralAndAdministrativeExpenses": 114200000, "otherExpenses": -30600000, "operatingExpenses": 83600000, "costAndExpenses": 1896800000, "interestIncome": 20000000, "interestExpense": -22600000, "depreciationAndAmortization": 107200000, "ebitda": 446900000, "ebitdaratio": 0.1964222925, "operatingIncome": 378400000, "operatingIncomeRatio": 0.1663150492, "totalOtherIncomeExpensesNet": 27500000, "incomeBeforeTax": 380700000, "incomeBeforeTaxRatio": 0.1673259494, "incomeTaxExpense": 84100000, "netIncome": 270000000, "netIncomeRatio": 0.1186708861, "eps": 3.19, "epsdiluted": 2.57, "weightedAverageShsOut": 82988000, "weightedAverageShsOutDil": 105026000, "link": "https://www.sec.gov/Archives/edgar/data/764065/000119312508043301/0001193125-08-043301-index.htm", "finalLink": "https://www.sec.gov/Archives/edgar/data/764065/000119312508043301/d10k.htm", "calculatedOtherExpenses": -30600000, "calculatedOperatingExpenses": 83600000, "calculatedNetInterest": 42600000, "calculatedOtherIncome": -40300000, "calculatedIncomeNonControlling": 26600000, "calculatedEbitda": 485600000}, {"date": "2006-12-31", "symbol": "CLF", "reportedCurrency": "USD", "cik": "0000764065", "fillingDate": "2007-05-25", "acceptedDate": "2007-05-25 15:18:57", "calendarYear": "2006", "period": "FY", "revenue": 1921700000, "costOfRevenue": 1507700000, "grossProfit": 414000000, "grossProfitRatio": 0.2154342509, "researchAndDevelopmentExpenses": 0, "generalAndAdministrativeExpenses": 0, "sellingAndMarketingExpenses": 0, "sellingGeneralAndAdministrativeExpenses": 64000000, "otherExpenses": -11700000, "operatingExpenses": 52300000, "costAndExpenses": 1560000000, "interestIncome": 17200000, "interestExpense": -3600000, "depreciationAndAmortization": 83300000, "ebitda": 416800000, "ebitdaratio": 0.2168912942, "operatingIncome": 361700000, "operatingIncomeRatio": 0.1882187646, "totalOtherIncomeExpensesNet": 28200000, "incomeBeforeTax": 387800000, "incomeBeforeTaxRatio": 0.2018004892, "incomeTaxExpense": 90900000, "netIncome": 280100000, "netIncomeRatio": 0.1457563616, "eps": 3.27, "epsdiluted": 2.6, "weightedAverageShsOut": 84144000, "weightedAverageShsOutDil": 107654000, "link": "https://www.sec.gov/Archives/edgar/data/764065/000119312507123585/0001193125-07-123585-index.htm", "finalLink": "https://www.sec.gov/Archives/edgar/data/764065/000119312507123585/d10k.htm", "calculatedOtherExpenses": -11700000, "calculatedOperatingExpenses": 52300000, "calculatedNetInterest": 20800000, "calculatedOtherIncome": 5300000, "calculatedIncomeNonControlling": 16800000, "calculatedEbitda": 445000000}, {"date": "2005-12-31", "symbol": "CLF", "reportedCurrency": "USD", "cik": "0000764065", "fillingDate": "2006-02-21", "acceptedDate": "2006-02-21 10:30:27", "calendarYear": "2005", "period": "FY", "revenue": 1739500000, "costOfRevenue": 1350500000, "grossProfit": 389000000, "grossProfitRatio": 0.2236274792, "researchAndDevelopmentExpenses": 0, "generalAndAdministrativeExpenses": 0, "sellingAndMarketingExpenses": 0, "sellingGeneralAndAdministrativeExpenses": 47900000, "otherExpenses": -1100000, "operatingExpenses": 46800000, "costAndExpenses": 1397300000, "interestIncome": 13900000, "interestExpense": -4500000, "depreciationAndAmortization": 52800000, "ebitda": 363100000, "ebitdaratio": 0.2087381431, "operatingIncome": 342200000, "operatingIncomeRatio": 0.1967231963, "totalOtherIncomeExpensesNet": 31900000, "incomeBeforeTax": 368100000, "incomeBeforeTaxRatio": 0.2116125323, "incomeTaxExpense": 84800000, "netIncome": 277600000, "netIncomeRatio": 0.159586088, "eps": 3.13, "epsdiluted": 2.5, "weightedAverageShsOut": 86912000, "weightedAverageShsOutDil": 111346000, "link": "https://www.sec.gov/Archives/edgar/data/764065/000095015206001335/0000950152-06-001335-index.htm", "finalLink": "https://www.sec.gov/Archives/edgar/data/764065/000095015206001335/l17428ae10vk.htm", "calculatedOtherExpenses": -1100000, "calculatedOperatingExpenses": 46800000, "calculatedNetInterest": 18400000, "calculatedOtherIncome": 7500000, "calculatedIncomeNonControlling": 5700000, "calculatedEbitda": 395000000}, {"date": "2004-12-31", "symbol": "CLF", "reportedCurrency": "USD", "cik": "0000764065", "fillingDate": "2005-02-22", "acceptedDate": "2005-02-22 17:24:24", "calendarYear": "2004", "period": "FY", "revenue": 1206700000, "costOfRevenue": 1056800000, "grossProfit": 149900000, "grossProfitRatio": 0.1242230878, "researchAndDevelopmentExpenses": 0, "generalAndAdministrativeExpenses": 0, "sellingAndMarketingExpenses": 0, "sellingGeneralAndAdministrativeExpenses": 37600000, "otherExpenses": 141400000, "operatingExpenses": 179000000, "costAndExpenses": 1235800000, "interestIncome": 11500000, "interestExpense": -800000, "depreciationAndAmortization": 29300000, "ebitda": -309300000, "ebitdaratio": -0.2563188862, "operatingIncome": -29100000, "operatingIncomeRatio": -0.0241153559, "totalOtherIncomeExpensesNet": 309500000, "incomeBeforeTax": 285600000, "incomeBeforeTaxRatio": 0.2366785448, "incomeTaxExpense": -34900000, "netIncome": 323600000, "netIncomeRatio": 0.2681693876, "eps": 3.74, "epsdiluted": 2.95, "weightedAverageShsOut": 85232000, "weightedAverageShsOutDil": 109684000, "link": "https://www.sec.gov/Archives/edgar/data/764065/000095015205001410/0000950152-05-001410-index.htm", "finalLink": "https://www.sec.gov/Archives/edgar/data/764065/000095015205001410/l11082ae10vk.htm", "calculatedOtherExpenses": 141400000, "calculatedOperatingExpenses": 179000000, "calculatedNetInterest": 12300000, "calculatedOtherIncome": 302400000, "calculatedIncomeNonControlling": -3100000, "calculatedEbitda": 200000}, {"date": "2003-12-31", "symbol": "CLF", "reportedCurrency": "USD", "cik": "0000764065", "fillingDate": "2004-02-13", "acceptedDate": "2004-02-13 14:41:43", "calendarYear": "2003", "period": "FY", "revenue": 857700000, "costOfRevenue": 835000000, "grossProfit": 22700000, "grossProfitRatio": 0.0264661303, "researchAndDevelopmentExpenses": 0, "generalAndAdministrativeExpenses": 0, "sellingAndMarketingExpenses": 0, "sellingGeneralAndAdministrativeExpenses": 25100000, "otherExpenses": 32800000, "operatingExpenses": 25100000, "costAndExpenses": 860100000, "interestIncome": 10600000, "interestExpense": 4600000, "depreciationAndAmortization": 29000000, "ebitda": 42900000, "ebitdaratio": 0.0500174886, "operatingIncome": -2400000, "operatingIncomeRatio": -0.0027981812, "totalOtherIncomeExpensesNet": -16300000, "incomeBeforeTax": -35200000, "incomeBeforeTaxRatio": -0.0410399907, "incomeTaxExpense": -300000, "netIncome": -32700000, "netIncomeRatio": -0.0381252186, "eps": -0.4, "epsdiluted": -0.4, "weightedAverageShsOut": 82048000, "weightedAverageShsOutDil": 82048000, "link": "https://www.sec.gov/Archives/edgar/data/764065/000095015204001088/0000950152-04-001088-index.htm", "finalLink": "https://www.sec.gov/Archives/edgar/data/764065/000095015204001088/l04393ae10vk.htm", "calculatedOtherExpenses": 0, "calculatedOperatingExpenses": 25100000, "calculatedNetInterest": 6000000, "calculatedOtherIncome": -38800000, "calculatedIncomeNonControlling": -2200000, "calculatedEbitda": 26600000}, {"date": "2002-12-31", "symbol": "CLF", "reportedCurrency": "USD", "cik": "0000764065", "fillingDate": "2003-02-05", "acceptedDate": "2003-02-05 16:48:54", "calendarYear": "2002", "period": "FY", "revenue": 598600000, "costOfRevenue": 582700000, "grossProfit": 15900000, "grossProfitRatio": 0.0265619779, "researchAndDevelopmentExpenses": 0, "generalAndAdministrativeExpenses": 0, "sellingAndMarketingExpenses": 0, "sellingGeneralAndAdministrativeExpenses": 23800000, "otherExpenses": 67900000, "operatingExpenses": 23800000, "costAndExpenses": 606500000, "interestIncome": 4800000, "interestExpense": 6600000, "depreciationAndAmortization": 33900000, "ebitda": 134900000, "ebitdaratio": 0.2253591714, "operatingIncome": -7900000, "operatingIncomeRatio": -0.0131974607, "totalOtherIncomeExpensesNet": -108900000, "incomeBeforeTax": -57300000, "incomeBeforeTaxRatio": -0.0957233545, "incomeTaxExpense": 9100000, "netIncome": -188300000, "netIncomeRatio": -0.3145673238, "eps": -2.33, "epsdiluted": -2.33, "weightedAverageShsOut": 80989247, "weightedAverageShsOutDil": 80989247, "link": "https://www.sec.gov/Archives/edgar/data/764065/000095015203001089/0000950152-03-001089-index.htm", "finalLink": "https://www.sec.gov/Archives/edgar/data/764065/000095015203001089/l97542ae10vk.htm", "calculatedOtherExpenses": 0, "calculatedOperatingExpenses": 23800000, "calculatedNetInterest": -1800000, "calculatedOtherIncome": -47600000, "calculatedIncomeNonControlling": 121900000, "calculatedEbitda": 26000000}, {"date": "2001-12-31", "symbol": "CLF", "reportedCurrency": "USD", "cik": "0000764065", "fillingDate": "2002-02-05", "acceptedDate": "2002-02-05 00:00:00", "calendarYear": "2001", "period": "FY", "revenue": 330400000, "costOfRevenue": 401800000, "grossProfit": -71400000, "grossProfitRatio": -0.2161016949, "researchAndDevelopmentExpenses": 0, "generalAndAdministrativeExpenses": 0, "sellingAndMarketingExpenses": 0, "sellingGeneralAndAdministrativeExpenses": 21000000, "otherExpenses": 0, "operatingExpenses": 21000000, "costAndExpenses": 422800000, "interestIncome": 0, "interestExpense": 0, "depreciationAndAmortization": 26200000, "ebitda": -110500000, "ebitdaratio": -0.3344430993, "operatingIncome": -92400000, "operatingIncomeRatio": -0.2796610169, "totalOtherIncomeExpensesNet": 44300000, "incomeBeforeTax": -53600000, "incomeBeforeTaxRatio": -0.1622276029, "incomeTaxExpense": -16300000, "netIncome": -22900000, "netIncomeRatio": -0.0693099274, "eps": -0.29, "epsdiluted": -0.29, "weightedAverageShsOut": 80350877, "weightedAverageShsOutDil": 80350877, "link": "https://www.sec.gov/Archives/edgar/data/764065/000095015202000749/0000950152-02-000749-index.htm", "finalLink": "https://www.sec.gov/Archives/edgar/data/764065/000095015202000749/l91859ae10-k405.htm", "calculatedOtherExpenses": 0, "calculatedOperatingExpenses": 21000000, "calculatedNetInterest": 0, "calculatedOtherIncome": 38800000, "calculatedIncomeNonControlling": -14400000, "calculatedEbitda": -66200000}, {"date": "2000-12-31", "symbol": "CLF", "reportedCurrency": "USD", "cik": "0000764065", "fillingDate": "2001-02-02", "acceptedDate": "2001-02-02 00:00:00", "calendarYear": "2000", "period": "FY", "revenue": 430100000, "costOfRevenue": 354600000, "grossProfit": 75500000, "grossProfitRatio": 0.175540572, "researchAndDevelopmentExpenses": 0, "generalAndAdministrativeExpenses": 0, "sellingAndMarketingExpenses": 0, "sellingGeneralAndAdministrativeExpenses": 18700000, "otherExpenses": 25600000, "operatingExpenses": 44300000, "costAndExpenses": 398900000, "interestIncome": 0, "interestExpense": 0, "depreciationAndAmortization": 25600000, "ebitda": 65000000, "ebitdaratio": 0.1511276447, "operatingIncome": 31200000, "operatingIncomeRatio": 0.0725412695, "totalOtherIncomeExpensesNet": -8200000, "incomeBeforeTax": 16600000, "incomeBeforeTaxRatio": 0.0385956754, "incomeTaxExpense": -1500000, "netIncome": 18100000, "netIncomeRatio": 0.0420832365, "eps": 0.22, "epsdiluted": 0.22, "weightedAverageShsOut": 83218391, "weightedAverageShsOutDil": 84186047, "link": "https://www.sec.gov/Archives/edgar/data/764065/000095015201000576/0000950152-01-000576-index.htm", "finalLink": "https://www.sec.gov/Archives/edgar/data/764065/000095015201000576/l84351ae10-k405.htm", "calculatedOtherExpenses": 25600000, "calculatedOperatingExpenses": 44300000, "calculatedNetInterest": 0, "calculatedOtherIncome": -14600000, "calculatedIncomeNonControlling": 0, "calculatedEbitda": 56800000}, {"date": "1999-12-31", "symbol": "CLF", "reportedCurrency": "USD", "cik": "0000764065", "fillingDate": "2000-03-16", "acceptedDate": "2000-03-16 00:00:00", "calendarYear": "1999", "period": "FY", "revenue": 361400000, "costOfRevenue": 296500000, "grossProfit": 64900000, "grossProfitRatio": 0.1795794134, "researchAndDevelopmentExpenses": 0, "generalAndAdministrativeExpenses": 0, "sellingAndMarketingExpenses": 0, "sellingGeneralAndAdministrativeExpenses": 16100000, "otherExpenses": 22500000, "operatingExpenses": 38600000, "costAndExpenses": 335100000, "interestIncome": 0, "interestExpense": 0, "depreciationAndAmortization": 22500000, "ebitda": 66700000, "ebitdaratio": 0.1845600443, "operatingIncome": 26300000, "operatingIncomeRatio": 0.0727725512, "totalOtherIncomeExpensesNet": -17900000, "incomeBeforeTax": 4700000, "incomeBeforeTaxRatio": 0.0130049806, "incomeTaxExpense": -100000, "netIncome": 4800000, "netIncomeRatio": 0.0132816823, "eps": 0.0538, "epsdiluted": 0.0538, "weightedAverageShsOut": 88800000, "weightedAverageShsOutDil": 88800000, "link": "https://www.sec.gov/Archives/edgar/data/764065/000095015200001759/0000950152-00-001759-index.html", "finalLink": "https://www.sec.gov/Archives/edgar/data/764065/000095015200001759/0000950152-00-001759-d1.html", "calculatedOtherExpenses": 22500000, "calculatedOperatingExpenses": 38600000, "calculatedNetInterest": 0, "calculatedOtherIncome": -21600000, "calculatedIncomeNonControlling": 0, "calculatedEbitda": 48800000}, {"date": "1998-12-31", "symbol": "CLF", "reportedCurrency": "USD", "cik": "0000764065", "fillingDate": "1999-03-25", "acceptedDate": "1999-03-25 00:00:00", "calendarYear": "1998", "period": "FY", "revenue": 493800000, "costOfRevenue": 377700000, "grossProfit": 116100000, "grossProfitRatio": 0.2351154313, "researchAndDevelopmentExpenses": 0, "generalAndAdministrativeExpenses": 0, "sellingAndMarketingExpenses": 0, "sellingGeneralAndAdministrativeExpenses": 18700000, "otherExpenses": 20300000, "operatingExpenses": 39000000, "costAndExpenses": 416700000, "interestIncome": 0, "interestExpense": 0, "depreciationAndAmortization": 20300000, "ebitda": 102300000, "ebitdaratio": 0.2071688943, "operatingIncome": 77100000, "operatingIncomeRatio": 0.1561360875, "totalOtherIncomeExpensesNet": -4900000, "incomeBeforeTax": 71800000, "incomeBeforeTaxRatio": 0.1454029972, "incomeTaxExpense": 14400000, "netIncome": 57400000, "netIncomeRatio": 0.1162413933, "eps": 0.64, "epsdiluted": 0.63, "weightedAverageShsOut": 89600000, "weightedAverageShsOutDil": 90400000, "link": "https://www.sec.gov/Archives/edgar/data/764065/000095015299002386/0000950152-99-002386-index.html", "finalLink": "https://www.sec.gov/Archives/edgar/data/764065/", "calculatedOtherExpenses": 20300000, "calculatedOperatingExpenses": 39000000, "calculatedNetInterest": 0, "calculatedOtherIncome": -5300000, "calculatedIncomeNonControlling": 0, "calculatedEbitda": 97400000}, {"date": "1997-12-31", "symbol": "CLF", "reportedCurrency": "USD", "cik": "0000764065", "fillingDate": "1998-03-25", "acceptedDate": "1998-03-25 00:00:00", "calendarYear": "1997", "period": "FY", "revenue": 438900000, "costOfRevenue": 335600000, "grossProfit": 103300000, "grossProfitRatio": 0.2353611301, "researchAndDevelopmentExpenses": 0, "generalAndAdministrativeExpenses": 0, "sellingAndMarketingExpenses": 0, "sellingGeneralAndAdministrativeExpenses": 17100000, "otherExpenses": 18900000, "operatingExpenses": 36000000, "costAndExpenses": 371600000, "interestIncome": 0, "interestExpense": 0, "depreciationAndAmortization": 18900000, "ebitda": 78300000, "ebitdaratio": 0.1784005468, "operatingIncome": 67300000, "operatingIncomeRatio": 0.1533378902, "totalOtherIncomeExpensesNet": 7900000, "incomeBeforeTax": 72600000, "incomeBeforeTaxRatio": 0.1654135338, "incomeTaxExpense": 17700000, "netIncome": 54900000, "netIncomeRatio": 0.1250854409, "eps": 0.6, "epsdiluted": 0.6, "weightedAverageShsOut": 91200000, "weightedAverageShsOutDil": 92000000, "link": "https://www.sec.gov/Archives/edgar/data/764065/000095015298002350/0000950152-98-002350-index.html", "finalLink": "https://www.sec.gov/Archives/edgar/data/764065/", "calculatedOtherExpenses": 18900000, "calculatedOperatingExpenses": 36000000, "calculatedNetInterest": 0, "calculatedOtherIncome": 5300000, "calculatedIncomeNonControlling": 0, "calculatedEbitda": 86200000}, {"date": "1996-12-31", "symbol": "CLF", "reportedCurrency": "USD", "cik": "0000764065", "fillingDate": "1997-03-26", "acceptedDate": "1997-03-26 00:00:00", "calendarYear": "1996", "period": "FY", "revenue": 503200000, "costOfRevenue": 375300000, "grossProfit": 127900000, "grossProfitRatio": 0.2541732909, "researchAndDevelopmentExpenses": 0, "generalAndAdministrativeExpenses": 0, "sellingAndMarketingExpenses": 0, "sellingGeneralAndAdministrativeExpenses": 16700000, "otherExpenses": 17600000, "operatingExpenses": 34300000, "costAndExpenses": 409600000, "interestIncome": 0, "interestExpense": 0, "depreciationAndAmortization": 17600000, "ebitda": 104700000, "ebitdaratio": 0.2080683625, "operatingIncome": 93600000, "operatingIncomeRatio": 0.186009539, "totalOtherIncomeExpensesNet": 6500000, "incomeBeforeTax": 95500000, "incomeBeforeTaxRatio": 0.1897853736, "incomeTaxExpense": 34500000, "netIncome": 61000000, "netIncomeRatio": 0.1212241653, "eps": 0.66, "epsdiluted": 0.65, "weightedAverageShsOut": 92775665, "weightedAverageShsOutDil": 93307839, "link": "https://www.sec.gov/Archives/edgar/data/764065/000095015297002212/0000950152-97-002212-index.html", "finalLink": "https://www.sec.gov/Archives/edgar/data/764065/", "calculatedOtherExpenses": 17600000, "calculatedOperatingExpenses": 34300000, "calculatedNetInterest": 0, "calculatedOtherIncome": 1900000, "calculatedIncomeNonControlling": 0, "calculatedEbitda": 111200000}, {"date": "1995-12-31", "symbol": "CLF", "reportedCurrency": "USD", "cik": "0000764065", "fillingDate": "1996-03-26", "acceptedDate": "1996-03-26 00:00:00", "calendarYear": "1995", "period": "FY", "revenue": 460700000, "costOfRevenue": 339600000, "grossProfit": 121100000, "grossProfitRatio": 0.2628608639, "researchAndDevelopmentExpenses": 0, "generalAndAdministrativeExpenses": 0, "sellingAndMarketingExpenses": 0, "sellingGeneralAndAdministrativeExpenses": 15100000, "otherExpenses": 16800000, "operatingExpenses": 31900000, "costAndExpenses": 371500000, "interestIncome": 0, "interestExpense": 0, "depreciationAndAmortization": 16800000, "ebitda": 117100000, "ebitdaratio": 0.2541784241, "operatingIncome": 89200000, "operatingIncomeRatio": 0.1936184068, "totalOtherIncomeExpensesNet": -11100000, "incomeBeforeTax": 71600000, "incomeBeforeTaxRatio": 0.1554156718, "incomeTaxExpense": 10700000, "netIncome": 57800000, "netIncomeRatio": 0.1254612546, "eps": 0.61, "epsdiluted": 0.6, "weightedAverageShsOut": 95537190, "weightedAverageShsOutDil": 95933610, "link": "https://www.sec.gov/Archives/edgar/data/764065/000095015296001164/0000950152-96-001164-index.html", "finalLink": "https://www.sec.gov/Archives/edgar/data/764065/", "calculatedOtherExpenses": 16800000, "calculatedOperatingExpenses": 31900000, "calculatedNetInterest": 0, "calculatedOtherIncome": -17600000, "calculatedIncomeNonControlling": 3100000, "calculatedEbitda": 106000000}, {"date": "1994-12-31", "symbol": "CLF", "reportedCurrency": "USD", "cik": "0000764065", "fillingDate": "1995-03-27", "acceptedDate": "1995-03-27 00:00:00", "calendarYear": "1994", "period": "FY", "revenue": 388900000, "costOfRevenue": 285500000, "grossProfit": 103400000, "grossProfitRatio": 0.2658781178, "researchAndDevelopmentExpenses": 0, "generalAndAdministrativeExpenses": 0, "sellingAndMarketingExpenses": 0, "sellingGeneralAndAdministrativeExpenses": 15900000, "otherExpenses": 14400000, "operatingExpenses": 30300000, "costAndExpenses": 315800000, "interestIncome": 0, "interestExpense": 0, "depreciationAndAmortization": 14400000, "ebitda": 96500000, "ebitdaratio": 0.2481357675, "operatingIncome": 73100000, "operatingIncomeRatio": 0.1879660581, "totalOtherIncomeExpensesNet": -9000000, "incomeBeforeTax": 57500000, "incomeBeforeTaxRatio": 0.1478529185, "incomeTaxExpense": 14700000, "netIncome": 42800000, "netIncomeRatio": 0.1100539985, "eps": 0.44, "epsdiluted": 0.44, "weightedAverageShsOut": 96723164, "weightedAverageShsOutDil": 96723164, "link": "https://www.sec.gov/Archives/edgar/data/764065/000095015295000442/0000950152-95-000442-index.html", "finalLink": "https://www.sec.gov/Archives/edgar/data/764065/", "calculatedOtherExpenses": 14400000, "calculatedOperatingExpenses": 30300000, "calculatedNetInterest": 0, "calculatedOtherIncome": -15600000, "calculatedIncomeNonControlling": 0, "calculatedEbitda": 87500000}, {"date": "1993-12-31", "symbol": "CLF", "reportedCurrency": "USD", "cik": "0000764065", "fillingDate": "1994-03-28", "acceptedDate": "1994-03-28 00:00:00", "calendarYear": "1993", "period": "FY", "revenue": 355900000, "costOfRevenue": 239300000, "grossProfit": 116600000, "grossProfitRatio": 0.327620118, "researchAndDevelopmentExpenses": 0, "generalAndAdministrativeExpenses": 0, "sellingAndMarketingExpenses": 0, "sellingGeneralAndAdministrativeExpenses": 15200000, "otherExpenses": 13500000, "operatingExpenses": 28700000, "costAndExpenses": 268000000, "interestIncome": 0, "interestExpense": 0, "depreciationAndAmortization": 13500000, "ebitda": 107000000, "ebitdaratio": 0.3006462489, "operatingIncome": 87900000, "operatingIncomeRatio": 0.2469794886, "totalOtherIncomeExpensesNet": -5600000, "incomeBeforeTax": 75700000, "incomeBeforeTaxRatio": 0.2127001967, "incomeTaxExpense": 21100000, "netIncome": 54600000, "netIncomeRatio": 0.1534138803, "eps": 0.57, "epsdiluted": 0.57, "weightedAverageShsOut": 96000000, "weightedAverageShsOutDil": 96423841, "link": "https://www.sec.gov/Archives/edgar/data/764065/000095015294000326/0000950152-94-000326-index.html", "finalLink": "https://www.sec.gov/Archives/edgar/data/764065/", "calculatedOtherExpenses": 13500000, "calculatedOperatingExpenses": 28700000, "calculatedNetInterest": 0, "calculatedOtherIncome": -12200000, "calculatedIncomeNonControlling": 0, "calculatedEbitda": 101400000}, {"date": "1992-12-31", "symbol": "CLF", "reportedCurrency": "USD", "cik": "0000764065", "fillingDate": "1992-12-31", "acceptedDate": "1992-12-30 19:00:00", "calendarYear": "1992", "period": "FY", "revenue": 310700000, "costOfRevenue": 227000000, "grossProfit": 83700000, "grossProfitRatio": 0.2693916962, "researchAndDevelopmentExpenses": 0, "generalAndAdministrativeExpenses": 0, "sellingAndMarketingExpenses": 0, "sellingGeneralAndAdministrativeExpenses": 16600000, "otherExpenses": 14100000, "operatingExpenses": 30700000, "costAndExpenses": 257700000, "interestIncome": 0, "interestExpense": 0, "depreciationAndAmortization": 14100000, "ebitda": 73700000, "ebitdaratio": 0.2372063083, "operatingIncome": 53000000, "operatingIncomeRatio": 0.1705825555, "totalOtherIncomeExpensesNet": -6600000, "incomeBeforeTax": 41400000, "incomeBeforeTaxRatio": 0.1332475056, "incomeTaxExpense": 10600000, "netIncome": -7900000, "netIncomeRatio": -0.0254264564, "eps": -0.0825, "epsdiluted": -0.0825, "weightedAverageShsOut": 95703704, "weightedAverageShsOutDil": 95703704, "link": "", "finalLink": "", "calculatedOtherExpenses": 14100000, "calculatedOperatingExpenses": 30700000, "calculatedNetInterest": 0, "calculatedOtherIncome": -11600000, "calculatedIncomeNonControlling": 38700000, "calculatedEbitda": 67100000}, {"date": "1991-12-31", "symbol": "CLF", "reportedCurrency": "USD", "cik": "0000764065", "fillingDate": "1991-12-31", "acceptedDate": "1991-12-30 19:00:00", "calendarYear": "1991", "period": "FY", "revenue": 317400000, "costOfRevenue": 239300000, "grossProfit": 78100000, "grossProfitRatio": 0.2460617517, "researchAndDevelopmentExpenses": 0, "generalAndAdministrativeExpenses": 0, "sellingAndMarketingExpenses": 0, "sellingGeneralAndAdministrativeExpenses": 19700000, "otherExpenses": 16000000, "operatingExpenses": 35700000, "costAndExpenses": 275000000, "interestIncome": 0, "interestExpense": 0, "depreciationAndAmortization": 16000000, "ebitda": 26900000, "ebitdaratio": 0.0847511027, "operatingIncome": 42400000, "operatingIncomeRatio": 0.1335853812, "totalOtherIncomeExpensesNet": 31500000, "incomeBeforeTax": 70100000, "incomeBeforeTaxRatio": 0.2208569628, "incomeTaxExpense": 16300000, "netIncome": 53800000, "netIncomeRatio": 0.1695022054, "eps": 0.57, "epsdiluted": 0.56, "weightedAverageShsOut": 94593407, "weightedAverageShsOutDil": 95432373, "link": "", "finalLink": "", "calculatedOtherExpenses": 16000000, "calculatedOperatingExpenses": 35700000, "calculatedNetInterest": 0, "calculatedOtherIncome": 27700000, "calculatedIncomeNonControlling": 0, "calculatedEbitda": 58400000}, {"date": "1990-12-31", "symbol": "CLF", "reportedCurrency": "USD", "cik": "0000764065", "fillingDate": "1990-12-31", "acceptedDate": "1990-12-30 19:00:00", "calendarYear": "1990", "period": "FY", "revenue": 309900000, "costOfRevenue": 249900000, "grossProfit": 60000000, "grossProfitRatio": 0.1936108422, "researchAndDevelopmentExpenses": 0, "generalAndAdministrativeExpenses": 0, "sellingAndMarketingExpenses": 0, "sellingGeneralAndAdministrativeExpenses": 15200000, "otherExpenses": 14600000, "operatingExpenses": 29800000, "costAndExpenses": 279700000, "interestIncome": 0, "interestExpense": 0, "depreciationAndAmortization": 14600000, "ebitda": -37700000, "ebitdaratio": -0.1216521459, "operatingIncome": 30200000, "operatingIncomeRatio": 0.0974507906, "totalOtherIncomeExpensesNet": 82500000, "incomeBeforeTax": 106600000, "incomeBeforeTaxRatio": 0.3439819297, "incomeTaxExpense": 32800000, "netIncome": 73800000, "netIncomeRatio": 0.2381413359, "eps": 0.79, "epsdiluted": 0.78, "weightedAverageShsOut": 93565769, "weightedAverageShsOutDil": 94313099, "link": "", "finalLink": "", "calculatedOtherExpenses": 14600000, "calculatedOperatingExpenses": 29800000, "calculatedNetInterest": 0, "calculatedOtherIncome": 76400000, "calculatedIncomeNonControlling": 0, "calculatedEbitda": 44800000}, {"date": "1989-12-31", "symbol": "CLF", "reportedCurrency": "USD", "cik": "0000764065", "fillingDate": "1989-12-31", "acceptedDate": "1989-12-30 19:00:00", "calendarYear": "1989", "period": "FY", "revenue": 350500000, "costOfRevenue": 224900000, "grossProfit": 125600000, "grossProfitRatio": 0.3583452211, "researchAndDevelopmentExpenses": 0, "generalAndAdministrativeExpenses": 0, "sellingAndMarketingExpenses": 0, "sellingGeneralAndAdministrativeExpenses": 17900000, "otherExpenses": 15000000, "operatingExpenses": 32900000, "costAndExpenses": 257800000, "interestIncome": 0, "interestExpense": 0, "depreciationAndAmortization": 15000000, "ebitda": 102500000, "ebitdaratio": 0.2924393723, "operatingIncome": 92700000, "operatingIncomeRatio": 0.2644793153, "totalOtherIncomeExpensesNet": 5200000, "incomeBeforeTax": 86900000, "incomeBeforeTaxRatio": 0.2479315264, "incomeTaxExpense": 24400000, "netIncome": 60600000, "netIncomeRatio": 0.1728958631, "eps": 0.65, "epsdiluted": 0.64, "weightedAverageShsOut": 93230769, "weightedAverageShsOutDil": 94135922, "link": "", "finalLink": "", "calculatedOtherExpenses": 15000000, "calculatedOperatingExpenses": 32900000, "calculatedNetInterest": 0, "calculatedOtherIncome": -5800000, "calculatedIncomeNonControlling": 1900000, "calculatedEbitda": 107700000}, {"date": "1988-12-31", "symbol": "CLF", "reportedCurrency": "USD", "cik": "0000764065", "fillingDate": "1988-12-31", "acceptedDate": "1988-12-30 19:00:00", "calendarYear": "1988", "period": "FY", "revenue": 393300000, "costOfRevenue": 279000000, "grossProfit": 114300000, "grossProfitRatio": 0.290617849, "researchAndDevelopmentExpenses": 0, "generalAndAdministrativeExpenses": 0, "sellingAndMarketingExpenses": 0, "sellingGeneralAndAdministrativeExpenses": 22000000, "otherExpenses": 20300000, "operatingExpenses": 42300000, "costAndExpenses": 321300000, "interestIncome": 0, "interestExpense": 0, "depreciationAndAmortization": 20300000, "ebitda": 87300000, "ebitdaratio": 0.2219679634, "operatingIncome": 72000000, "operatingIncomeRatio": 0.1830663616, "totalOtherIncomeExpensesNet": 5000000, "incomeBeforeTax": 64300000, "incomeBeforeTaxRatio": 0.1634884312, "incomeTaxExpense": 19600000, "netIncome": 39200000, "netIncomeRatio": 0.0996694635, "eps": 0.36, "epsdiluted": 0.35, "weightedAverageShsOut": 105454545, "weightedAverageShsOutDil": 106950355, "link": "", "finalLink": "", "calculatedOtherExpenses": 20300000, "calculatedOperatingExpenses": 42300000, "calculatedNetInterest": 0, "calculatedOtherIncome": -7700000, "calculatedIncomeNonControlling": 5500000, "calculatedEbitda": 92300000}, {"date": "1987-12-31", "symbol": "CLF", "reportedCurrency": "USD", "cik": "0000764065", "fillingDate": "1987-12-31", "acceptedDate": "1987-12-30 19:00:00", "calendarYear": "1987", "period": "FY", "revenue": 363200000, "costOfRevenue": 329200000, "grossProfit": 34000000, "grossProfitRatio": 0.0936123348, "researchAndDevelopmentExpenses": 0, "generalAndAdministrativeExpenses": 0, "sellingAndMarketingExpenses": 0, "sellingGeneralAndAdministrativeExpenses": 18900000, "otherExpenses": 2700000, "operatingExpenses": 21600000, "costAndExpenses": 350800000, "interestIncome": 0, "interestExpense": 0, "depreciationAndAmortization": 2700000, "ebitda": -33600000, "ebitdaratio": -0.0925110132, "operatingIncome": 12400000, "operatingIncomeRatio": 0.0341409692, "totalOtherIncomeExpensesNet": 48700000, "incomeBeforeTax": 48900000, "incomeBeforeTaxRatio": 0.1346365639, "incomeTaxExpense": 18300000, "netIncome": 12700000, "netIncomeRatio": 0.0349669604, "eps": 0.0712, "epsdiluted": 0.0712, "weightedAverageShsOut": 108070175, "weightedAverageShsOutDil": 108070175, "link": "", "finalLink": "", "calculatedOtherExpenses": 2700000, "calculatedOperatingExpenses": 21600000, "calculatedNetInterest": 0, "calculatedOtherIncome": 36500000, "calculatedIncomeNonControlling": 17900000, "calculatedEbitda": 15100000}, {"date": "1986-12-31", "symbol": "CLF", "reportedCurrency": "USD", "cik": "0000764065", "fillingDate": "1986-12-31", "acceptedDate": "1986-12-30 19:00:00", "calendarYear": "1986", "period": "FY", "revenue": 266800000, "costOfRevenue": 283700000, "grossProfit": -16900000, "grossProfitRatio": -0.0633433283, "researchAndDevelopmentExpenses": 0, "generalAndAdministrativeExpenses": 0, "sellingAndMarketingExpenses": 0, "sellingGeneralAndAdministrativeExpenses": 17300000, "otherExpenses": 17200000, "operatingExpenses": 34500000, "costAndExpenses": 318200000, "interestIncome": 0, "interestExpense": 0, "depreciationAndAmortization": 17200000, "ebitda": -37000000, "ebitdaratio": -0.1386806597, "operatingIncome": -51400000, "operatingIncomeRatio": -0.1926536732, "totalOtherIncomeExpensesNet": 2800000, "incomeBeforeTax": -55900000, "incomeBeforeTaxRatio": -0.2095202399, "incomeTaxExpense": -14200000, "netIncome": -41700000, "netIncomeRatio": -0.1562968516, "eps": -0.42, "epsdiluted": -0.42, "weightedAverageShsOut": 99361702, "weightedAverageShsOutDil": 99361702, "link": "", "finalLink": "", "calculatedOtherExpenses": 17200000, "calculatedOperatingExpenses": 34500000, "calculatedNetInterest": 0, "calculatedOtherIncome": -4500000, "calculatedIncomeNonControlling": 0, "calculatedEbitda": -34200000}, {"date": "1985-12-31", "symbol": "CLF", "reportedCurrency": "USD", "cik": "0000764065", "fillingDate": "1985-12-31", "acceptedDate": "1985-12-30 19:00:00", "calendarYear": "1985", "period": "FY", "revenue": 326400000, "costOfRevenue": 273000000, "grossProfit": 53400000, "grossProfitRatio": 0.1636029412, "researchAndDevelopmentExpenses": 0, "generalAndAdministrativeExpenses": 0, "sellingAndMarketingExpenses": 0, "sellingGeneralAndAdministrativeExpenses": 14900000, "otherExpenses": 18100000, "operatingExpenses": 33000000, "costAndExpenses": 306000000, "interestIncome": 0, "interestExpense": 0, "depreciationAndAmortization": 18100000, "ebitda": 29400000, "ebitdaratio": 0.0900735294, "operatingIncome": 20400000, "operatingIncomeRatio": 0.0625, "totalOtherIncomeExpensesNet": 9100000, "incomeBeforeTax": 22000000, "incomeBeforeTaxRatio": 0.0674019608, "incomeTaxExpense": 1900000, "netIncome": 20100000, "netIncomeRatio": 0.0615808824, "eps": 0.18, "epsdiluted": 0.18, "weightedAverageShsOut": 100821918, "weightedAverageShsOutDil": 100821918, "link": "", "finalLink": "", "calculatedOtherExpenses": 18100000, "calculatedOperatingExpenses": 33000000, "calculatedNetInterest": 0, "calculatedOtherIncome": 1600000, "calculatedIncomeNonControlling": 0, "calculatedEbitda": 38500000}]}