{"originalCurrency": "USD", "convertedCurrency": "USD", "report": [{"date": "2023-12-31", "symbol": "CLH", "reportedCurrency": "USD", "cik": "0000822818", "fillingDate": "2024-02-21", "acceptedDate": "2024-02-21 11:39:04", "calendarYear": "2023", "period": "FY", "revenue": 5409152000, "costOfRevenue": 3746124000, "grossProfit": 1663028000, "grossProfitRatio": 0.3074470823, "researchAndDevelopmentExpenses": 0, "generalAndAdministrativeExpenses": 0, "sellingAndMarketingExpenses": 0, "sellingGeneralAndAdministrativeExpenses": 671161000, "otherExpenses": 2315000, "operatingExpenses": 1050589000, "costAndExpenses": 4796713000, "interestIncome": 11930000, "interestExpense": 120525000, "depreciationAndAmortization": 365761000, "ebitda": 992445000, "ebitdaratio": 0.1834751547, "operatingIncome": 612439000, "operatingIncomeRatio": 0.1132227381, "totalOtherIncomeExpensesNet": -565000, "incomeBeforeTax": 503279000, "incomeBeforeTaxRatio": 0.0930421256, "incomeTaxExpense": 125423000, "netIncome": 377856000, "netIncomeRatio": 0.0698549421, "eps": 6.99, "epsdiluted": 6.95, "weightedAverageShsOut": 54071000, "weightedAverageShsOutDil": 54382000, "link": "https://www.sec.gov/Archives/edgar/data/822818/000082281824000008/0000822818-24-000008-index.htm", "finalLink": "https://www.sec.gov/Archives/edgar/data/822818/000082281824000008/clh-20231231.htm", "calculatedOtherExpenses": 379428000, "calculatedOperatingExpenses": 1050589000, "calculatedNetInterest": -108595000, "calculatedOtherIncome": -565000, "calculatedIncomeNonControlling": 0, "calculatedEbitda": 978200000}, {"date": "2022-12-31", "symbol": "CLH", "reportedCurrency": "USD", "cik": "0000822818", "fillingDate": "2023-03-01", "acceptedDate": "2023-03-01 11:17:19", "calendarYear": "2022", "period": "FY", "revenue": 5166605000, "costOfRevenue": 3543930000, "grossProfit": 1622675000, "grossProfitRatio": 0.3140698776, "researchAndDevelopmentExpenses": 0, "generalAndAdministrativeExpenses": 0, "sellingAndMarketingExpenses": 0, "sellingGeneralAndAdministrativeExpenses": 627391000, "otherExpenses": 2472000, "operatingExpenses": 987928000, "costAndExpenses": 4531858000, "interestIncome": 4607000, "interestExpense": 112270000, "depreciationAndAmortization": 347594000, "ebitda": 989420000, "ebitdaratio": 0.1915029308, "operatingIncome": 634747000, "operatingIncomeRatio": 0.1228557244, "totalOtherIncomeExpensesNet": 10914000, "incomeBeforeTax": 537998000, "incomeBeforeTaxRatio": 0.104129888, "incomeTaxExpense": 126254000, "netIncome": 411744000, "netIncomeRatio": 0.0796933383, "eps": 7.59, "epsdiluted": 7.56, "weightedAverageShsOut": 54223000, "weightedAverageShsOutDil": 54487000, "link": "https://www.sec.gov/Archives/edgar/data/822818/000082281823000015/0000822818-23-000015-index.htm", "finalLink": "https://www.sec.gov/Archives/edgar/data/822818/000082281823000015/clh-20221231.htm", "calculatedOtherExpenses": 360537000, "calculatedOperatingExpenses": 987928000, "calculatedNetInterest": -107663000, "calculatedOtherIncome": 10914000, "calculatedIncomeNonControlling": 0, "calculatedEbitda": 982341000}, {"date": "2021-12-31", "symbol": "CLH", "reportedCurrency": "USD", "cik": "0000822818", "fillingDate": "2022-02-23", "acceptedDate": "2022-02-23 10:46:31", "calendarYear": "2021", "period": "FY", "revenue": 3805566000, "costOfRevenue": 2609837000, "grossProfit": 1195729000, "grossProfitRatio": 0.3142052982, "researchAndDevelopmentExpenses": 0, "generalAndAdministrativeExpenses": 0, "sellingAndMarketingExpenses": 0, "sellingGeneralAndAdministrativeExpenses": 537962000, "otherExpenses": -515000, "operatingExpenses": 847842000, "costAndExpenses": 3457679000, "interestIncome": 2218000, "interestExpense": 79875000, "depreciationAndAmortization": 298135000, "ebitda": 647725000, "ebitdaratio": 0.1702046424, "operatingIncome": 347887000, "operatingIncomeRatio": 0.0914153112, "totalOtherIncomeExpensesNet": -515000, "incomeBeforeTax": 269715000, "incomeBeforeTaxRatio": 0.0708738201, "incomeTaxExpense": 66468000, "netIncome": 203247000, "netIncomeRatio": 0.0534078242, "eps": 3.73, "epsdiluted": 3.71, "weightedAverageShsOut": 54514000, "weightedAverageShsOutDil": 54761000, "link": "https://www.sec.gov/Archives/edgar/data/822818/000082281822000008/0000822818-22-000008-index.htm", "finalLink": "https://www.sec.gov/Archives/edgar/data/822818/000082281822000008/clh-20211231.htm", "calculatedOtherExpenses": 309880000, "calculatedOperatingExpenses": 847842000, "calculatedNetInterest": -77657000, "calculatedOtherIncome": -515000, "calculatedIncomeNonControlling": 0, "calculatedEbitda": 646022000}, {"date": "2020-12-31", "symbol": "CLH", "reportedCurrency": "USD", "cik": "0000822818", "fillingDate": "2021-02-24", "acceptedDate": "2021-02-24 10:58:05", "calendarYear": "2020", "period": "FY", "revenue": 3144097000, "costOfRevenue": 2137751000, "grossProfit": 1006346000, "grossProfitRatio": 0.3200747305, "researchAndDevelopmentExpenses": 0, "generalAndAdministrativeExpenses": 0, "sellingAndMarketingExpenses": 0, "sellingGeneralAndAdministrativeExpenses": 451044000, "otherExpenses": -290000, "operatingExpenses": 755010000, "costAndExpenses": 2892761000, "interestIncome": 3462000, "interestExpense": 76582000, "depreciationAndAmortization": 292915000, "ebitda": 547423000, "ebitdaratio": 0.1741113585, "operatingIncome": 251336000, "operatingIncomeRatio": 0.0799390095, "totalOtherIncomeExpensesNet": -3666000, "incomeBeforeTax": 174550000, "incomeBeforeTaxRatio": 0.055516735, "incomeTaxExpense": 39713000, "netIncome": 134837000, "netIncomeRatio": 0.0428857634, "eps": 2.43, "epsdiluted": 2.42, "weightedAverageShsOut": 55479000, "weightedAverageShsOutDil": 55690000, "link": "https://www.sec.gov/Archives/edgar/data/822818/000082281821000003/0000822818-21-000003-index.htm", "finalLink": "https://www.sec.gov/Archives/edgar/data/822818/000082281821000003/clh-20201231.htm", "calculatedOtherExpenses": 303966000, "calculatedOperatingExpenses": 755010000, "calculatedNetInterest": -73120000, "calculatedOtherIncome": -3666000, "calculatedIncomeNonControlling": 0, "calculatedEbitda": 544251000}, {"date": "2019-12-31", "symbol": "CLH", "reportedCurrency": "USD", "cik": "0000822818", "fillingDate": "2020-02-26", "acceptedDate": "2020-02-26 10:56:54", "calendarYear": "2019", "period": "FY", "revenue": 3412190000, "costOfRevenue": 2387819000, "grossProfit": 1024371000, "grossProfitRatio": 0.3002092498, "researchAndDevelopmentExpenses": 0, "generalAndAdministrativeExpenses": 0, "sellingAndMarketingExpenses": 0, "sellingGeneralAndAdministrativeExpenses": 484054000, "otherExpenses": 2897000, "operatingExpenses": 794915000, "costAndExpenses": 3182734000, "interestIncome": 4227000, "interestExpense": 82897000, "depreciationAndAmortization": 300725000, "ebitda": 537305000, "ebitdaratio": 0.1574663193, "operatingIncome": 229456000, "operatingIncomeRatio": 0.0672459623, "totalOtherIncomeExpensesNet": -2547000, "incomeBeforeTax": 148239000, "incomeBeforeTaxRatio": 0.0434439466, "incomeTaxExpense": 50499000, "netIncome": 97740000, "netIncomeRatio": 0.0286443604, "eps": 1.75, "epsdiluted": 1.74, "weightedAverageShsOut": 55845000, "weightedAverageShsOutDil": 56129000, "link": "https://www.sec.gov/Archives/edgar/data/822818/000082281820000002/0000822818-20-000002-index.htm", "finalLink": "https://www.sec.gov/Archives/edgar/data/822818/000082281820000002/clh-20191231x10k.htm", "calculatedOtherExpenses": 310861000, "calculatedOperatingExpenses": 794915000, "calculatedNetInterest": -78670000, "calculatedOtherIncome": -2547000, "calculatedIncomeNonControlling": 0, "calculatedEbitda": 530181000}, {"date": "2018-12-31", "symbol": "CLH", "reportedCurrency": "USD", "cik": "0000822818", "fillingDate": "2019-02-27", "acceptedDate": "2019-02-27 11:06:49", "calendarYear": "2018", "period": "FY", "revenue": 3300303000, "costOfRevenue": 2305551000, "grossProfit": 994752000, "grossProfitRatio": 0.3014123249, "researchAndDevelopmentExpenses": 0, "generalAndAdministrativeExpenses": 0, "sellingAndMarketingExpenses": 0, "sellingGeneralAndAdministrativeExpenses": 503747000, "otherExpenses": -4510000, "operatingExpenses": 812178000, "costAndExpenses": 3117729000, "interestIncome": 2958000, "interestExpense": 84052000, "depreciationAndAmortization": 298625000, "ebitda": 479647000, "ebitdaratio": 0.1453342314, "operatingIncome": 182574000, "operatingIncomeRatio": 0.0553203751, "totalOtherIncomeExpensesNet": -6998000, "incomeBeforeTax": 94482000, "incomeBeforeTaxRatio": 0.0286282805, "incomeTaxExpense": 28846000, "netIncome": 65636000, "netIncomeRatio": 0.0198878709, "eps": 1.17, "epsdiluted": 1.16, "weightedAverageShsOut": 56148000, "weightedAverageShsOutDil": 56340000, "link": "https://www.sec.gov/Archives/edgar/data/822818/000082281819000003/0000822818-19-000003-index.htm", "finalLink": "https://www.sec.gov/Archives/edgar/data/822818/000082281819000003/clh-20181231x10k.htm", "calculatedOtherExpenses": 308431000, "calculatedOperatingExpenses": 812178000, "calculatedNetInterest": -81094000, "calculatedOtherIncome": -6998000, "calculatedIncomeNonControlling": 0, "calculatedEbitda": 481199000}, {"date": "2017-12-31", "symbol": "CLH", "reportedCurrency": "USD", "cik": "0000822818", "fillingDate": "2018-02-28", "acceptedDate": "2018-02-28 15:36:56", "calendarYear": "2017", "period": "FY", "revenue": 2944978000, "costOfRevenue": 2062673000, "grossProfit": 882305000, "grossProfitRatio": 0.2995964656, "researchAndDevelopmentExpenses": 0, "generalAndAdministrativeExpenses": 0, "sellingAndMarketingExpenses": 0, "sellingGeneralAndAdministrativeExpenses": 456648000, "otherExpenses": -6119000, "operatingExpenses": 754530000, "costAndExpenses": 2817203000, "interestIncome": 1897000, "interestExpense": 87705000, "depreciationAndAmortization": 288422000, "ebitda": 411975000, "ebitdaratio": 0.1398906885, "operatingIncome": 127775000, "operatingIncomeRatio": 0.0433874209, "totalOtherIncomeExpensesNet": 16722000, "incomeBeforeTax": 58689000, "incomeBeforeTaxRatio": 0.019928502, "incomeTaxExpense": -42050000, "netIncome": 100739000, "netIncomeRatio": 0.0342070467, "eps": 1.77, "epsdiluted": 1.76, "weightedAverageShsOut": 57072000, "weightedAverageShsOutDil": 57200000, "link": "https://www.sec.gov/Archives/edgar/data/822818/000082281818000006/0000822818-18-000006-index.htm", "finalLink": "https://www.sec.gov/Archives/edgar/data/822818/000082281818000006/clh-20171231x10k.htm", "calculatedOtherExpenses": 297882000, "calculatedOperatingExpenses": 754530000, "calculatedNetInterest": -85808000, "calculatedOtherIncome": 16722000, "calculatedIncomeNonControlling": 0, "calculatedEbitda": 416197000}, {"date": "2016-12-31", "symbol": "CLH", "reportedCurrency": "USD", "cik": "0000822818", "fillingDate": "2017-02-22", "acceptedDate": "2017-02-22 16:40:14", "calendarYear": "2016", "period": "FY", "revenue": 2755226000, "costOfRevenue": 1932857000, "grossProfit": 822369000, "grossProfitRatio": 0.2984760597, "researchAndDevelopmentExpenses": 0, "generalAndAdministrativeExpenses": 0, "sellingAndMarketingExpenses": 0, "sellingGeneralAndAdministrativeExpenses": 422015000, "otherExpenses": 6195000, "operatingExpenses": 719194000, "costAndExpenses": 2652051000, "interestIncome": 784000, "interestExpense": 84309000, "depreciationAndAmortization": 287002000, "ebitda": 397156000, "ebitdaratio": 0.144146433, "operatingIncome": 69162000, "operatingIncomeRatio": 0.025102115, "totalOtherIncomeExpensesNet": -10934000, "incomeBeforeTax": 8716000, "incomeBeforeTaxRatio": 0.0031634429, "incomeTaxExpense": 48589000, "netIncome": -39873000, "netIncomeRatio": -0.0144717711, "eps": -0.69, "epsdiluted": -0.69, "weightedAverageShsOut": 57532000, "weightedAverageShsOutDil": 57532000, "link": "https://www.sec.gov/Archives/edgar/data/822818/000082281817000006/0000822818-17-000006-index.htm", "finalLink": "https://www.sec.gov/Archives/edgar/data/822818/000082281817000006/clh-20161231x10k.htm", "calculatedOtherExpenses": 331192000, "calculatedOperatingExpenses": 753207000, "calculatedNetInterest": -83525000, "calculatedOtherIncome": 23079000, "calculatedIncomeNonControlling": 0, "calculatedEbitda": 356164000}, {"date": "2015-12-31", "symbol": "CLH", "reportedCurrency": "USD", "cik": "0000822818", "fillingDate": "2016-02-25", "acceptedDate": "2016-02-25 15:39:09", "calendarYear": "2015", "period": "FY", "revenue": 3275137000, "costOfRevenue": 2356806000, "grossProfit": 918331000, "grossProfitRatio": 0.2803946827, "researchAndDevelopmentExpenses": 0, "generalAndAdministrativeExpenses": 0, "sellingAndMarketingExpenses": 0, "sellingGeneralAndAdministrativeExpenses": 414164000, "otherExpenses": -1380000, "operatingExpenses": 698760000, "costAndExpenses": 3055566000, "interestIncome": 626000, "interestExpense": 77179000, "depreciationAndAmortization": 274194000, "ebitda": 493011000, "ebitdaratio": 0.1505314129, "operatingIncome": 187579000, "operatingIncomeRatio": 0.0572736347, "totalOtherIncomeExpensesNet": -33372000, "incomeBeforeTax": 109646000, "incomeBeforeTaxRatio": 0.0334782942, "incomeTaxExpense": 65544000, "netIncome": 44102000, "netIncomeRatio": 0.0134656962, "eps": 0.76, "epsdiluted": 0.76, "weightedAverageShsOut": 58324000, "weightedAverageShsOutDil": 58434000, "link": "https://www.sec.gov/Archives/edgar/data/822818/000082281816000033/0000822818-16-000033-index.htm", "finalLink": "https://www.sec.gov/Archives/edgar/data/822818/000082281816000033/clh-20151231x10k.htm", "calculatedOtherExpenses": 316588000, "calculatedOperatingExpenses": 730752000, "calculatedNetInterest": -76553000, "calculatedOtherIncome": -1380000, "calculatedIncomeNonControlling": 0, "calculatedEbitda": 461773000}, {"date": "2014-12-31", "symbol": "CLH", "reportedCurrency": "USD", "cik": "0000822818", "fillingDate": "2015-03-02", "acceptedDate": "2015-03-02 16:44:39", "calendarYear": "2014", "period": "FY", "revenue": 3401636000, "costOfRevenue": 2441796000, "grossProfit": 959840000, "grossProfitRatio": 0.2821701087, "researchAndDevelopmentExpenses": 0, "generalAndAdministrativeExpenses": 0, "sellingAndMarketingExpenses": 0, "sellingGeneralAndAdministrativeExpenses": 437921000, "otherExpenses": 4380000, "operatingExpenses": 724616000, "costAndExpenses": 3166412000, "interestIncome": 819000, "interestExpense": 78487000, "depreciationAndAmortization": 276083000, "ebitda": 516506000, "ebitdaratio": 0.1518404674, "operatingIncome": 111810000, "operatingIncomeRatio": 0.0328694781, "totalOtherIncomeExpensesNet": -119034000, "incomeBeforeTax": 38522000, "incomeBeforeTaxRatio": 0.0113245509, "incomeTaxExpense": 66850000, "netIncome": -28328000, "netIncomeRatio": -0.0083277576, "eps": -0.47, "epsdiluted": -0.47, "weightedAverageShsOut": 60311000, "weightedAverageShsOutDil": 60311000, "link": "https://www.sec.gov/Archives/edgar/data/822818/000082281815000003/0000822818-15-000003-index.htm", "finalLink": "https://www.sec.gov/Archives/edgar/data/822818/000082281815000003/clh-20141231x10k.htm", "calculatedOtherExpenses": 410109000, "calculatedOperatingExpenses": 848030000, "calculatedNetInterest": -77668000, "calculatedOtherIncome": 4380000, "calculatedIncomeNonControlling": 0, "calculatedEbitda": 387893000}, {"date": "2013-12-31", "symbol": "CLH", "reportedCurrency": "USD", "cik": "0000822818", "fillingDate": "2014-03-03", "acceptedDate": "2014-03-03 14:57:50", "calendarYear": "2013", "period": "FY", "revenue": 3509656000, "costOfRevenue": 2542633000, "grossProfit": 967023000, "grossProfitRatio": 0.2755321319, "researchAndDevelopmentExpenses": 0, "generalAndAdministrativeExpenses": 0, "sellingAndMarketingExpenses": 0, "sellingGeneralAndAdministrativeExpenses": 470477000, "otherExpenses": 1705000, "operatingExpenses": 746467000, "costAndExpenses": 3289100000, "interestIncome": 507000, "interestExpense": 78883000, "depreciationAndAmortization": 264449000, "ebitda": 487217000, "ebitdaratio": 0.1388218674, "operatingIncome": 220556000, "operatingIncomeRatio": 0.0628426262, "totalOtherIncomeExpensesNet": 1705000, "incomeBeforeTax": 143885000, "incomeBeforeTaxRatio": 0.0409968954, "incomeTaxExpense": 48319000, "netIncome": 95566000, "netIncomeRatio": 0.0272294493, "eps": 1.58, "epsdiluted": 1.57, "weightedAverageShsOut": 60574000, "weightedAverageShsOutDil": 60728000, "link": "https://www.sec.gov/Archives/edgar/data/822818/000082281814000004/0000822818-14-000004-index.htm", "finalLink": "https://www.sec.gov/Archives/edgar/data/822818/000082281814000004/clh-20131231x10k.htm", "calculatedOtherExpenses": 275990000, "calculatedOperatingExpenses": 746467000, "calculatedNetInterest": -78376000, "calculatedOtherIncome": 1705000, "calculatedIncomeNonControlling": 0, "calculatedEbitda": 485005000}, {"date": "2012-12-31", "symbol": "CLH", "reportedCurrency": "USD", "cik": "0000822818", "fillingDate": "2013-03-06", "acceptedDate": "2013-03-06 12:01:03", "calendarYear": "2012", "period": "FY", "revenue": 2187908000, "costOfRevenue": 1540621000, "grossProfit": 647287000, "grossProfitRatio": 0.2958474488, "researchAndDevelopmentExpenses": 0, "generalAndAdministrativeExpenses": 0, "sellingAndMarketingExpenses": 0, "sellingGeneralAndAdministrativeExpenses": 273520000, "otherExpenses": -802000, "operatingExpenses": 445083000, "costAndExpenses": 1985704000, "interestIncome": 846000, "interestExpense": 48133000, "depreciationAndAmortization": 161646000, "ebitda": 363894000, "ebitdaratio": 0.1663205217, "operatingIncome": 202204000, "operatingIncomeRatio": 0.0924188768, "totalOtherIncomeExpensesNet": -27187000, "incomeBeforeTax": 127730000, "incomeBeforeTaxRatio": 0.0583799684, "incomeTaxExpense": -1944000, "netIncome": 129674000, "netIncomeRatio": 0.0592684884, "eps": 2.41, "epsdiluted": 2.4, "weightedAverageShsOut": 53884000, "weightedAverageShsOutDil": 54079000, "link": "https://www.sec.gov/Archives/edgar/data/822818/000144530513000500/0001445305-13-000500-index.htm", "finalLink": "https://www.sec.gov/Archives/edgar/data/822818/000144530513000500/clh-20121231x10k.htm", "calculatedOtherExpenses": 171563000, "calculatedOperatingExpenses": 445083000, "calculatedNetInterest": -47287000, "calculatedOtherIncome": -27187000, "calculatedIncomeNonControlling": 0, "calculatedEbitda": 363850000}, {"date": "2011-12-31", "symbol": "CLH", "reportedCurrency": "USD", "cik": "0000822818", "fillingDate": "2012-02-29", "acceptedDate": "2012-02-29 17:20:51", "calendarYear": "2011", "period": "FY", "revenue": 1984136000, "costOfRevenue": 1379991000, "grossProfit": 604145000, "grossProfitRatio": 0.3044876964, "researchAndDevelopmentExpenses": 0, "generalAndAdministrativeExpenses": 0, "sellingAndMarketingExpenses": 0, "sellingGeneralAndAdministrativeExpenses": 254137000, "otherExpenses": 6402000, "operatingExpenses": 386480000, "costAndExpenses": 1766471000, "interestIncome": 798000, "interestExpense": 40187000, "depreciationAndAmortization": 122663000, "ebitda": 347528000, "ebitdaratio": 0.1751533161, "operatingIncome": 217665000, "operatingIncomeRatio": 0.1097026615, "totalOtherIncomeExpensesNet": 6402000, "incomeBeforeTax": 184678000, "incomeBeforeTaxRatio": 0.0930772891, "incomeTaxExpense": 57426000, "netIncome": 127252000, "netIncomeRatio": 0.0641347166, "eps": 2.4, "epsdiluted": 2.39, "weightedAverageShsOut": 52961000, "weightedAverageShsOutDil": 53324000, "link": "https://www.sec.gov/Archives/edgar/data/822818/000144530512000549/0001445305-12-000549-index.htm", "finalLink": "https://www.sec.gov/Archives/edgar/data/822818/000144530512000549/clh-20111231x10k.htm", "calculatedOtherExpenses": 132343000, "calculatedOperatingExpenses": 386480000, "calculatedNetInterest": -39389000, "calculatedOtherIncome": 6402000, "calculatedIncomeNonControlling": 0, "calculatedEbitda": 340328000}, {"date": "2010-12-31", "symbol": "CLH", "reportedCurrency": "USD", "cik": "0000822818", "fillingDate": "2011-03-01", "acceptedDate": "2011-03-01 17:18:25", "calendarYear": "2010", "period": "FY", "revenue": 1731244000, "costOfRevenue": 1210740000, "grossProfit": 520504000, "grossProfitRatio": 0.3006531719, "researchAndDevelopmentExpenses": 0, "generalAndAdministrativeExpenses": 10307000, "sellingAndMarketingExpenses": 195505000, "sellingGeneralAndAdministrativeExpenses": 205812000, "otherExpenses": 2795000, "operatingExpenses": 308592000, "costAndExpenses": 1519332000, "interestIncome": 874000, "interestExpense": 28810000, "depreciationAndAmortization": 92473000, "ebitda": 308054000, "ebitdaratio": 0.1779379452, "operatingIncome": 211912000, "operatingIncomeRatio": 0.1224044675, "totalOtherIncomeExpensesNet": 501000, "incomeBeforeTax": 184477000, "incomeBeforeTaxRatio": 0.1065574812, "incomeTaxExpense": 56756000, "netIncome": 130515000, "netIncomeRatio": 0.0753879869, "eps": 2.48, "epsdiluted": 2.47, "weightedAverageShsOut": 52622000, "weightedAverageShsOutDil": 52932000, "link": "https://www.sec.gov/Archives/edgar/data/822818/000104746911001635/0001047469-11-001635-index.htm", "finalLink": "https://www.sec.gov/Archives/edgar/data/822818/000104746911001635/a2202164z10-k.htm", "calculatedOtherExpenses": 102780000, "calculatedOperatingExpenses": 308592000, "calculatedNetInterest": -27936000, "calculatedOtherIncome": 501000, "calculatedIncomeNonControlling": -2794000, "calculatedEbitda": 304385000}, {"date": "2009-12-31", "symbol": "CLH", "reportedCurrency": "USD", "cik": "0000822818", "fillingDate": "2010-03-01", "acceptedDate": "2010-03-01 17:25:52", "calendarYear": "2009", "period": "FY", "revenue": 1074220000, "costOfRevenue": 753483000, "grossProfit": 320737000, "grossProfitRatio": 0.2985766417, "researchAndDevelopmentExpenses": 0, "generalAndAdministrativeExpenses": 0, "sellingAndMarketingExpenses": 0, "sellingGeneralAndAdministrativeExpenses": 173774000, "otherExpenses": 0, "operatingExpenses": 238672000, "costAndExpenses": 992155000, "interestIncome": 825000, "interestExpense": 16824000, "depreciationAndAmortization": 64898000, "ebitda": 147788000, "ebitdaratio": 0.1375770326, "operatingIncome": 82890000, "operatingIncomeRatio": 0.0771629648, "totalOtherIncomeExpensesNet": -4594000, "incomeBeforeTax": 61472000, "incomeBeforeTaxRatio": 0.057224777, "incomeTaxExpense": 26225000, "netIncome": 36686000, "netIncomeRatio": 0.0341512912, "eps": 0.74, "epsdiluted": 0.74, "weightedAverageShsOut": 49634000, "weightedAverageShsOutDil": 49866000, "link": "https://www.sec.gov/Archives/edgar/data/822818/000104746910001670/0001047469-10-001670-index.htm", "finalLink": "https://www.sec.gov/Archives/edgar/data/822818/000104746910001670/a2196913z10-k.htm", "calculatedOtherExpenses": 64073000, "calculatedOperatingExpenses": 237847000, "calculatedNetInterest": -15999000, "calculatedOtherIncome": -5419000, "calculatedIncomeNonControlling": -1439000, "calculatedEbitda": 147788000}, {"date": "2008-12-31", "symbol": "CLH", "reportedCurrency": "USD", "cik": "0000822818", "fillingDate": "2009-03-02", "acceptedDate": "2009-03-02 17:08:04", "calendarYear": "2008", "period": "FY", "revenue": 1030713000, "costOfRevenue": 707820000, "grossProfit": 322893000, "grossProfitRatio": 0.3132714926, "researchAndDevelopmentExpenses": 0, "generalAndAdministrativeExpenses": 0, "sellingAndMarketingExpenses": 0, "sellingGeneralAndAdministrativeExpenses": 170450000, "otherExpenses": 0, "operatingExpenses": 214921000, "costAndExpenses": 922741000, "interestIncome": 5094000, "interestExpense": 13497000, "depreciationAndAmortization": 44471000, "ebitda": 157537000, "ebitdaratio": 0.1528427409, "operatingIncome": 113066000, "operatingIncomeRatio": 0.1096968797, "totalOtherIncomeExpensesNet": -5592000, "incomeBeforeTax": 93977000, "incomeBeforeTaxRatio": 0.0911766903, "incomeTaxExpense": 36491000, "netIncome": 57486000, "netIncomeRatio": 0.0557730425, "eps": 1.28, "epsdiluted": 1.25, "weightedAverageShsOut": 44930000, "weightedAverageShsOutDil": 45732000, "link": "https://www.sec.gov/Archives/edgar/data/822818/000104746909002140/0001047469-09-002140-index.htm", "finalLink": "https://www.sec.gov/Archives/edgar/data/822818/000104746909002140/a2191090z10-k.htm", "calculatedOtherExpenses": 39377000, "calculatedOperatingExpenses": 209827000, "calculatedNetInterest": -8403000, "calculatedOtherIncome": -10686000, "calculatedIncomeNonControlling": 0, "calculatedEbitda": 157537000}, {"date": "2007-12-31", "symbol": "CLH", "reportedCurrency": "USD", "cik": "0000822818", "fillingDate": "2008-03-11", "acceptedDate": "2008-03-10 18:29:52", "calendarYear": "2007", "period": "FY", "revenue": 946917000, "costOfRevenue": 664440000, "grossProfit": 282477000, "grossProfitRatio": 0.2983123125, "researchAndDevelopmentExpenses": 0, "generalAndAdministrativeExpenses": 0, "sellingAndMarketingExpenses": 0, "sellingGeneralAndAdministrativeExpenses": 159627000, "otherExpenses": 0, "operatingExpenses": 197217000, "costAndExpenses": 861657000, "interestIncome": 4023000, "interestExpense": 17180000, "depreciationAndAmortization": 37590000, "ebitda": 126873000, "ebitdaratio": 0.133985344, "operatingIncome": 85260000, "operatingIncomeRatio": 0.0900395705, "totalOtherIncomeExpensesNet": 135000, "incomeBeforeTax": 72238000, "incomeBeforeTaxRatio": 0.0762875733, "incomeTaxExpense": 28040000, "netIncome": 44198000, "netIncomeRatio": 0.0466756854, "eps": 1.11, "epsdiluted": 1.07, "weightedAverageShsOut": 39654000, "weightedAverageShsOutDil": 41260000, "link": "https://www.sec.gov/Archives/edgar/data/822818/000104746908002447/0001047469-08-002447-index.htm", "finalLink": "https://www.sec.gov/Archives/edgar/data/822818/000104746908002447/a2183336z10-k.htm", "calculatedOtherExpenses": 37590000, "calculatedOperatingExpenses": 197217000, "calculatedNetInterest": -13157000, "calculatedOtherIncome": 135000, "calculatedIncomeNonControlling": 0, "calculatedEbitda": 122850000}, {"date": "2006-12-31", "symbol": "CLH", "reportedCurrency": "USD", "cik": "0000822818", "fillingDate": "2007-03-16", "acceptedDate": "2007-03-16 17:16:09", "calendarYear": "2006", "period": "FY", "revenue": 829809000, "costOfRevenue": 584835000, "grossProfit": 244974000, "grossProfitRatio": 0.2952173331, "researchAndDevelopmentExpenses": 0, "generalAndAdministrativeExpenses": 0, "sellingAndMarketingExpenses": 0, "sellingGeneralAndAdministrativeExpenses": 125039000, "otherExpenses": 0, "operatingExpenses": 170598000, "costAndExpenses": 755433000, "interestIncome": 3589000, "interestExpense": 16036000, "depreciationAndAmortization": 36955000, "ebitda": 130527000, "ebitdaratio": 0.1572976432, "operatingIncome": 74376000, "operatingIncomeRatio": 0.0896302643, "totalOtherIncomeExpensesNet": -19135000, "incomeBeforeTax": 52953000, "incomeBeforeTaxRatio": 0.06381348, "incomeTaxExpense": 6339000, "netIncome": 46675000, "netIncomeRatio": 0.0562478835, "eps": 1.19, "epsdiluted": 1.13, "weightedAverageShsOut": 39052000, "weightedAverageShsOutDil": 41314000, "link": "https://www.sec.gov/Archives/edgar/data/822818/000104746907001861/0001047469-07-001861-index.htm", "finalLink": "https://www.sec.gov/Archives/edgar/data/822818/000104746907001861/a2176682z10-k.htm", "calculatedOtherExpenses": 45559000, "calculatedOperatingExpenses": 170598000, "calculatedNetInterest": -12447000, "calculatedOtherIncome": -8976000, "calculatedIncomeNonControlling": -61000, "calculatedEbitda": 111331000}, {"date": "2005-12-31", "symbol": "CLH", "reportedCurrency": "USD", "cik": "0000822818", "fillingDate": "2006-03-17", "acceptedDate": "2006-03-17 10:25:49", "calendarYear": "2005", "period": "FY", "revenue": 711170000, "costOfRevenue": 512582000, "grossProfit": 198588000, "grossProfitRatio": 0.2792412503, "researchAndDevelopmentExpenses": 0, "generalAndAdministrativeExpenses": 0, "sellingAndMarketingExpenses": 0, "sellingGeneralAndAdministrativeExpenses": 118696000, "otherExpenses": 0, "operatingExpenses": 147329000, "costAndExpenses": 659911000, "interestIncome": 0, "interestExpense": 22754000, "depreciationAndAmortization": 30302000, "ebitda": 80950000, "ebitdaratio": 0.1138265112, "operatingIncome": 51259000, "operatingIncomeRatio": 0.0720769999, "totalOtherIncomeExpensesNet": 611000, "incomeBeforeTax": 29116000, "incomeBeforeTaxRatio": 0.0409409846, "incomeTaxExpense": 3495000, "netIncome": 25621000, "netIncomeRatio": 0.0360265478, "eps": 0.81, "epsdiluted": 0.73, "weightedAverageShsOut": 31258000, "weightedAverageShsOutDil": 35434000, "link": "https://www.sec.gov/Archives/edgar/data/822818/000110465906017572/0001104659-06-017572-index.htm", "finalLink": "https://www.sec.gov/Archives/edgar/data/822818/000110465906017572/a06-2724_110k.htm", "calculatedOtherExpenses": 28633000, "calculatedOperatingExpenses": 147329000, "calculatedNetInterest": -22754000, "calculatedOtherIncome": 611000, "calculatedIncomeNonControlling": 0, "calculatedEbitda": 81561000}, {"date": "2004-12-31", "symbol": "CLH", "reportedCurrency": "USD", "cik": "0000822818", "fillingDate": "2005-03-31", "acceptedDate": "2005-03-31 16:58:01", "calendarYear": "2004", "period": "FY", "revenue": 643219000, "costOfRevenue": 464838000, "grossProfit": 178381000, "grossProfitRatio": 0.2773254521, "researchAndDevelopmentExpenses": 0, "generalAndAdministrativeExpenses": 0, "sellingAndMarketingExpenses": 0, "sellingGeneralAndAdministrativeExpenses": 114903000, "otherExpenses": 0, "operatingExpenses": 138997000, "costAndExpenses": 603835000, "interestIncome": 0, "interestExpense": 22297000, "depreciationAndAmortization": 26465000, "ebitda": 74293000, "ebitdaratio": 0.1155018742, "operatingIncome": 39384000, "operatingIncomeRatio": 0.0612295346, "totalOtherIncomeExpensesNet": -8444000, "incomeBeforeTax": 8643000, "incomeBeforeTaxRatio": 0.0134371031, "incomeTaxExpense": 6043000, "netIncome": 2600000, "netIncomeRatio": 0.0040421692, "eps": -0.32, "epsdiluted": -0.32, "weightedAverageShsOut": 28198000, "weightedAverageShsOutDil": 28198000, "link": "https://www.sec.gov/Archives/edgar/data/822818/000104746905008610/0001047469-05-008610-index.htm", "finalLink": "https://www.sec.gov/Archives/edgar/data/822818/000104746905008610/a2154703z10-k.htm", "calculatedOtherExpenses": 24094000, "calculatedOperatingExpenses": 138997000, "calculatedNetInterest": -22297000, "calculatedOtherIncome": -8444000, "calculatedIncomeNonControlling": 0, "calculatedEbitda": 65849000}, {"date": "2003-12-31", "symbol": "CLH", "reportedCurrency": "USD", "cik": "0000822818", "fillingDate": "2004-03-15", "acceptedDate": "2004-03-15 17:12:38", "calendarYear": "2003", "period": "FY", "revenue": 610969000, "costOfRevenue": 453206000, "grossProfit": 157763000, "grossProfitRatio": 0.2582176837, "researchAndDevelopmentExpenses": 0, "generalAndAdministrativeExpenses": 0, "sellingAndMarketingExpenses": 0, "sellingGeneralAndAdministrativeExpenses": 119259000, "otherExpenses": 0, "operatingExpenses": 145741000, "costAndExpenses": 598947000, "interestIncome": 0, "interestExpense": 23724000, "depreciationAndAmortization": 28949000, "ebitda": 41226000, "ebitdaratio": 0.0674764186, "operatingIncome": 12146000, "operatingIncomeRatio": 0.0198798957, "totalOtherIncomeExpensesNet": -255000, "incomeBeforeTax": -11957000, "incomeBeforeTaxRatio": -0.019570551, "incomeTaxExpense": 5322000, "netIncome": -17345000, "netIncomeRatio": -0.0283893291, "eps": -0.64, "epsdiluted": -0.64, "weightedAverageShsOut": 27106000, "weightedAverageShsOutDil": 27106000, "link": "https://www.sec.gov/Archives/edgar/data/822818/000119312504042394/0001193125-04-042394-index.htm", "finalLink": "https://www.sec.gov/Archives/edgar/data/822818/000119312504042394/d10k.htm", "calculatedOtherExpenses": 26358000, "calculatedOperatingExpenses": 145617000, "calculatedNetInterest": -23724000, "calculatedOtherIncome": -379000, "calculatedIncomeNonControlling": 66000, "calculatedEbitda": 41095000}, {"date": "2002-12-31", "symbol": "CLH", "reportedCurrency": "USD", "cik": "0000822818", "fillingDate": "2003-04-10", "acceptedDate": "2003-04-09 21:50:42", "calendarYear": "2002", "period": "FY", "revenue": 350133000, "costOfRevenue": 253412000, "grossProfit": 96721000, "grossProfitRatio": 0.2762407428, "researchAndDevelopmentExpenses": 0, "generalAndAdministrativeExpenses": 0, "sellingAndMarketingExpenses": 0, "sellingGeneralAndAdministrativeExpenses": 62250000, "otherExpenses": 0, "operatingExpenses": 77758000, "costAndExpenses": 331170000, "interestIncome": 0, "interestExpense": 12682000, "depreciationAndAmortization": 16795000, "ebitda": 41785000, "ebitdaratio": 0.1193403649, "operatingIncome": 12807000, "operatingIncomeRatio": 0.0365775291, "totalOtherIncomeExpensesNet": -6027000, "incomeBeforeTax": 254000, "incomeBeforeTaxRatio": 0.0007254386, "incomeTaxExpense": 3787000, "netIncome": -28191000, "netIncomeRatio": -0.0805151185, "eps": -1.16, "epsdiluted": -1.16, "weightedAverageShsOut": 24378000, "weightedAverageShsOutDil": 24378000, "link": "https://www.sec.gov/Archives/edgar/data/822818/000092701603001753/0000927016-03-001753-index.htm", "finalLink": "https://www.sec.gov/Archives/edgar/data/822818/000092701603001753/d10k.htm", "calculatedOtherExpenses": 21664000, "calculatedOperatingExpenses": 83914000, "calculatedNetInterest": -12682000, "calculatedOtherIncome": 129000, "calculatedIncomeNonControlling": 24658000, "calculatedEbitda": 29602000}, {"date": "2001-12-31", "symbol": "CLH", "reportedCurrency": "USD", "cik": "0000822818", "fillingDate": "2002-03-19", "acceptedDate": "2002-03-19 00:00:00", "calendarYear": "2001", "period": "FY", "revenue": 251601000, "costOfRevenue": 178085000, "grossProfit": 73516000, "grossProfitRatio": 0.2921927973, "researchAndDevelopmentExpenses": 0, "generalAndAdministrativeExpenses": 0, "sellingAndMarketingExpenses": 0, "sellingGeneralAndAdministrativeExpenses": 44460000, "otherExpenses": 0, "operatingExpenses": 55573000, "costAndExpenses": 233658000, "interestIncome": 0, "interestExpense": 9991000, "depreciationAndAmortization": 11987000, "ebitda": 29930000, "ebitdaratio": 0.1189581917, "operatingIncome": 17943000, "operatingIncomeRatio": 0.0713152968, "totalOtherIncomeExpensesNet": -9991000, "incomeBeforeTax": 7952000, "incomeBeforeTaxRatio": 0.0316055978, "incomeTaxExpense": 2412000, "netIncome": 5540000, "netIncomeRatio": 0.0220189904, "eps": 0.2, "epsdiluted": 0.2, "weightedAverageShsOut": 22808000, "weightedAverageShsOutDil": 25352000, "link": "https://www.sec.gov/Archives/edgar/data/822818/000092701602001496/0000927016-02-001496-index.htm", "finalLink": "https://www.sec.gov/Archives/edgar/data/822818/000092701602001496/d10k405.htm", "calculatedOtherExpenses": 11113000, "calculatedOperatingExpenses": 55573000, "calculatedNetInterest": -9991000, "calculatedOtherIncome": 0, "calculatedIncomeNonControlling": 0, "calculatedEbitda": 29930000}, {"date": "2000-12-31", "symbol": "CLH", "reportedCurrency": "USD", "cik": "0000822818", "fillingDate": "2001-04-13", "acceptedDate": "2001-04-13 00:00:00", "calendarYear": "2000", "period": "FY", "revenue": 233466000, "costOfRevenue": 166303000, "grossProfit": 67163000, "grossProfitRatio": 0.2876778632, "researchAndDevelopmentExpenses": 0, "generalAndAdministrativeExpenses": 0, "sellingAndMarketingExpenses": 0, "sellingGeneralAndAdministrativeExpenses": 42238000, "otherExpenses": 0, "operatingExpenses": 52894000, "costAndExpenses": 219197000, "interestIncome": 0, "interestExpense": 9167000, "depreciationAndAmortization": 10656000, "ebitda": 24925000, "ebitdaratio": 0.1067607275, "operatingIncome": 14269000, "operatingIncomeRatio": 0.0611181071, "totalOtherIncomeExpensesNet": -9167000, "incomeBeforeTax": 5102000, "incomeBeforeTaxRatio": 0.0218532891, "incomeTaxExpense": -2016000, "netIncome": 7118000, "netIncomeRatio": 0.0304883795, "eps": 0.33, "epsdiluted": 0.32, "weightedAverageShsOut": 21901538, "weightedAverageShsOutDil": 22596825, "link": "https://www.sec.gov/Archives/edgar/data/822818/000092701601001827/0000927016-01-001827-index.htm", "finalLink": "https://www.sec.gov/Archives/edgar/data/822818/000092701601001827/0000927016-01-001827-0001.txt", "calculatedOtherExpenses": 10656000, "calculatedOperatingExpenses": 52894000, "calculatedNetInterest": -9167000, "calculatedOtherIncome": 0, "calculatedIncomeNonControlling": 0, "calculatedEbitda": 24925000}, {"date": "1999-12-31", "symbol": "CLH", "reportedCurrency": "USD", "cik": "0000822818", "fillingDate": "2000-03-29", "acceptedDate": "2000-03-29 00:00:00", "calendarYear": "1999", "period": "FY", "revenue": 202965000, "costOfRevenue": 149300000, "grossProfit": 53665000, "grossProfitRatio": 0.264405193, "researchAndDevelopmentExpenses": 0, "generalAndAdministrativeExpenses": 0, "sellingAndMarketingExpenses": 0, "sellingGeneralAndAdministrativeExpenses": 37200000, "otherExpenses": 0, "operatingExpenses": 47000000, "costAndExpenses": 196300000, "interestIncome": 0, "interestExpense": 0, "depreciationAndAmortization": 9800000, "ebitda": 16465000, "ebitdaratio": 0.081122361, "operatingIncome": 6665000, "operatingIncomeRatio": 0.0328381741, "totalOtherIncomeExpensesNet": -8565000, "incomeBeforeTax": -1900000, "incomeBeforeTaxRatio": -0.0093612199, "incomeTaxExpense": 300000, "netIncome": -2200000, "netIncomeRatio": -0.0108393073, "eps": -0.1, "epsdiluted": -0.1, "weightedAverageShsOut": 21298000, "weightedAverageShsOutDil": 21298000, "link": "https://www.sec.gov/Archives/edgar/data/822818/0000912057-00-014150-index.html", "finalLink": "https://www.sec.gov/Archives/edgar/data/822818/000091205700014150/0000912057-00-014150.txt", "calculatedOtherExpenses": 9800000, "calculatedOperatingExpenses": 47000000, "calculatedNetInterest": 0, "calculatedOtherIncome": -8565000, "calculatedIncomeNonControlling": 0, "calculatedEbitda": 16465000}, {"date": "1998-12-31", "symbol": "CLH", "reportedCurrency": "USD", "cik": "0000822818", "fillingDate": "1999-03-31", "acceptedDate": "1999-03-31 00:00:00", "calendarYear": "1998", "period": "FY", "revenue": 197439000, "costOfRevenue": 146400000, "grossProfit": 51039000, "grossProfitRatio": 0.2585051586, "researchAndDevelopmentExpenses": 0, "generalAndAdministrativeExpenses": 0, "sellingAndMarketingExpenses": 0, "sellingGeneralAndAdministrativeExpenses": 35300000, "otherExpenses": 0, "operatingExpenses": 44900000, "costAndExpenses": 191300000, "interestIncome": 0, "interestExpense": 9600000, "depreciationAndAmortization": 9600000, "ebitda": 15739000, "ebitdaratio": 0.0797157603, "operatingIncome": 6100000, "operatingIncomeRatio": 0.0308956184, "totalOtherIncomeExpensesNet": -9600000, "incomeBeforeTax": -3500000, "incomeBeforeTaxRatio": -0.0177269942, "incomeTaxExpense": 400000, "netIncome": -3900000, "netIncomeRatio": -0.0197529363, "eps": -0.19, "epsdiluted": -0.19, "weightedAverageShsOut": 20618000, "weightedAverageShsOutDil": 20618000, "link": "https://www.sec.gov/Archives/edgar/data/822818/0001047469-99-012627-index.html", "finalLink": "https://www.sec.gov/Archives/edgar/data/822818/0001047469-99-012627.txt", "calculatedOtherExpenses": 9639000, "calculatedOperatingExpenses": 44939000, "calculatedNetInterest": -9600000, "calculatedOtherIncome": 0, "calculatedIncomeNonControlling": 0, "calculatedEbitda": 15700000}, {"date": "1997-12-31", "symbol": "CLH", "reportedCurrency": "USD", "cik": "0000822818", "fillingDate": "1998-03-30", "acceptedDate": "1998-03-30 00:00:00", "calendarYear": "1997", "period": "FY", "revenue": 183800000, "costOfRevenue": 139800000, "grossProfit": 44000000, "grossProfitRatio": 0.239390642, "researchAndDevelopmentExpenses": 0, "generalAndAdministrativeExpenses": 0, "sellingAndMarketingExpenses": 0, "sellingGeneralAndAdministrativeExpenses": 34500000, "otherExpenses": 0, "operatingExpenses": 44500000, "costAndExpenses": 184300000, "interestIncome": 0, "interestExpense": 0, "depreciationAndAmortization": 10000000, "ebitda": 8700000, "ebitdaratio": 0.0473340588, "operatingIncome": -1300000, "operatingIncomeRatio": -0.0070729053, "totalOtherIncomeExpensesNet": 800000, "incomeBeforeTax": -8900000, "incomeBeforeTaxRatio": -0.048422198, "incomeTaxExpense": 4800000, "netIncome": -13700000, "netIncomeRatio": -0.0745375408, "eps": -0.71, "epsdiluted": -0.71, "weightedAverageShsOut": 19295775, "weightedAverageShsOutDil": 19295775, "link": "https://www.sec.gov/Archives/edgar/data/822818/000104746998012516/0001047469-98-012516-index.html", "finalLink": "https://www.sec.gov/Archives/edgar/data/822818/", "calculatedOtherExpenses": 10800000, "calculatedOperatingExpenses": 45300000, "calculatedNetInterest": 0, "calculatedOtherIncome": -7600000, "calculatedIncomeNonControlling": 0, "calculatedEbitda": 8700000}, {"date": "1996-12-31", "symbol": "CLH", "reportedCurrency": "USD", "cik": "0000822818", "fillingDate": "1997-03-27", "acceptedDate": "1997-03-27 00:00:00", "calendarYear": "1996", "period": "FY", "revenue": 200200000, "costOfRevenue": 153900000, "grossProfit": 46300000, "grossProfitRatio": 0.2312687313, "researchAndDevelopmentExpenses": 0, "generalAndAdministrativeExpenses": 0, "sellingAndMarketingExpenses": 0, "sellingGeneralAndAdministrativeExpenses": 36300000, "otherExpenses": 0, "operatingExpenses": 46800000, "costAndExpenses": 200700000, "interestIncome": 0, "interestExpense": 9200000, "depreciationAndAmortization": 10500000, "ebitda": 10000000, "ebitdaratio": 0.04995005, "operatingIncome": 500000, "operatingIncomeRatio": 0.0024975025, "totalOtherIncomeExpensesNet": -10200000, "incomeBeforeTax": -9700000, "incomeBeforeTaxRatio": -0.0484515485, "incomeTaxExpense": -2800000, "netIncome": -6900000, "netIncomeRatio": -0.0344655345, "eps": -0.38, "epsdiluted": -0.38, "weightedAverageShsOut": 17922078, "weightedAverageShsOutDil": 17922078, "link": "https://www.sec.gov/Archives/edgar/data/822818/000095013597001378/0000950135-97-001378-index.html", "finalLink": "https://www.sec.gov/Archives/edgar/data/822818/", "calculatedOtherExpenses": 9500000, "calculatedOperatingExpenses": 45800000, "calculatedNetInterest": -9200000, "calculatedOtherIncome": -1000000, "calculatedIncomeNonControlling": 0, "calculatedEbitda": 11000000}, {"date": "1995-12-31", "symbol": "CLH", "reportedCurrency": "USD", "cik": "0000822818", "fillingDate": "1996-03-28", "acceptedDate": "1996-03-28 00:00:00", "calendarYear": "1995", "period": "FY", "revenue": 209300000, "costOfRevenue": 156800000, "grossProfit": 52500000, "grossProfitRatio": 0.2508361204, "researchAndDevelopmentExpenses": 0, "generalAndAdministrativeExpenses": 0, "sellingAndMarketingExpenses": 0, "sellingGeneralAndAdministrativeExpenses": 43800000, "otherExpenses": 0, "operatingExpenses": 53900000, "costAndExpenses": 210700000, "interestIncome": 0, "interestExpense": 8700000, "depreciationAndAmortization": 10100000, "ebitda": 8700000, "ebitdaratio": 0.0415671285, "operatingIncome": 2800000, "operatingIncomeRatio": 0.0133779264, "totalOtherIncomeExpensesNet": -4200000, "incomeBeforeTax": -10100000, "incomeBeforeTaxRatio": -0.0482560917, "incomeTaxExpense": -3200000, "netIncome": -6900000, "netIncomeRatio": -0.032967033, "eps": -0.36, "epsdiluted": -0.36, "weightedAverageShsOut": 18961039, "weightedAverageShsOutDil": 18961039, "link": "https://www.sec.gov/Archives/edgar/data/822818/000095010996001820/0000950109-96-001820-index.html", "finalLink": "https://www.sec.gov/Archives/edgar/data/822818/", "calculatedOtherExpenses": 5900000, "calculatedOperatingExpenses": 49700000, "calculatedNetInterest": -8700000, "calculatedOtherIncome": -4200000, "calculatedIncomeNonControlling": 0, "calculatedEbitda": 12900000}, {"date": "1994-12-31", "symbol": "CLH", "reportedCurrency": "USD", "cik": "0000822818", "fillingDate": "1995-02-23", "acceptedDate": "1995-02-23 00:00:00", "calendarYear": "1994", "period": "FY", "revenue": 207100000, "costOfRevenue": 146800000, "grossProfit": 60300000, "grossProfitRatio": 0.291163689, "researchAndDevelopmentExpenses": 0, "generalAndAdministrativeExpenses": 0, "sellingAndMarketingExpenses": 0, "sellingGeneralAndAdministrativeExpenses": 38900000, "otherExpenses": 0, "operatingExpenses": 49500000, "costAndExpenses": 196300000, "interestIncome": 0, "interestExpense": 7400000, "depreciationAndAmortization": 10600000, "ebitda": 21400000, "ebitdaratio": 0.1033317238, "operatingIncome": 10800000, "operatingIncomeRatio": 0.0521487204, "totalOtherIncomeExpensesNet": -1300000, "incomeBeforeTax": 3300000, "incomeBeforeTaxRatio": 0.0159343312, "incomeTaxExpense": 1600000, "netIncome": 500000, "netIncomeRatio": 0.0024142926, "eps": 0.0259, "epsdiluted": 0.0206, "weightedAverageShsOut": 19270000, "weightedAverageShsOutDil": 24285714, "link": "https://www.sec.gov/Archives/edgar/data/822818/000095013595000287/0000950135-95-000287-index.html", "finalLink": "https://www.sec.gov/Archives/edgar/data/822818/", "calculatedOtherExpenses": 10600000, "calculatedOperatingExpenses": 49500000, "calculatedNetInterest": -7400000, "calculatedOtherIncome": -100000, "calculatedIncomeNonControlling": 1200000, "calculatedEbitda": 21400000}, {"date": "1993-12-31", "symbol": "CLH", "reportedCurrency": "USD", "cik": "0000822818", "fillingDate": "1993-12-31", "acceptedDate": "1993-12-30 19:00:00", "calendarYear": "1993", "period": "FY", "revenue": 200100000, "costOfRevenue": 134500000, "grossProfit": 65600000, "grossProfitRatio": 0.327836082, "researchAndDevelopmentExpenses": 0, "generalAndAdministrativeExpenses": 0, "sellingAndMarketingExpenses": 0, "sellingGeneralAndAdministrativeExpenses": 42300000, "otherExpenses": 0, "operatingExpenses": 52600000, "costAndExpenses": 187100000, "interestIncome": 0, "interestExpense": 7200000, "depreciationAndAmortization": 10300000, "ebitda": 23300000, "ebitdaratio": 0.1164417791, "operatingIncome": 13000000, "operatingIncomeRatio": 0.0649675162, "totalOtherIncomeExpensesNet": -100000, "incomeBeforeTax": 5700000, "incomeBeforeTaxRatio": 0.0284857571, "incomeTaxExpense": 2600000, "netIncome": 3100000, "netIncomeRatio": 0.0154922539, "eps": 0.15, "epsdiluted": 0.14, "weightedAverageShsOut": 20666667, "weightedAverageShsOutDil": 22142857, "link": null, "finalLink": null, "calculatedOtherExpenses": 10300000, "calculatedOperatingExpenses": 52600000, "calculatedNetInterest": -7200000, "calculatedOtherIncome": -100000, "calculatedIncomeNonControlling": 0, "calculatedEbitda": 23300000}, {"date": "1992-12-31", "symbol": "CLH", "reportedCurrency": "USD", "cik": "0000822818", "fillingDate": "1992-12-31", "acceptedDate": "1992-12-30 19:00:00", "calendarYear": "1992", "period": "FY", "revenue": 176200000, "costOfRevenue": 116500000, "grossProfit": 59700000, "grossProfitRatio": 0.3388195233, "researchAndDevelopmentExpenses": 0, "generalAndAdministrativeExpenses": 0, "sellingAndMarketingExpenses": 0, "sellingGeneralAndAdministrativeExpenses": 35900000, "otherExpenses": 0, "operatingExpenses": 44800000, "costAndExpenses": 161300000, "interestIncome": 0, "interestExpense": 7100000, "depreciationAndAmortization": 8900000, "ebitda": 23800000, "ebitdaratio": 0.1350737798, "operatingIncome": 14900000, "operatingIncomeRatio": 0.0845629966, "totalOtherIncomeExpensesNet": 100000, "incomeBeforeTax": 7900000, "incomeBeforeTaxRatio": 0.0448354143, "incomeTaxExpense": 2800000, "netIncome": 5100000, "netIncomeRatio": 0.0289443814, "eps": 0.26, "epsdiluted": 0.26, "weightedAverageShsOut": 19615385, "weightedAverageShsOutDil": 19615385, "link": null, "finalLink": null, "calculatedOtherExpenses": 8900000, "calculatedOperatingExpenses": 44800000, "calculatedNetInterest": -7100000, "calculatedOtherIncome": 100000, "calculatedIncomeNonControlling": 0, "calculatedEbitda": 23800000}, {"date": "1991-12-31", "symbol": "CLH", "reportedCurrency": "USD", "cik": "0000822818", "fillingDate": "1991-12-31", "acceptedDate": "1991-12-30 19:00:00", "calendarYear": "1991", "period": "FY", "revenue": 127500000, "costOfRevenue": 84800000, "grossProfit": 42700000, "grossProfitRatio": 0.3349019608, "researchAndDevelopmentExpenses": 0, "generalAndAdministrativeExpenses": 0, "sellingAndMarketingExpenses": 0, "sellingGeneralAndAdministrativeExpenses": 24900000, "otherExpenses": 0, "operatingExpenses": 31500000, "costAndExpenses": 116300000, "interestIncome": 0, "interestExpense": 5900000, "depreciationAndAmortization": 6600000, "ebitda": 17800000, "ebitdaratio": 0.1396078431, "operatingIncome": 11200000, "operatingIncomeRatio": 0.0878431373, "totalOtherIncomeExpensesNet": -100000, "incomeBeforeTax": 5200000, "incomeBeforeTaxRatio": 0.0407843137, "incomeTaxExpense": 1600000, "netIncome": 3600000, "netIncomeRatio": 0.0282352941, "eps": 0.19, "epsdiluted": 0.19, "weightedAverageShsOut": 19459459, "weightedAverageShsOutDil": 19459459, "link": null, "finalLink": null, "calculatedOtherExpenses": 6600000, "calculatedOperatingExpenses": 31500000, "calculatedNetInterest": -5900000, "calculatedOtherIncome": -100000, "calculatedIncomeNonControlling": 0, "calculatedEbitda": 17800000}, {"date": "1990-12-31", "symbol": "CLH", "reportedCurrency": "USD", "cik": "0000822818", "fillingDate": "1991-02-28", "acceptedDate": "1991-02-27 19:00:00", "calendarYear": "1990", "period": "FY", "revenue": 142900000, "costOfRevenue": 97500000, "grossProfit": 45400000, "grossProfitRatio": 0.3177046886, "researchAndDevelopmentExpenses": 0, "generalAndAdministrativeExpenses": 0, "sellingAndMarketingExpenses": 0, "sellingGeneralAndAdministrativeExpenses": 24900000, "otherExpenses": 0, "operatingExpenses": 32800000, "costAndExpenses": 130300000, "interestIncome": 0, "interestExpense": 6500000, "depreciationAndAmortization": 7900000, "ebitda": 40300000, "ebitdaratio": 0.2820153954, "operatingIncome": 12600000, "operatingIncomeRatio": 0.0881735479, "totalOtherIncomeExpensesNet": -19800000, "incomeBeforeTax": -13700000, "incomeBeforeTaxRatio": -0.0958712386, "incomeTaxExpense": -1100000, "netIncome": -12600000, "netIncomeRatio": -0.0881735479, "eps": -0.7, "epsdiluted": -0.7, "weightedAverageShsOut": 18000000, "weightedAverageShsOutDil": 18000000, "link": null, "finalLink": null, "calculatedOtherExpenses": 7900000, "calculatedOperatingExpenses": 32800000, "calculatedNetInterest": -6500000, "calculatedOtherIncome": -19800000, "calculatedIncomeNonControlling": 0, "calculatedEbitda": 20500000}, {"date": "1989-12-31", "symbol": "CLH", "reportedCurrency": "USD", "cik": "0000822818", "fillingDate": "1990-02-28", "acceptedDate": "1990-02-27 19:00:00", "calendarYear": "1989", "period": "FY", "revenue": 131400000, "costOfRevenue": 93300000, "grossProfit": 38100000, "grossProfitRatio": 0.2899543379, "researchAndDevelopmentExpenses": 0, "generalAndAdministrativeExpenses": 0, "sellingAndMarketingExpenses": 0, "sellingGeneralAndAdministrativeExpenses": 25600000, "otherExpenses": 0, "operatingExpenses": 32800000, "costAndExpenses": 126100000, "interestIncome": 0, "interestExpense": 4800000, "depreciationAndAmortization": 7200000, "ebitda": 12300000, "ebitdaratio": 0.0936073059, "operatingIncome": 5300000, "operatingIncomeRatio": 0.0403348554, "totalOtherIncomeExpensesNet": 200000, "incomeBeforeTax": 800000, "incomeBeforeTaxRatio": 0.0060882801, "incomeTaxExpense": 100000, "netIncome": 700000, "netIncomeRatio": 0.0053272451, "eps": 0.04, "epsdiluted": 0.04, "weightedAverageShsOut": 17500000, "weightedAverageShsOutDil": 17500000, "link": null, "finalLink": null, "calculatedOtherExpenses": 7200000, "calculatedOperatingExpenses": 32800000, "calculatedNetInterest": -4800000, "calculatedOtherIncome": 300000, "calculatedIncomeNonControlling": 0, "calculatedEbitda": 12500000}, {"date": "1988-12-31", "symbol": "CLH", "reportedCurrency": "USD", "cik": "0000822818", "fillingDate": "1989-02-28", "acceptedDate": "1989-02-27 19:00:00", "calendarYear": "1988", "period": "FY", "revenue": 95700000, "costOfRevenue": 66100000, "grossProfit": 29600000, "grossProfitRatio": 0.3092998955, "researchAndDevelopmentExpenses": 0, "generalAndAdministrativeExpenses": 0, "sellingAndMarketingExpenses": 0, "sellingGeneralAndAdministrativeExpenses": 20000000, "otherExpenses": 0, "operatingExpenses": 23800000, "costAndExpenses": 89900000, "interestIncome": 0, "interestExpense": 1600000, "depreciationAndAmortization": 3800000, "ebitda": 9200000, "ebitdaratio": 0.0961337513, "operatingIncome": 5800000, "operatingIncomeRatio": 0.0606060606, "totalOtherIncomeExpensesNet": 400000, "incomeBeforeTax": 4600000, "incomeBeforeTaxRatio": 0.0480668757, "incomeTaxExpense": 2000000, "netIncome": 2600000, "netIncomeRatio": 0.0271682341, "eps": 0.17, "epsdiluted": 0.17, "weightedAverageShsOut": 15757576, "weightedAverageShsOutDil": 15757576, "link": null, "finalLink": null, "calculatedOtherExpenses": 3800000, "calculatedOperatingExpenses": 23800000, "calculatedNetInterest": -1600000, "calculatedOtherIncome": 400000, "calculatedIncomeNonControlling": 0, "calculatedEbitda": 9600000}, {"date": "1987-12-31", "symbol": "CLH", "reportedCurrency": "USD", "cik": "0000822818", "fillingDate": "1988-02-29", "acceptedDate": "1988-02-28 19:00:00", "calendarYear": "1987", "period": "FY", "revenue": 73500000, "costOfRevenue": 50100000, "grossProfit": 23400000, "grossProfitRatio": 0.3183673469, "researchAndDevelopmentExpenses": 0, "generalAndAdministrativeExpenses": 0, "sellingAndMarketingExpenses": 0, "sellingGeneralAndAdministrativeExpenses": 12600000, "otherExpenses": 0, "operatingExpenses": 14900000, "costAndExpenses": 65000000, "interestIncome": 0, "interestExpense": 1900000, "depreciationAndAmortization": 2300000, "ebitda": 10800000, "ebitdaratio": 0.1469387755, "operatingIncome": 8500000, "operatingIncomeRatio": 0.1156462585, "totalOtherIncomeExpensesNet": 100000, "incomeBeforeTax": 6700000, "incomeBeforeTaxRatio": 0.0911564626, "incomeTaxExpense": 3000000, "netIncome": 3700000, "netIncomeRatio": 0.0503401361, "eps": 0.33, "epsdiluted": 0.33, "weightedAverageShsOut": 11212121, "weightedAverageShsOutDil": 11212121, "link": null, "finalLink": null, "calculatedOtherExpenses": 2300000, "calculatedOperatingExpenses": 14900000, "calculatedNetInterest": -1900000, "calculatedOtherIncome": 100000, "calculatedIncomeNonControlling": 0, "calculatedEbitda": 10800000}, {"date": "1986-12-31", "symbol": "CLH", "reportedCurrency": "USD", "cik": "0000822818", "fillingDate": "1987-02-28", "acceptedDate": "1987-02-27 19:00:00", "calendarYear": "1986", "period": "FY", "revenue": 46700000, "costOfRevenue": 32700000, "grossProfit": 14000000, "grossProfitRatio": 0.2997858672, "researchAndDevelopmentExpenses": 0, "generalAndAdministrativeExpenses": 0, "sellingAndMarketingExpenses": 0, "sellingGeneralAndAdministrativeExpenses": 7700000, "otherExpenses": 0, "operatingExpenses": 9100000, "costAndExpenses": 41800000, "interestIncome": 0, "interestExpense": 0, "depreciationAndAmortization": 1400000, "ebitda": 6300000, "ebitdaratio": 0.1349036403, "operatingIncome": 4900000, "operatingIncomeRatio": 0.1049250535, "totalOtherIncomeExpensesNet": -1100000, "incomeBeforeTax": 3800000, "incomeBeforeTaxRatio": 0.0813704497, "incomeTaxExpense": 2100000, "netIncome": 1700000, "netIncomeRatio": 0.0364025696, "eps": 0.17, "epsdiluted": 0.17, "weightedAverageShsOut": 10000000, "weightedAverageShsOutDil": 10000000, "link": null, "finalLink": null, "calculatedOtherExpenses": 1400000, "calculatedOperatingExpenses": 9100000, "calculatedNetInterest": 0, "calculatedOtherIncome": -1100000, "calculatedIncomeNonControlling": 0, "calculatedEbitda": 6300000}, {"date": "1985-12-31", "symbol": "CLH", "reportedCurrency": "USD", "cik": "0000822818", "fillingDate": "1986-02-28", "acceptedDate": "1986-02-27 19:00:00", "calendarYear": "1985", "period": "FY", "revenue": 32200000, "costOfRevenue": 24900000, "grossProfit": 7300000, "grossProfitRatio": 0.2267080745, "researchAndDevelopmentExpenses": 0, "generalAndAdministrativeExpenses": 0, "sellingAndMarketingExpenses": 0, "sellingGeneralAndAdministrativeExpenses": 4000000, "otherExpenses": 0, "operatingExpenses": 4700000, "costAndExpenses": 29600000, "interestIncome": 0, "interestExpense": 600000, "depreciationAndAmortization": 700000, "ebitda": 3300000, "ebitdaratio": 0.102484472, "operatingIncome": 2600000, "operatingIncomeRatio": 0.0807453416, "totalOtherIncomeExpensesNet": 100000, "incomeBeforeTax": 2100000, "incomeBeforeTaxRatio": 0.0652173913, "incomeTaxExpense": 800000, "netIncome": 1300000, "netIncomeRatio": 0.0403726708, "eps": 0.14, "epsdiluted": 0.14, "weightedAverageShsOut": 9629630, "weightedAverageShsOutDil": 9629630, "link": null, "finalLink": null, "calculatedOtherExpenses": 700000, "calculatedOperatingExpenses": 4700000, "calculatedNetInterest": -600000, "calculatedOtherIncome": 100000, "calculatedIncomeNonControlling": 0, "calculatedEbitda": 3300000}]}