{"originalCurrency": "USD", "convertedCurrency": "USD", "report": [{"date": "2023-09-30", "symbol": "CLSK", "reportedCurrency": "USD", "cik": "0000827876", "fillingDate": "2023-12-01", "acceptedDate": "2023-12-01 16:15:43", "calendarYear": "2023", "period": "FY", "revenue": 168408000, "costOfRevenue": 139294000, "grossProfit": 29114000, "grossProfitRatio": 0.172877773, "researchAndDevelopmentExpenses": 0, "generalAndAdministrativeExpenses": 31692000, "sellingAndMarketingExpenses": 0, "sellingGeneralAndAdministrativeExpenses": 31692000, "otherExpenses": 11000, "operatingExpenses": 152420000, "costAndExpenses": 291714000, "interestIncome": 481000, "interestExpense": 2977000, "depreciationAndAmortization": 120728000, "ebitda": -2086000, "ebitdaratio": -0.012386585, "operatingIncome": -131043000, "operatingIncomeRatio": -0.7781281174, "totalOtherIncomeExpensesNet": -5501000, "incomeBeforeTax": -131303000, "incomeBeforeTaxRatio": -0.7796719871, "incomeTaxExpense": 857000, "netIncome": -136589000, "netIncomeRatio": -0.8110600447, "eps": -1.33, "epsdiluted": -1.33, "weightedAverageShsOut": 102707509, "weightedAverageShsOutDil": 102707509, "link": "https://www.sec.gov/Archives/edgar/data/827876/000095017023067339/0000950170-23-067339-index.htm", "finalLink": "https://www.sec.gov/Archives/edgar/data/827876/000095017023067339/clsk-20230930.htm", "calculatedOtherExpenses": 128465000, "calculatedOperatingExpenses": 160157000, "calculatedNetInterest": -2496000, "calculatedOtherIncome": 2236000, "calculatedIncomeNonControlling": 4429000, "calculatedEbitda": -10315000}, {"date": "2022-09-30", "symbol": "CLSK", "reportedCurrency": "USD", "cik": "0000827876", "fillingDate": "2022-12-15", "acceptedDate": "2022-12-14 22:00:14", "calendarYear": "2022", "period": "FY", "revenue": 131524445, "costOfRevenue": 41233650, "grossProfit": 90290795, "grossProfitRatio": 0.6864944003, "researchAndDevelopmentExpenses": 0, "generalAndAdministrativeExpenses": 57811943, "sellingAndMarketingExpenses": 0, "sellingGeneralAndAdministrativeExpenses": 57811943, "otherExpenses": 49044877, "operatingExpenses": 106856820, "costAndExpenses": 148090470, "interestIncome": 190540, "interestExpense": 1077827, "depreciationAndAmortization": 49044877, "ebitda": 32977428, "ebitdaratio": 0.2507323106, "operatingIncome": -16067449, "operatingIncomeRatio": -0.1221632146, "totalOtherIncomeExpensesNet": -24021944, "incomeBeforeTax": -40089393, "incomeBeforeTaxRatio": -0.3048056428, "incomeTaxExpense": 17572400, "netIncome": -57661793, "netIncomeRatio": -0.4384112246, "eps": -1.35, "epsdiluted": -1.35, "weightedAverageShsOut": 42614197, "weightedAverageShsOutDil": 42614197, "link": "https://www.sec.gov/Archives/edgar/data/827876/000095017022026564/0000950170-22-026564-index.htm", "finalLink": "https://www.sec.gov/Archives/edgar/data/827876/000095017022026564/clsk-20220930.htm", "calculatedOtherExpenses": 48546301, "calculatedOperatingExpenses": 106358244, "calculatedNetInterest": -887287, "calculatedOtherIncome": -23134657, "calculatedIncomeNonControlling": 0, "calculatedEbitda": 32977428}, {"date": "2021-09-30", "symbol": "CLSK", "reportedCurrency": "USD", "cik": "0000827876", "fillingDate": "2021-12-14", "acceptedDate": "2021-12-14 17:15:43", "calendarYear": "2021", "period": "FY", "revenue": 49438115, "costOfRevenue": 13964711, "grossProfit": 35473404, "grossProfitRatio": 0.7175314836, "researchAndDevelopmentExpenses": 0, "generalAndAdministrativeExpenses": 38920303, "sellingAndMarketingExpenses": 0, "sellingGeneralAndAdministrativeExpenses": 38920303, "otherExpenses": 12244368, "operatingExpenses": 51164671, "costAndExpenses": 65129382, "interestIncome": 221488, "interestExpense": 154079, "depreciationAndAmortization": 13010634, "ebitda": -2680633, "ebitdaratio": -0.0542219905, "operatingIncome": -15691267, "operatingIncomeRatio": -0.3173920972, "totalOtherIncomeExpensesNet": -6120743, "incomeBeforeTax": -21812010, "incomeBeforeTaxRatio": -0.4411982536, "incomeTaxExpense": 698857, "netIncome": -22510867, "netIncomeRatio": -0.4553342497, "eps": -0.76, "epsdiluted": -0.76, "weightedAverageShsOut": 29441364, "weightedAverageShsOutDil": 29441364, "link": "https://www.sec.gov/Archives/edgar/data/827876/000166357721000668/0001663577-21-000668-index.htm", "finalLink": "https://www.sec.gov/Archives/edgar/data/827876/000166357721000668/clsk10k.htm", "calculatedOtherExpenses": 12244368, "calculatedOperatingExpenses": 51164671, "calculatedNetInterest": 67409, "calculatedOtherIncome": -6188152, "calculatedIncomeNonControlling": 0, "calculatedEbitda": -2680633}, {"date": "2020-09-30", "symbol": "CLSK", "reportedCurrency": "USD", "cik": "0000827876", "fillingDate": "2020-12-17", "acceptedDate": "2020-12-17 17:22:47", "calendarYear": "2020", "period": "FY", "revenue": 10028701, "costOfRevenue": 7907849, "grossProfit": 2120852, "grossProfitRatio": 0.2114782363, "researchAndDevelopmentExpenses": 163918, "generalAndAdministrativeExpenses": 14427719, "sellingAndMarketingExpenses": 0, "sellingGeneralAndAdministrativeExpenses": 14427719, "otherExpenses": 2672331, "operatingExpenses": 17263968, "costAndExpenses": 25171817, "interestIncome": 308804, "interestExpense": 10449946, "depreciationAndAmortization": 2900818, "ebitda": -12242298, "ebitdaratio": -1.2207261938, "operatingIncome": -15143116, "operatingIncomeRatio": -1.5099778127, "totalOtherIncomeExpensesNet": -8203027, "incomeBeforeTax": -23346143, "incomeBeforeTaxRatio": -2.3279328998, "incomeTaxExpense": 10469946, "netIncome": -33816089, "netIncomeRatio": -3.3719311205, "eps": -3.54, "epsdiluted": -3.54, "weightedAverageShsOut": 9550626, "weightedAverageShsOutDil": 9550626, "link": "https://www.sec.gov/Archives/edgar/data/827876/000166357720000499/0001663577-20-000499-index.htm", "finalLink": "https://www.sec.gov/Archives/edgar/data/827876/000166357720000499/clsk10k.htm", "calculatedOtherExpenses": 2672331, "calculatedOperatingExpenses": 17263968, "calculatedNetInterest": -10141142, "calculatedOtherIncome": 1938115, "calculatedIncomeNonControlling": 0, "calculatedEbitda": -12242298}, {"date": "2019-09-30", "symbol": "CLSK", "reportedCurrency": "USD", "cik": "0000827876", "fillingDate": "2019-12-16", "acceptedDate": "2019-12-16 17:05:27", "calendarYear": "2019", "period": "FY", "revenue": 4532782, "costOfRevenue": 3861086, "grossProfit": 671696, "grossProfitRatio": 0.1481862574, "researchAndDevelopmentExpenses": 1453635, "generalAndAdministrativeExpenses": 7013739, "sellingAndMarketingExpenses": 95690, "sellingGeneralAndAdministrativeExpenses": 7013739, "otherExpenses": 1902981, "operatingExpenses": 10370355, "costAndExpenses": 14231441, "interestIncome": 9483662, "interestExpense": 9483662, "depreciationAndAmortization": 3356616, "ebitda": -6342043, "ebitdaratio": -1.3991502349, "operatingIncome": -9698659, "operatingIncomeRatio": -2.1396702952, "totalOtherIncomeExpensesNet": -16418273, "incomeBeforeTax": -26116932, "incomeBeforeTaxRatio": -5.7617886764, "incomeTaxExpense": 9483662, "netIncome": -35600594, "netIncomeRatio": -7.8540273942, "eps": -8.52, "epsdiluted": -8.52, "weightedAverageShsOut": 4177402, "weightedAverageShsOutDil": 4177402, "link": "https://www.sec.gov/Archives/edgar/data/827876/000166357719000420/0001663577-19-000420-index.htm", "finalLink": "https://www.sec.gov/Archives/edgar/data/827876/000166357719000420/clsk.htm", "calculatedOtherExpenses": 1902981, "calculatedOperatingExpenses": 10370355, "calculatedNetInterest": 0, "calculatedOtherIncome": -16418273, "calculatedIncomeNonControlling": 0, "calculatedEbitda": -6342043}, {"date": "2018-09-30", "symbol": "CLSK", "reportedCurrency": "USD", "cik": "0000827876", "fillingDate": "2019-01-15", "acceptedDate": "2019-01-15 17:00:56", "calendarYear": "2018", "period": "FY", "revenue": 578635, "costOfRevenue": 390774, "grossProfit": 187861, "grossProfitRatio": 0.3246623519, "researchAndDevelopmentExpenses": 1382840, "generalAndAdministrativeExpenses": 3129881, "sellingAndMarketingExpenses": 0, "sellingGeneralAndAdministrativeExpenses": 3129881, "otherExpenses": 854981, "operatingExpenses": 5367702, "costAndExpenses": 5758476, "interestIncome": 0, "interestExpense": 924454, "depreciationAndAmortization": 2234464, "ebitda": -2945377, "ebitdaratio": -5.0902157664, "operatingIncome": -7075931, "operatingIncomeRatio": -12.2286605546, "totalOtherIncomeExpensesNet": -40901870, "incomeBeforeTax": -47006165, "incomeBeforeTaxRatio": -81.2362974932, "incomeTaxExpense": -39005780, "netIncome": -47006165, "netIncomeRatio": -81.2362974932, "eps": -13.62, "epsdiluted": -13.62, "weightedAverageShsOut": 3451798, "weightedAverageShsOutDil": 3451798, "link": "https://www.sec.gov/Archives/edgar/data/827876/000166357719000036/0001663577-19-000036-index.htm", "finalLink": "https://www.sec.gov/Archives/edgar/data/827876/000166357719000036/mainbody2.htm", "calculatedOtherExpenses": 2751071, "calculatedOperatingExpenses": 7263792, "calculatedNetInterest": -924454, "calculatedOtherIncome": -39005780, "calculatedIncomeNonControlling": 39005780, "calculatedEbitda": -4841467}, {"date": "2017-09-30", "symbol": "CLSK", "reportedCurrency": "USD", "cik": "0000827876", "fillingDate": "2018-01-16", "acceptedDate": "2018-01-16 15:59:30", "calendarYear": "2017", "period": "FY", "revenue": 447963, "costOfRevenue": 296295, "grossProfit": 151668, "grossProfitRatio": 0.3385726053, "researchAndDevelopmentExpenses": 591, "generalAndAdministrativeExpenses": 1646816, "sellingAndMarketingExpenses": 0, "sellingGeneralAndAdministrativeExpenses": 1646816, "otherExpenses": 3318340, "operatingExpenses": 4965747, "costAndExpenses": 5262042, "interestIncome": 0, "interestExpense": 2895, "depreciationAndAmortization": 3318340, "ebitda": -1495739, "ebitdaratio": -3.3389788889, "operatingIncome": -4814079, "operatingIncomeRatio": -10.7465996076, "totalOtherIncomeExpensesNet": -8681552, "incomeBeforeTax": -13498526, "incomeBeforeTaxRatio": -30.1331270663, "incomeTaxExpense": 2895, "netIncome": -13498526, "netIncomeRatio": -30.1331270663, "eps": -4.19, "epsdiluted": -4.19, "weightedAverageShsOut": 3218210, "weightedAverageShsOutDil": 3218210, "link": "https://www.sec.gov/Archives/edgar/data/827876/000166357718000019/0001663577-18-000019-index.htm", "finalLink": "https://www.sec.gov/Archives/edgar/data/827876/000166357718000019/mainbody.htm", "calculatedOtherExpenses": 3318340, "calculatedOperatingExpenses": 4965747, "calculatedNetInterest": -2895, "calculatedOtherIncome": -8681552, "calculatedIncomeNonControlling": -2895, "calculatedEbitda": -1495739}, {"date": "2016-09-30", "symbol": "CLSK", "reportedCurrency": "USD", "cik": "0000827876", "fillingDate": "2016-12-30", "acceptedDate": "2016-12-30 16:50:56", "calendarYear": "2016", "period": "FY", "revenue": 82031, "costOfRevenue": 31264, "grossProfit": 50767, "grossProfitRatio": 0.6188757909, "researchAndDevelopmentExpenses": 1826, "generalAndAdministrativeExpenses": 2011736, "sellingAndMarketingExpenses": 0, "sellingGeneralAndAdministrativeExpenses": 2011736, "otherExpenses": 578456, "operatingExpenses": 2592018, "costAndExpenses": 2623282, "interestIncome": 0, "interestExpense": 32, "depreciationAndAmortization": 578456, "ebitda": -1962795, "ebitdaratio": -23.9274786361, "operatingIncome": -2541251, "operatingIncomeRatio": -30.9791542222, "totalOtherIncomeExpensesNet": 721, "incomeBeforeTax": -2540562, "incomeBeforeTaxRatio": -30.9707549585, "incomeTaxExpense": 32, "netIncome": -2540562, "netIncomeRatio": -30.9707549585, "eps": -1.13, "epsdiluted": -1.13, "weightedAverageShsOut": 2252866, "weightedAverageShsOutDil": 2252866, "link": "https://www.sec.gov/Archives/edgar/data/827876/000166357716000436/0001663577-16-000436-index.htm", "finalLink": "https://www.sec.gov/Archives/edgar/data/827876/000166357716000436/mainbody.htm", "calculatedOtherExpenses": 578456, "calculatedOperatingExpenses": 2592018, "calculatedNetInterest": -32, "calculatedOtherIncome": 721, "calculatedIncomeNonControlling": -32, "calculatedEbitda": -1962795}, {"date": "2015-09-30", "symbol": "CLSK", "reportedCurrency": "USD", "cik": "0000827876", "fillingDate": "2015-12-29", "acceptedDate": "2015-12-29 16:42:32", "calendarYear": "2015", "period": "FY", "revenue": 0, "costOfRevenue": 0, "grossProfit": 0, "grossProfitRatio": 0, "researchAndDevelopmentExpenses": 52288, "generalAndAdministrativeExpenses": 3424771, "sellingAndMarketingExpenses": 0, "sellingGeneralAndAdministrativeExpenses": 3424771, "otherExpenses": 2800, "operatingExpenses": 3479859, "costAndExpenses": 3479859, "interestIncome": 0, "interestExpense": 5144, "depreciationAndAmortization": 2800, "ebitda": -3477059, "ebitdaratio": 0, "operatingIncome": -3479859, "operatingIncomeRatio": 0, "totalOtherIncomeExpensesNet": -5144, "incomeBeforeTax": -3485003, "incomeBeforeTaxRatio": 0, "incomeTaxExpense": 0, "netIncome": -3485003, "netIncomeRatio": 0, "eps": -1.81, "epsdiluted": -1.81, "weightedAverageShsOut": 1922906, "weightedAverageShsOutDil": 1922906, "link": "https://www.sec.gov/Archives/edgar/data/827876/000166225215000002/0001662252-15-000002-index.htm", "finalLink": "https://www.sec.gov/Archives/edgar/data/827876/000166225215000002/mainbody.htm", "calculatedOtherExpenses": 2800, "calculatedOperatingExpenses": 3479859, "calculatedNetInterest": -5144, "calculatedOtherIncome": 0, "calculatedIncomeNonControlling": 0, "calculatedEbitda": -3477059}, {"date": "2014-09-30", "symbol": "CLSK", "reportedCurrency": "USD", "cik": "0000827876", "fillingDate": "2014-12-19", "acceptedDate": "2014-12-19 10:13:53", "calendarYear": "2014", "period": "FY", "revenue": 2555, "costOfRevenue": 700, "grossProfit": 1855, "grossProfitRatio": 0.7260273973, "researchAndDevelopmentExpenses": 0, "generalAndAdministrativeExpenses": 61087, "sellingAndMarketingExpenses": 0, "sellingGeneralAndAdministrativeExpenses": 61087, "otherExpenses": 0, "operatingExpenses": 61087, "costAndExpenses": 61787, "interestIncome": 0, "interestExpense": 45913, "depreciationAndAmortization": 1513, "ebitda": -57719, "ebitdaratio": -22.5906066536, "operatingIncome": -59232, "operatingIncomeRatio": -23.182778865, "totalOtherIncomeExpensesNet": 60000, "incomeBeforeTax": -45145, "incomeBeforeTaxRatio": -17.6692759295, "incomeTaxExpense": 45913, "netIncome": -45145, "netIncomeRatio": -17.6692759295, "eps": -0.0422, "epsdiluted": -0.0422, "weightedAverageShsOut": 1069616, "weightedAverageShsOutDil": 1069616, "link": "https://www.sec.gov/Archives/edgar/data/827876/000125529414001293/0001255294-14-001293-index.htm", "finalLink": "https://www.sec.gov/Archives/edgar/data/827876/000125529414001293/mainbody.htm", "calculatedOtherExpenses": 0, "calculatedOperatingExpenses": 61087, "calculatedNetInterest": -45913, "calculatedOtherIncome": 60000, "calculatedIncomeNonControlling": -45913, "calculatedEbitda": -57719}, {"date": "2013-09-30", "symbol": "CLSK", "reportedCurrency": "USD", "cik": "0000827876", "fillingDate": "2013-12-30", "acceptedDate": "2013-12-30 15:50:54", "calendarYear": "2013", "period": "FY", "revenue": 0, "costOfRevenue": 0, "grossProfit": 0, "grossProfitRatio": 0, "researchAndDevelopmentExpenses": 0, "generalAndAdministrativeExpenses": 25045, "sellingAndMarketingExpenses": 0, "sellingGeneralAndAdministrativeExpenses": 25045, "otherExpenses": 0, "operatingExpenses": 25045, "costAndExpenses": 25045, "interestIncome": 0, "interestExpense": 6727, "depreciationAndAmortization": 0, "ebitda": -25045, "ebitdaratio": 0, "operatingIncome": -25045, "operatingIncomeRatio": 0, "totalOtherIncomeExpensesNet": -6727, "incomeBeforeTax": -31772, "incomeBeforeTaxRatio": 0, "incomeTaxExpense": 0, "netIncome": -31772, "netIncomeRatio": 0, "eps": -0.11, "epsdiluted": -0.11, "weightedAverageShsOut": 285206, "weightedAverageShsOutDil": 285206, "link": "https://www.sec.gov/Archives/edgar/data/827876/000107878213002489/0001078782-13-002489-index.htm", "finalLink": "https://www.sec.gov/Archives/edgar/data/827876/000107878213002489/f10k093013_10k.htm", "calculatedOtherExpenses": 0, "calculatedOperatingExpenses": 25045, "calculatedNetInterest": -6727, "calculatedOtherIncome": 0, "calculatedIncomeNonControlling": 0, "calculatedEbitda": -25045}, {"date": "2012-09-30", "symbol": "CLSK", "reportedCurrency": "USD", "cik": "0000827876", "fillingDate": "2012-12-28", "acceptedDate": "2012-12-28 17:04:51", "calendarYear": "2012", "period": "FY", "revenue": 0, "costOfRevenue": 0, "grossProfit": 0, "grossProfitRatio": 0, "researchAndDevelopmentExpenses": 0, "generalAndAdministrativeExpenses": 14175, "sellingAndMarketingExpenses": 0, "sellingGeneralAndAdministrativeExpenses": 14175, "otherExpenses": 0, "operatingExpenses": 14175, "costAndExpenses": 14175, "interestIncome": 0, "interestExpense": 5570, "depreciationAndAmortization": 0, "ebitda": -14175, "ebitdaratio": 0, "operatingIncome": -14175, "operatingIncomeRatio": 0, "totalOtherIncomeExpensesNet": -5570, "incomeBeforeTax": -19745, "incomeBeforeTaxRatio": 0, "incomeTaxExpense": 0, "netIncome": -19745, "netIncomeRatio": 0, "eps": -0.0692, "epsdiluted": -0.0692, "weightedAverageShsOut": 285206, "weightedAverageShsOutDil": 285206, "link": "https://www.sec.gov/Archives/edgar/data/827876/000107878212003299/0001078782-12-003299-index.htm", "finalLink": "https://www.sec.gov/Archives/edgar/data/827876/000107878212003299/f10k093012_10k.htm", "calculatedOtherExpenses": 0, "calculatedOperatingExpenses": 14175, "calculatedNetInterest": -5570, "calculatedOtherIncome": 0, "calculatedIncomeNonControlling": 0, "calculatedEbitda": -14175}, {"date": "2011-09-30", "symbol": "CLSK", "reportedCurrency": "USD", "cik": "0000827876", "fillingDate": "2012-01-06", "acceptedDate": "2012-01-06 12:48:06", "calendarYear": "2011", "period": "FY", "revenue": 0, "costOfRevenue": 0, "grossProfit": 0, "grossProfitRatio": 0, "researchAndDevelopmentExpenses": 0, "generalAndAdministrativeExpenses": 34024, "sellingAndMarketingExpenses": 0, "sellingGeneralAndAdministrativeExpenses": 34024, "otherExpenses": 0, "operatingExpenses": 34024, "costAndExpenses": 34024, "interestIncome": 0, "interestExpense": 3783, "depreciationAndAmortization": 0, "ebitda": -34024, "ebitdaratio": 0, "operatingIncome": -34024, "operatingIncomeRatio": 0, "totalOtherIncomeExpensesNet": -3783, "incomeBeforeTax": -37807, "incomeBeforeTaxRatio": 0, "incomeTaxExpense": 0, "netIncome": -37807, "netIncomeRatio": 0, "eps": -0.13, "epsdiluted": -0.13, "weightedAverageShsOut": 284394, "weightedAverageShsOutDil": 284394, "link": "https://www.sec.gov/Archives/edgar/data/827876/000107878212000022/0001078782-12-000022-index.htm", "finalLink": "https://www.sec.gov/Archives/edgar/data/827876/000107878212000022/f10k093011_10k.htm", "calculatedOtherExpenses": 0, "calculatedOperatingExpenses": 34024, "calculatedNetInterest": -3783, "calculatedOtherIncome": 0, "calculatedIncomeNonControlling": 0, "calculatedEbitda": -34024}, {"date": "2010-09-30", "symbol": "CLSK", "reportedCurrency": "USD", "cik": "0000827876", "fillingDate": "2011-06-17", "acceptedDate": "2011-06-17 14:27:10", "calendarYear": "2010", "period": "FY", "revenue": 0, "costOfRevenue": 0, "grossProfit": 0, "grossProfitRatio": 0, "researchAndDevelopmentExpenses": 0, "generalAndAdministrativeExpenses": 0, "sellingAndMarketingExpenses": 0, "sellingGeneralAndAdministrativeExpenses": 19550, "otherExpenses": 0, "operatingExpenses": 19550, "costAndExpenses": 19550, "interestIncome": 0, "interestExpense": 1649, "depreciationAndAmortization": 0, "ebitda": -19550, "ebitdaratio": 0, "operatingIncome": -19550, "operatingIncomeRatio": 0, "totalOtherIncomeExpensesNet": 2353, "incomeBeforeTax": -18846, "incomeBeforeTaxRatio": 0, "incomeTaxExpense": 0, "netIncome": -18846, "netIncomeRatio": 0, "eps": -0.0681, "epsdiluted": -0.0681, "weightedAverageShsOut": 276759, "weightedAverageShsOutDil": 276759, "link": "https://www.sec.gov/Archives/edgar/data/827876/000107878211001657/0001078782-11-001657-index.htm", "finalLink": "https://www.sec.gov/Archives/edgar/data/827876/000107878211001657/smartdata10k093010.htm", "calculatedOtherExpenses": 0, "calculatedOperatingExpenses": 19550, "calculatedNetInterest": -1649, "calculatedOtherIncome": 2353, "calculatedIncomeNonControlling": 0, "calculatedEbitda": -19550}, {"date": "2009-09-30", "symbol": "CLSK", "reportedCurrency": "USD", "cik": "0000827876", "fillingDate": "2010-02-23", "acceptedDate": "2010-02-23 13:54:42", "calendarYear": "2009", "period": "FY", "revenue": 0, "costOfRevenue": 0, "grossProfit": 0, "grossProfitRatio": 0, "researchAndDevelopmentExpenses": 0, "generalAndAdministrativeExpenses": 0, "sellingAndMarketingExpenses": 0, "sellingGeneralAndAdministrativeExpenses": 30779, "otherExpenses": 0, "operatingExpenses": 30779, "costAndExpenses": 30779, "interestIncome": 0, "interestExpense": 0, "depreciationAndAmortization": 0, "ebitda": -30779, "ebitdaratio": 0, "operatingIncome": -30779, "operatingIncomeRatio": 0, "totalOtherIncomeExpensesNet": 0, "incomeBeforeTax": -30779, "incomeBeforeTaxRatio": 0, "incomeTaxExpense": 0, "netIncome": -30779, "netIncomeRatio": 0, "eps": -0.13, "epsdiluted": -0.13, "weightedAverageShsOut": 244729, "weightedAverageShsOutDil": 244729, "link": "https://www.sec.gov/Archives/edgar/data/827876/000107878210000338/0001078782-10-000338-index.htm", "finalLink": "https://www.sec.gov/Archives/edgar/data/827876/000107878210000338/smartdata10k093009.htm", "calculatedOtherExpenses": 0, "calculatedOperatingExpenses": 30779, "calculatedNetInterest": 0, "calculatedOtherIncome": 0, "calculatedIncomeNonControlling": 0, "calculatedEbitda": -30779}, {"date": "2008-09-30", "symbol": "CLSK", "reportedCurrency": "USD", "cik": "0000827876", "fillingDate": "2009-02-05", "acceptedDate": "2009-02-05 14:15:00", "calendarYear": "2008", "period": "FY", "revenue": 0, "costOfRevenue": 0, "grossProfit": 0, "grossProfitRatio": 0, "researchAndDevelopmentExpenses": 0, "generalAndAdministrativeExpenses": 0, "sellingAndMarketingExpenses": 0, "sellingGeneralAndAdministrativeExpenses": 22048, "otherExpenses": 0, "operatingExpenses": 22048, "costAndExpenses": 22048, "interestIncome": 0, "interestExpense": 0, "depreciationAndAmortization": 0, "ebitda": -22048, "ebitdaratio": 0, "operatingIncome": -22048, "operatingIncomeRatio": 0, "totalOtherIncomeExpensesNet": 0, "incomeBeforeTax": -22048, "incomeBeforeTaxRatio": 0, "incomeTaxExpense": 0, "netIncome": -22048, "netIncomeRatio": 0, "eps": -0.2, "epsdiluted": -0.2, "weightedAverageShsOut": 112957, "weightedAverageShsOutDil": 112957, "link": "https://www.sec.gov/Archives/edgar/data/827876/000107878209000109/0001078782-09-000109-index.htm", "finalLink": "https://www.sec.gov/Archives/edgar/data/827876/000107878209000109/smartdata10ksb093008.htm", "calculatedOtherExpenses": 0, "calculatedOperatingExpenses": 22048, "calculatedNetInterest": 0, "calculatedOtherIncome": 0, "calculatedIncomeNonControlling": 0, "calculatedEbitda": -22048}]}