{"originalCurrency": "CAD", "convertedCurrency": "CAD", "report": [{"date": "2023-10-31", "symbol": "CM", "reportedCurrency": "CAD", "cik": "0001045520", "fillingDate": "2023-10-31", "acceptedDate": "2023-10-30 20:00:00", "calendarYear": "2023", "period": "FY", "revenue": 23290000000, "costOfRevenue": 0, "grossProfit": 23290000000, "grossProfitRatio": 1, "researchAndDevelopmentExpenses": 0, "generalAndAdministrativeExpenses": 7550000000, "sellingAndMarketingExpenses": 304000000, "sellingGeneralAndAdministrativeExpenses": 7854000000, "otherExpenses": -24218000000, "operatingExpenses": -16364000000, "costAndExpenses": -16364000000, "interestIncome": 45019000000, "interestExpense": 32194000000, "depreciationAndAmortization": 1143000000, "ebitda": 8069000000, "ebitdaratio": 0.3464577072, "operatingIncome": 6926000000, "operatingIncomeRatio": 0.2973808502, "totalOtherIncomeExpensesNet": 38000000, "incomeBeforeTax": 6964000000, "incomeBeforeTaxRatio": 0.2990124517, "incomeTaxExpense": 1931000000, "netIncome": 4995000000, "netIncomeRatio": 0.2144697295, "eps": 5.16, "epsdiluted": 5.16, "weightedAverageShsOut": 915631000, "weightedAverageShsOutDil": 916223000, "link": null, "finalLink": null, "calculatedOtherExpenses": 8510000000, "calculatedOperatingExpenses": 16364000000, "calculatedNetInterest": 12825000000, "calculatedOtherIncome": -12787000000, "calculatedIncomeNonControlling": 38000000, "calculatedEbitda": 8069000000}, {"date": "2022-10-31", "symbol": "CM", "reportedCurrency": "CAD", "cik": "0001045520", "fillingDate": "2022-10-31", "acceptedDate": "2022-10-31 00:00:00", "calendarYear": "2022", "period": "FY", "revenue": 21764000000, "costOfRevenue": 0, "grossProfit": 21764000000, "grossProfitRatio": 1, "researchAndDevelopmentExpenses": 0, "generalAndAdministrativeExpenses": 7157000000, "sellingAndMarketingExpenses": 334000000, "sellingGeneralAndAdministrativeExpenses": 7491000000, "otherExpenses": -1851000000, "operatingExpenses": 7491000000, "costAndExpenses": 7491000000, "interestIncome": 22179000000, "interestExpense": 9538000000, "depreciationAndAmortization": 1047000000, "ebitda": 18535000000, "ebitdaratio": 0.8516357287, "operatingIncome": 17488000000, "operatingIncomeRatio": 0.8035287631, "totalOtherIncomeExpensesNet": -9515000000, "incomeBeforeTax": 7973000000, "incomeBeforeTaxRatio": 0.3663389083, "incomeTaxExpense": 1730000000, "netIncome": 6220000000, "netIncomeRatio": 0.2857930527, "eps": 6.7, "epsdiluted": 6.68, "weightedAverageShsOut": 903312000, "weightedAverageShsOutDil": 905684000, "link": null, "finalLink": null, "calculatedOtherExpenses": -3215000000, "calculatedOperatingExpenses": 4276000000, "calculatedNetInterest": 12641000000, "calculatedOtherIncome": -22156000000, "calculatedIncomeNonControlling": 23000000, "calculatedEbitda": 18535000000}, {"date": "2021-10-31", "symbol": "CM", "reportedCurrency": "CAD", "cik": "0001045520", "fillingDate": "2021-10-31", "acceptedDate": "2021-10-31 00:00:00", "calendarYear": "2021", "period": "FY", "revenue": 19960000000, "costOfRevenue": 0, "grossProfit": 19960000000, "grossProfitRatio": 1, "researchAndDevelopmentExpenses": 0, "generalAndAdministrativeExpenses": 6450000000, "sellingAndMarketingExpenses": 237000000, "sellingGeneralAndAdministrativeExpenses": 6687000000, "otherExpenses": -18342000000, "operatingExpenses": -11655000000, "costAndExpenses": -11655000000, "interestIncome": 14741000000, "interestExpense": 3282000000, "depreciationAndAmortization": 1017000000, "ebitda": 9322000000, "ebitdaratio": 0.4670340681, "operatingIncome": 8305000000, "operatingIncomeRatio": 0.4160821643, "totalOtherIncomeExpensesNet": 17000000, "incomeBeforeTax": 8322000000, "incomeBeforeTaxRatio": 0.4169338677, "incomeTaxExpense": 1876000000, "netIncome": 6429000000, "netIncomeRatio": 0.3220941884, "eps": 6.98, "epsdiluted": 6.97, "weightedAverageShsOut": 897906000, "weightedAverageShsOutDil": 900366000, "link": null, "finalLink": null, "calculatedOtherExpenses": 4968000000, "calculatedOperatingExpenses": 11655000000, "calculatedNetInterest": 11459000000, "calculatedOtherIncome": -11442000000, "calculatedIncomeNonControlling": 17000000, "calculatedEbitda": 9322000000}, {"date": "2020-10-31", "symbol": "CM", "reportedCurrency": "CAD", "cik": "0001045520", "fillingDate": "2020-10-31", "acceptedDate": "2020-10-31 00:00:00", "calendarYear": "2020", "period": "FY", "revenue": 18666000000, "costOfRevenue": 0, "grossProfit": 18666000000, "grossProfitRatio": 1, "researchAndDevelopmentExpenses": 0, "generalAndAdministrativeExpenses": 6259000000, "sellingAndMarketingExpenses": 271000000, "sellingGeneralAndAdministrativeExpenses": 6530000000, "otherExpenses": -20308000000, "operatingExpenses": -13778000000, "costAndExpenses": -13778000000, "interestIncome": 17522000000, "interestExpense": 6478000000, "depreciationAndAmortization": 1311000000, "ebitda": 6199000000, "ebitdaratio": 0.3321011465, "operatingIncome": 4888000000, "operatingIncomeRatio": 0.2618664952, "totalOtherIncomeExpensesNet": 2000000, "incomeBeforeTax": 4890000000, "incomeBeforeTaxRatio": 0.2619736419, "incomeTaxExpense": 1098000000, "netIncome": 3790000000, "netIncomeRatio": 0.2030429658, "eps": 4.12, "epsdiluted": 4.11, "weightedAverageShsOut": 890870000, "weightedAverageShsOutDil": 892042000, "link": null, "finalLink": null, "calculatedOtherExpenses": 7248000000, "calculatedOperatingExpenses": 13778000000, "calculatedNetInterest": 11044000000, "calculatedOtherIncome": -11042000000, "calculatedIncomeNonControlling": 2000000, "calculatedEbitda": 6199000000}, {"date": "2019-10-31", "symbol": "CM", "reportedCurrency": "CAD", "cik": "0001045520", "fillingDate": "2019-10-31", "acceptedDate": "2019-10-31 00:00:00", "calendarYear": "2019", "period": "FY", "revenue": 18467000000, "costOfRevenue": 0, "grossProfit": 18467000000, "grossProfitRatio": 1, "researchAndDevelopmentExpenses": 0, "generalAndAdministrativeExpenses": 5726000000, "sellingAndMarketingExpenses": 359000000, "sellingGeneralAndAdministrativeExpenses": 6085000000, "otherExpenses": -18108000000, "operatingExpenses": -12023000000, "costAndExpenses": -12023000000, "interestIncome": 20697000000, "interestExpense": 10146000000, "depreciationAndAmortization": 838000000, "ebitda": 7282000000, "ebitdaratio": 0.3943250122, "operatingIncome": 6444000000, "operatingIncomeRatio": 0.3489467699, "totalOtherIncomeExpensesNet": 25000000, "incomeBeforeTax": 6469000000, "incomeBeforeTaxRatio": 0.3503005361, "incomeTaxExpense": 1348000000, "netIncome": 5096000000, "netIncomeRatio": 0.2759516976, "eps": 5.61, "epsdiluted": 5.6, "weightedAverageShsOut": 888648000, "weightedAverageShsOutDil": 890914000, "link": null, "finalLink": null, "calculatedOtherExpenses": 5938000000, "calculatedOperatingExpenses": 12023000000, "calculatedNetInterest": 10551000000, "calculatedOtherIncome": -10526000000, "calculatedIncomeNonControlling": 25000000, "calculatedEbitda": 7282000000}, {"date": "2018-10-31", "symbol": "CM", "reportedCurrency": "CAD", "cik": "0001045520", "fillingDate": "2018-10-31", "acceptedDate": "2018-10-31 00:00:00", "calendarYear": "2018", "period": "FY", "revenue": 17699000000, "costOfRevenue": 0, "grossProfit": 17699000000, "grossProfitRatio": 1, "researchAndDevelopmentExpenses": 0, "generalAndAdministrativeExpenses": 5665000000, "sellingAndMarketingExpenses": 327000000, "sellingGeneralAndAdministrativeExpenses": 5992000000, "otherExpenses": -1616000000, "operatingExpenses": 5992000000, "costAndExpenses": 5992000000, "interestIncome": 17505000000, "interestExpense": 7440000000, "depreciationAndAmortization": 657000000, "ebitda": 14786000000, "ebitdaratio": 0.8354144302, "operatingIncome": 14129000000, "operatingIncomeRatio": 0.7982936889, "totalOtherIncomeExpensesNet": -7423000000, "incomeBeforeTax": 6706000000, "incomeBeforeTaxRatio": 0.3788914628, "incomeTaxExpense": 1422000000, "netIncome": 5267000000, "netIncomeRatio": 0.2975874343, "eps": 5.94, "epsdiluted": 5.92, "weightedAverageShsOut": 886164000, "weightedAverageShsOutDil": 889254000, "link": null, "finalLink": null, "calculatedOtherExpenses": -2422000000, "calculatedOperatingExpenses": 3570000000, "calculatedNetInterest": 10065000000, "calculatedOtherIncome": -17488000000, "calculatedIncomeNonControlling": 17000000, "calculatedEbitda": 14786000000}, {"date": "2017-10-31", "symbol": "CM", "reportedCurrency": "CAD", "cik": "0001045520", "fillingDate": "2017-10-31", "acceptedDate": "2017-10-31 00:00:00", "calendarYear": "2017", "period": "FY", "revenue": 15874000000, "costOfRevenue": 0, "grossProfit": 15874000000, "grossProfitRatio": 1, "researchAndDevelopmentExpenses": 0, "generalAndAdministrativeExpenses": 5198000000, "sellingAndMarketingExpenses": 282000000, "sellingGeneralAndAdministrativeExpenses": 5480000000, "otherExpenses": -1366000000, "operatingExpenses": 5480000000, "costAndExpenses": 5480000000, "interestIncome": 13593000000, "interestExpense": 4616000000, "depreciationAndAmortization": 542000000, "ebitda": 11019000000, "ebitdaratio": 0.6941539625, "operatingIncome": 10477000000, "operatingIncomeRatio": 0.6600100794, "totalOtherIncomeExpensesNet": -4597000000, "incomeBeforeTax": 5880000000, "incomeBeforeTaxRatio": 0.3704170341, "incomeTaxExpense": 1162000000, "netIncome": 4699000000, "netIncomeRatio": 0.2960186468, "eps": 5.63, "epsdiluted": 5.62, "weightedAverageShsOut": 825272000, "weightedAverageShsOutDil": 827126000, "link": null, "finalLink": null, "calculatedOtherExpenses": -83000000, "calculatedOperatingExpenses": 5397000000, "calculatedNetInterest": 8977000000, "calculatedOtherIncome": -13574000000, "calculatedIncomeNonControlling": 19000000, "calculatedEbitda": 11019000000}, {"date": "2016-10-31", "symbol": "CM", "reportedCurrency": "CAD", "cik": "0001045520", "fillingDate": "2016-10-31", "acceptedDate": "2016-10-31 00:00:00", "calendarYear": "2016", "period": "FY", "revenue": 14439000000, "costOfRevenue": 0, "grossProfit": 14439000000, "grossProfitRatio": 1, "researchAndDevelopmentExpenses": 0, "generalAndAdministrativeExpenses": 4982000000, "sellingAndMarketingExpenses": 269000000, "sellingGeneralAndAdministrativeExpenses": 5251000000, "otherExpenses": -1461000000, "operatingExpenses": 5117000000, "costAndExpenses": 5117000000, "interestIncome": 12092000000, "interestExpense": 3726000000, "depreciationAndAmortization": 462000000, "ebitda": 9181000000, "ebitdaratio": 0.6358473579, "operatingIncome": 8719000000, "operatingIncomeRatio": 0.6038506822, "totalOtherIncomeExpensesNet": -3706000000, "incomeBeforeTax": 5013000000, "incomeBeforeTaxRatio": 0.3471847081, "incomeTaxExpense": 718000000, "netIncome": 4275000000, "netIncomeRatio": 0.2960731353, "eps": 5.36, "epsdiluted": 5.35, "weightedAverageShsOut": 790778000, "weightedAverageShsOutDil": 791838000, "link": null, "finalLink": null, "calculatedOtherExpenses": 469000000, "calculatedOperatingExpenses": 5720000000, "calculatedNetInterest": 8366000000, "calculatedOtherIncome": -12072000000, "calculatedIncomeNonControlling": 20000000, "calculatedEbitda": 9181000000}, {"date": "2015-10-31", "symbol": "CM", "reportedCurrency": "CAD", "cik": "0001045520", "fillingDate": "2015-10-31", "acceptedDate": "2015-10-31 00:00:00", "calendarYear": "2015", "period": "FY", "revenue": 13677000000, "costOfRevenue": 0, "grossProfit": 13677000000, "grossProfitRatio": 1, "researchAndDevelopmentExpenses": 0, "generalAndAdministrativeExpenses": 5099000000, "sellingAndMarketingExpenses": 281000000, "sellingGeneralAndAdministrativeExpenses": 5380000000, "otherExpenses": 0, "operatingExpenses": 5084000000, "costAndExpenses": 5084000000, "interestIncome": 11483000000, "interestExpense": 3568000000, "depreciationAndAmortization": 435000000, "ebitda": 8213000000, "ebitdaratio": 0.6004971851, "operatingIncome": 7778000000, "operatingIncomeRatio": 0.5686919646, "totalOtherIncomeExpensesNet": -3554000000, "incomeBeforeTax": 4224000000, "incomeBeforeTaxRatio": 0.3088396578, "incomeTaxExpense": 634000000, "netIncome": 3576000000, "netIncomeRatio": 0.2614608467, "eps": 4.45, "epsdiluted": 4.43, "weightedAverageShsOut": 794426000, "weightedAverageShsOutDil": 795664000, "link": null, "finalLink": null, "calculatedOtherExpenses": 519000000, "calculatedOperatingExpenses": 5899000000, "calculatedNetInterest": 7915000000, "calculatedOtherIncome": -11469000000, "calculatedIncomeNonControlling": 14000000, "calculatedEbitda": 8213000000}, {"date": "2014-10-31", "symbol": "CM", "reportedCurrency": "CAD", "cik": "0001045520", "fillingDate": "2014-10-31", "acceptedDate": "2014-10-31 00:00:00", "calendarYear": "2014", "period": "FY", "revenue": 13073000000, "costOfRevenue": 0, "grossProfit": 13073000000, "grossProfitRatio": 1, "researchAndDevelopmentExpenses": 0, "generalAndAdministrativeExpenses": 4636000000, "sellingAndMarketingExpenses": 285000000, "sellingGeneralAndAdministrativeExpenses": 4921000000, "otherExpenses": 0, "operatingExpenses": 4921000000, "costAndExpenses": 4921000000, "interestIncome": 11477000000, "interestExpense": 4018000000, "depreciationAndAmortization": 813000000, "ebitda": 8748000000, "ebitdaratio": 0.6691654555, "operatingIncome": 7935000000, "operatingIncomeRatio": 0.6069762105, "totalOtherIncomeExpensesNet": -4021000000, "incomeBeforeTax": 3914000000, "incomeBeforeTaxRatio": 0.2993957011, "incomeTaxExpense": 699000000, "netIncome": 3218000000, "netIncomeRatio": 0.2461561998, "eps": 3.94, "epsdiluted": 3.93, "weightedAverageShsOut": 795240000, "weightedAverageShsOutDil": 796840000, "link": null, "finalLink": null, "calculatedOtherExpenses": 217000000, "calculatedOperatingExpenses": 5138000000, "calculatedNetInterest": 7459000000, "calculatedOtherIncome": -11480000000, "calculatedIncomeNonControlling": -3000000, "calculatedEbitda": 8748000000}, {"date": "2013-10-31", "symbol": "CM", "reportedCurrency": "CAD", "cik": "0001045520", "fillingDate": "2013-10-31", "acceptedDate": "2013-10-31 00:00:00", "calendarYear": "2013", "period": "FY", "revenue": 12626000000, "costOfRevenue": 0, "grossProfit": 12626000000, "grossProfitRatio": 1, "researchAndDevelopmentExpenses": 0, "generalAndAdministrativeExpenses": 4214000000, "sellingAndMarketingExpenses": 236000000, "sellingGeneralAndAdministrativeExpenses": 4450000000, "otherExpenses": 0, "operatingExpenses": 4450000000, "costAndExpenses": 4450000000, "interestIncome": 11811000000, "interestExpense": 4356000000, "depreciationAndAmortization": 354000000, "ebitda": 8761000000, "ebitdaratio": 0.6938856328, "operatingIncome": 8407000000, "operatingIncomeRatio": 0.6658482496, "totalOtherIncomeExpensesNet": -4359000000, "incomeBeforeTax": 4048000000, "incomeBeforeTaxRatio": 0.3206082687, "incomeTaxExpense": 648000000, "netIncome": 3403000000, "netIncomeRatio": 0.2695232061, "eps": 4.06, "epsdiluted": 4.06, "weightedAverageShsOut": 801760000, "weightedAverageShsOutDil": 802522000, "link": null, "finalLink": null, "calculatedOtherExpenses": -231000000, "calculatedOperatingExpenses": 4219000000, "calculatedNetInterest": 7455000000, "calculatedOtherIncome": -11814000000, "calculatedIncomeNonControlling": -3000000, "calculatedEbitda": 8761000000}, {"date": "2012-10-31", "symbol": "CM", "reportedCurrency": "CAD", "cik": "0001045520", "fillingDate": "2012-10-31", "acceptedDate": "2012-10-31 00:00:00", "calendarYear": "2012", "period": "FY", "revenue": 12549000000, "costOfRevenue": 201000000, "grossProfit": 12348000000, "grossProfitRatio": 0.9839827875, "researchAndDevelopmentExpenses": 0, "generalAndAdministrativeExpenses": 5420000000, "sellingAndMarketingExpenses": 233000000, "sellingGeneralAndAdministrativeExpenses": 5653000000, "otherExpenses": 0, "operatingExpenses": 4277000000, "costAndExpenses": 4277000000, "interestIncome": 12075000000, "interestExpense": 4581000000, "depreciationAndAmortization": 357000000, "ebitda": 8973000000, "ebitdaratio": 0.7150370547, "operatingIncome": 8616000000, "operatingIncomeRatio": 0.6865885728, "totalOtherIncomeExpensesNet": -4573000000, "incomeBeforeTax": 4043000000, "incomeBeforeTaxRatio": 0.3221770659, "incomeTaxExpense": 704000000, "netIncome": 3331000000, "netIncomeRatio": 0.2654394772, "eps": 3.89, "epsdiluted": 3.88, "weightedAverageShsOut": 807370000, "weightedAverageShsOutDil": 808290000, "link": null, "finalLink": null, "calculatedOtherExpenses": -1921000000, "calculatedOperatingExpenses": 3732000000, "calculatedNetInterest": 7494000000, "calculatedOtherIncome": -12067000000, "calculatedIncomeNonControlling": 8000000, "calculatedEbitda": 8973000000}, {"date": "2011-10-31", "symbol": "CM", "reportedCurrency": "CAD", "cik": "0001045520", "fillingDate": "2011-10-31", "acceptedDate": "2011-10-31 00:00:00", "calendarYear": "2011", "period": "FY", "revenue": 12249000000, "costOfRevenue": 48000000, "grossProfit": 12201000000, "grossProfitRatio": 0.9960813128, "researchAndDevelopmentExpenses": 0, "generalAndAdministrativeExpenses": 5492000000, "sellingAndMarketingExpenses": 214000000, "sellingGeneralAndAdministrativeExpenses": 5706000000, "otherExpenses": 0, "operatingExpenses": 4377000000, "costAndExpenses": 4377000000, "interestIncome": 10099000000, "interestExpense": 3749000000, "depreciationAndAmortization": 356000000, "ebitda": 8153000000, "ebitdaratio": 0.6656053555, "operatingIncome": 7797000000, "operatingIncomeRatio": 0.6365417585, "totalOtherIncomeExpensesNet": -3739000000, "incomeBeforeTax": 4058000000, "incomeBeforeTaxRatio": 0.3312923504, "incomeTaxExpense": 969000000, "netIncome": 3079000000, "netIncomeRatio": 0.2513674586, "eps": 3.4, "epsdiluted": 3.36, "weightedAverageShsOut": 792466000, "weightedAverageShsOutDil": 813392000, "link": null, "finalLink": null, "calculatedOtherExpenses": -1302000000, "calculatedOperatingExpenses": 4404000000, "calculatedNetInterest": 6350000000, "calculatedOtherIncome": -10089000000, "calculatedIncomeNonControlling": 10000000, "calculatedEbitda": 8153000000}, {"date": "2010-10-31", "symbol": "CM", "reportedCurrency": "CAD", "cik": "0001045520", "fillingDate": "2010-10-31", "acceptedDate": "2010-10-31 00:00:00", "calendarYear": "2010", "period": "FY", "revenue": 12085000000, "costOfRevenue": -1000000, "grossProfit": 12086000000, "grossProfitRatio": 1.0000827472, "researchAndDevelopmentExpenses": 0, "generalAndAdministrativeExpenses": 5164000000, "sellingAndMarketingExpenses": 197000000, "sellingGeneralAndAdministrativeExpenses": 5164000000, "otherExpenses": 0, "operatingExpenses": 4068000000, "costAndExpenses": 4068000000, "interestIncome": 9095000000, "interestExpense": 2891000000, "depreciationAndAmortization": 375000000, "ebitda": 7251000000, "ebitdaratio": 0.6, "operatingIncome": 6876000000, "operatingIncomeRatio": 0.5689697973, "totalOtherIncomeExpensesNet": -2864000000, "incomeBeforeTax": 4012000000, "incomeBeforeTaxRatio": 0.3319817956, "incomeTaxExpense": 1533000000, "netIncome": 2452000000, "netIncomeRatio": 0.2028961523, "eps": 2.95, "epsdiluted": 2.94, "weightedAverageShsOut": 775604000, "weightedAverageShsOutDil": 777614000, "link": null, "finalLink": null, "calculatedOtherExpenses": 46000000, "calculatedOperatingExpenses": 5210000000, "calculatedNetInterest": 6204000000, "calculatedOtherIncome": -9068000000, "calculatedIncomeNonControlling": 27000000, "calculatedEbitda": 7251000000}, {"date": "2009-10-31", "symbol": "CM", "reportedCurrency": "CAD", "cik": "0001045520", "fillingDate": "2009-10-31", "acceptedDate": "2009-10-31 00:00:00", "calendarYear": "2009", "period": "FY", "revenue": 9930000000, "costOfRevenue": 0, "grossProfit": 9930000000, "grossProfitRatio": 1, "researchAndDevelopmentExpenses": 0, "generalAndAdministrativeExpenses": 3610000000, "sellingAndMarketingExpenses": 173000000, "sellingGeneralAndAdministrativeExpenses": 3783000000, "otherExpenses": 0, "operatingExpenses": 3783000000, "costAndExpenses": 3783000000, "interestIncome": 9297000000, "interestExpense": 3903000000, "depreciationAndAmortization": 403000000, "ebitda": 5904000000, "ebitdaratio": 0.5945619335, "operatingIncome": 5501000000, "operatingIncomeRatio": 0.5539778449, "totalOtherIncomeExpensesNet": -3882000000, "incomeBeforeTax": 1619000000, "incomeBeforeTaxRatio": 0.163041289, "incomeTaxExpense": 424000000, "netIncome": 1174000000, "netIncomeRatio": 0.1182275932, "eps": 1.33, "epsdiluted": 1.33, "weightedAverageShsOut": 763354000, "weightedAverageShsOutDil": 764884000, "link": null, "finalLink": null, "calculatedOtherExpenses": 646000000, "calculatedOperatingExpenses": 4429000000, "calculatedNetInterest": 5394000000, "calculatedOtherIncome": -9276000000, "calculatedIncomeNonControlling": 21000000, "calculatedEbitda": 5904000000}, {"date": "2008-10-31", "symbol": "CM", "reportedCurrency": "CAD", "cik": "0001045520", "fillingDate": "2008-10-31", "acceptedDate": "2008-10-31 00:00:00", "calendarYear": "2008", "period": "FY", "revenue": 3713323713, "costOfRevenue": 0, "grossProfit": 3713323713, "grossProfitRatio": 1, "researchAndDevelopmentExpenses": 0, "generalAndAdministrativeExpenses": 3916546417, "sellingAndMarketingExpenses": 216450216, "sellingGeneralAndAdministrativeExpenses": 4132996633, "otherExpenses": 0, "operatingExpenses": 4132996633, "costAndExpenses": 4132996633, "interestIncome": 14163059163, "interestExpense": 8956228956, "depreciationAndAmortization": 245310245, "ebitda": 4924242424, "ebitdaratio": 1.3261010363, "operatingIncome": 4678932179, "operatingIncomeRatio": 1.2600388602, "totalOtherIncomeExpensesNet": -8956228956, "incomeBeforeTax": -4277296777, "incomeBeforeTaxRatio": -1.1518782384, "incomeTaxExpense": -2217412217, "netIncome": -2059884560, "netIncomeRatio": -0.5547279794, "eps": -2.78, "epsdiluted": -2.77, "weightedAverageShsOut": 740458000, "weightedAverageShsOutDil": 743526000, "link": null, "finalLink": null, "calculatedOtherExpenses": -5098605099, "calculatedOperatingExpenses": -965608466, "calculatedNetInterest": 5206830207, "calculatedOtherIncome": -14163059163, "calculatedIncomeNonControlling": 0, "calculatedEbitda": 4924242424}, {"date": "2007-10-31", "symbol": "CM", "reportedCurrency": "CAD", "cik": "0001045520", "fillingDate": "2007-10-31", "acceptedDate": "2007-10-31 00:00:00", "calendarYear": "2007", "period": "FY", "revenue": 12066029704, "costOfRevenue": 0, "grossProfit": 12066029704, "grossProfitRatio": 1, "researchAndDevelopmentExpenses": 0, "generalAndAdministrativeExpenses": 4392205090, "sellingAndMarketingExpenses": 245955917, "sellingGeneralAndAdministrativeExpenses": 4638161007, "otherExpenses": 0, "operatingExpenses": 4638161007, "costAndExpenses": 4638161007, "interestIncome": 15780910037, "interestExpense": 11223157696, "depreciationAndAmortization": 252577807, "ebitda": 15295620093, "ebitdaratio": 1.2676597413, "operatingIncome": 15043042286, "operatingIncomeRatio": 1.2467267738, "totalOtherIncomeExpensesNet": -11223157696, "incomeBeforeTax": 3819884590, "incomeBeforeTaxRatio": 0.3165817327, "incomeTaxExpense": 524075300, "netIncome": 3295809290, "netIncomeRatio": 0.2731477852, "eps": 4.65, "epsdiluted": 4.61, "weightedAverageShsOut": 672184000, "weightedAverageShsOutDil": 678632000, "link": null, "finalLink": null, "calculatedOtherExpenses": -7615173589, "calculatedOperatingExpenses": -2977012582, "calculatedNetInterest": 4557752341, "calculatedOtherIncome": -15780910037, "calculatedIncomeNonControlling": 0, "calculatedEbitda": 15295620093}, {"date": "2006-10-31", "symbol": "CM", "reportedCurrency": "CAD", "cik": "0001045520", "fillingDate": "2006-10-31", "acceptedDate": "2006-10-31 00:00:00", "calendarYear": "2006", "period": "FY", "revenue": 11332000000, "costOfRevenue": 0, "grossProfit": 11332000000, "grossProfitRatio": 1, "researchAndDevelopmentExpenses": 0, "generalAndAdministrativeExpenses": 4288000000, "sellingAndMarketingExpenses": 222000000, "sellingGeneralAndAdministrativeExpenses": 4510000000, "otherExpenses": 14812000000, "operatingExpenses": 4510000000, "costAndExpenses": 4510000000, "interestIncome": 13269000000, "interestExpense": 8834000000, "depreciationAndAmortization": 235000000, "ebitda": 12355000000, "ebitdaratio": 1.0902753265, "operatingIncome": 12120000000, "operatingIncomeRatio": 1.0695375927, "totalOtherIncomeExpensesNet": -8805000000, "incomeBeforeTax": 3315000000, "incomeBeforeTaxRatio": 0.2925344158, "incomeTaxExpense": 640000000, "netIncome": 2646000000, "netIncomeRatio": 0.2334980586, "eps": 3.75, "epsdiluted": 3.72, "weightedAverageShsOut": 670270000, "weightedAverageShsOutDil": 676720000, "link": null, "finalLink": null, "calculatedOtherExpenses": -5298000000, "calculatedOperatingExpenses": -788000000, "calculatedNetInterest": 4435000000, "calculatedOtherIncome": -13240000000, "calculatedIncomeNonControlling": 29000000, "calculatedEbitda": 12355000000}, {"date": "2005-10-31", "symbol": "CM", "reportedCurrency": "CAD", "cik": "0001045520", "fillingDate": "2005-10-31", "acceptedDate": "2005-10-31 00:00:00", "calendarYear": "2005", "period": "FY", "revenue": 12472546936, "costOfRevenue": 0, "grossProfit": 12472546936, "grossProfitRatio": 1, "researchAndDevelopmentExpenses": 0, "generalAndAdministrativeExpenses": 4324005196, "sellingAndMarketingExpenses": 259770929, "sellingGeneralAndAdministrativeExpenses": 4583776125, "otherExpenses": 0, "operatingExpenses": 4583776125, "costAndExpenses": 4583776125, "interestIncome": 11256346676, "interestExpense": 6319518243, "depreciationAndAmortization": 225528398, "ebitda": 7301924666, "ebitdaratio": 0.5854397425, "operatingIncome": 7076396268, "operatingIncomeRatio": 0.5673577581, "totalOtherIncomeExpensesNet": -6319518243, "incomeBeforeTax": 756878025, "incomeBeforeTaxRatio": 0.0606835179, "incomeTaxExpense": 788759003, "netIncome": -31880978, "netIncomeRatio": -0.002556092, "eps": -0.047, "epsdiluted": -0.0465, "weightedAverageShsOut": 678526000, "weightedAverageShsOutDil": 685818000, "link": null, "finalLink": null, "calculatedOtherExpenses": 812374543, "calculatedOperatingExpenses": 5396150668, "calculatedNetInterest": 4936828433, "calculatedOtherIncome": -11256346676, "calculatedIncomeNonControlling": 0, "calculatedEbitda": 7301924666}, {"date": "2004-10-31", "symbol": "CM", "reportedCurrency": "CAD", "cik": "0001045520", "fillingDate": "2004-10-31", "acceptedDate": "2004-10-31 00:00:00", "calendarYear": "2004", "period": "FY", "revenue": 11882467690, "costOfRevenue": 0, "grossProfit": 11882467690, "grossProfitRatio": 1, "researchAndDevelopmentExpenses": 0, "generalAndAdministrativeExpenses": 4398927091, "sellingAndMarketingExpenses": 279200195, "sellingGeneralAndAdministrativeExpenses": 4678127286, "otherExpenses": 0, "operatingExpenses": 4678127286, "costAndExpenses": 4678127286, "interestIncome": 10187759083, "interestExpense": 4821994635, "depreciationAndAmortization": 280419410, "ebitda": 8091928797, "ebitdaratio": 0.6809973322, "operatingIncome": 7811509387, "operatingIncomeRatio": 0.6573979068, "totalOtherIncomeExpensesNet": -4821994635, "incomeBeforeTax": 2989514752, "incomeBeforeTaxRatio": 0.251590396, "incomeTaxExpense": 790051207, "netIncome": 2199463545, "netIncomeRatio": 0.1851015801, "eps": 2.8, "epsdiluted": 2.77, "weightedAverageShsOut": 711470000, "weightedAverageShsOutDil": 719552000, "link": null, "finalLink": null, "calculatedOtherExpenses": -607168983, "calculatedOperatingExpenses": 4070958303, "calculatedNetInterest": 5365764448, "calculatedOtherIncome": -10187759083, "calculatedIncomeNonControlling": 0, "calculatedEbitda": 8091928797}, {"date": "2003-10-31", "symbol": "CM", "reportedCurrency": "CAD", "cik": "0001045520", "fillingDate": "2003-10-31", "acceptedDate": "2003-10-31 00:00:00", "calendarYear": "2003", "period": "FY", "revenue": 11577212185, "costOfRevenue": 0, "grossProfit": 11577212185, "grossProfitRatio": 1, "researchAndDevelopmentExpenses": 0, "generalAndAdministrativeExpenses": 4416457866, "sellingAndMarketingExpenses": 245285507, "sellingGeneralAndAdministrativeExpenses": 4661743373, "otherExpenses": 0, "operatingExpenses": 4661743373, "costAndExpenses": 4661743373, "interestIncome": 11217196361, "interestExpense": 5546617434, "depreciationAndAmortization": 295397600, "ebitda": 8143215087, "ebitdaratio": 0.7033830733, "operatingIncome": 7847817487, "operatingIncomeRatio": 0.6778676387, "totalOtherIncomeExpensesNet": -5546617434, "incomeBeforeTax": 2301200053, "incomeBeforeTaxRatio": 0.1987697916, "incomeTaxExpense": 238691811, "netIncome": 2062508242, "netIncomeRatio": 0.1781524092, "eps": 2.61, "epsdiluted": 2.59, "weightedAverageShsOut": 679872115, "weightedAverageShsOutDil": 683809598, "link": null, "finalLink": null, "calculatedOtherExpenses": -932348675, "calculatedOperatingExpenses": 3729394698, "calculatedNetInterest": 5670578927, "calculatedOtherIncome": -11217196361, "calculatedIncomeNonControlling": 0, "calculatedEbitda": 8143215087}, {"date": "2002-10-31", "symbol": "CM", "reportedCurrency": "CAD", "cik": "0001045520", "fillingDate": "2002-10-31", "acceptedDate": "2002-10-31 00:00:00", "calendarYear": "2002", "period": "FY", "revenue": 11040498442, "costOfRevenue": 0, "grossProfit": 11040498442, "grossProfitRatio": 1, "researchAndDevelopmentExpenses": 0, "generalAndAdministrativeExpenses": 4881619938, "sellingAndMarketingExpenses": 294392523, "sellingGeneralAndAdministrativeExpenses": 5176012461, "otherExpenses": 0, "operatingExpenses": 5176012461, "costAndExpenses": 5176012461, "interestIncome": 11523364486, "interestExpense": 6014018692, "depreciationAndAmortization": 364485981, "ebitda": 6752336449, "ebitdaratio": 0.6115970655, "operatingIncome": 6387850468, "operatingIncomeRatio": 0.5785835215, "totalOtherIncomeExpensesNet": -6014018692, "incomeBeforeTax": 373831776, "incomeBeforeTaxRatio": 0.0338600452, "incomeTaxExpense": -278816199, "netIncome": 652647975, "netIncomeRatio": 0.0591139955, "eps": 0.69, "epsdiluted": 0.68, "weightedAverageShsOut": 718557428, "weightedAverageShsOutDil": 729202723, "link": null, "finalLink": null, "calculatedOtherExpenses": -523364487, "calculatedOperatingExpenses": 4652647974, "calculatedNetInterest": 5509345794, "calculatedOtherIncome": -11523364486, "calculatedIncomeNonControlling": 0, "calculatedEbitda": 6752336449}, {"date": "2001-10-31", "symbol": "CM", "reportedCurrency": "CAD", "cik": "0001045520", "fillingDate": "2001-10-31", "acceptedDate": "2001-10-31 00:00:00", "calendarYear": "2001", "period": "FY", "revenue": 11161720362, "costOfRevenue": 0, "grossProfit": 11161720362, "grossProfitRatio": 1, "researchAndDevelopmentExpenses": 0, "generalAndAdministrativeExpenses": 4732582130, "sellingAndMarketingExpenses": 285668941, "sellingGeneralAndAdministrativeExpenses": 5018251071, "otherExpenses": 0, "operatingExpenses": 5018251071, "costAndExpenses": 5018251071, "interestIncome": 14773845422, "interestExpense": 10225361054, "depreciationAndAmortization": 358673226, "ebitda": 12361529915, "ebitdaratio": 1.107493246, "operatingIncome": 12002856689, "operatingIncomeRatio": 1.0753590217, "totalOtherIncomeExpensesNet": -10225361054, "incomeBeforeTax": 1777495635, "incomeBeforeTaxRatio": 0.1592492535, "incomeTaxExpense": 92048881, "netIncome": 1685446754, "netIncomeRatio": 0.1510024171, "eps": 2.1, "epsdiluted": 2.07, "weightedAverageShsOut": 746936028, "weightedAverageShsOutDil": 757787399, "link": null, "finalLink": null, "calculatedOtherExpenses": -5859387398, "calculatedOperatingExpenses": -841136327, "calculatedNetInterest": 4548484368, "calculatedOtherIncome": -14773845422, "calculatedIncomeNonControlling": 0, "calculatedEbitda": 12361529915}, {"date": "2000-10-31", "symbol": "CM", "reportedCurrency": "CAD", "cik": "0001045520", "fillingDate": "2000-10-31", "acceptedDate": "2000-10-31 00:00:00", "calendarYear": "2000", "period": "FY", "revenue": 12080414255, "costOfRevenue": 0, "grossProfit": 12080414255, "grossProfitRatio": 1, "researchAndDevelopmentExpenses": 0, "generalAndAdministrativeExpenses": 4937557113, "sellingAndMarketingExpenses": 272616509, "sellingGeneralAndAdministrativeExpenses": 5210173622, "otherExpenses": 0, "operatingExpenses": 5210173622, "costAndExpenses": 5210173622, "interestIncome": 15327444411, "interestExpense": 11044776120, "depreciationAndAmortization": 359427353, "ebitda": 14106000610, "ebitdaratio": 1.1676752396, "operatingIncome": 13746573257, "operatingIncomeRatio": 1.13792234, "totalOtherIncomeExpensesNet": -11044776120, "incomeBeforeTax": 2701797137, "incomeBeforeTaxRatio": 0.2236510338, "incomeTaxExpense": 641181846, "netIncome": 2060615291, "netIncomeRatio": 0.1705748865, "eps": 2.49, "epsdiluted": 2.43, "weightedAverageShsOut": 777902000, "weightedAverageShsOutDil": 777902000, "link": null, "finalLink": null, "calculatedOtherExpenses": -6876332624, "calculatedOperatingExpenses": -1666159002, "calculatedNetInterest": 4282668291, "calculatedOtherIncome": -15327444411, "calculatedIncomeNonControlling": 0, "calculatedEbitda": 14106000610}, {"date": "1999-10-31", "symbol": "CM", "reportedCurrency": "CAD", "cik": "0001045520", "fillingDate": "1999-10-31", "acceptedDate": "1999-10-31 00:00:00", "calendarYear": "1999", "period": "FY", "revenue": 10135942327, "costOfRevenue": 0, "grossProfit": 10135942327, "grossProfitRatio": 1, "researchAndDevelopmentExpenses": 0, "generalAndAdministrativeExpenses": 4387965278, "sellingAndMarketingExpenses": 283066059, "sellingGeneralAndAdministrativeExpenses": 4671031337, "otherExpenses": 0, "operatingExpenses": 4671031337, "costAndExpenses": 4671031337, "interestIncome": 14405031632, "interestExpense": 9997057526, "depreciationAndAmortization": 367956451, "ebitda": 11713991467, "ebitdaratio": 1.155688449, "operatingIncome": 11346035016, "operatingIncomeRatio": 1.1193863037, "totalOtherIncomeExpensesNet": -9997057526, "incomeBeforeTax": 1348977490, "incomeBeforeTaxRatio": 0.1330885128, "incomeTaxExpense": 319994115, "netIncome": 1028983375, "netIncomeRatio": 0.1015182745, "eps": 1.12, "epsdiluted": 1.11, "weightedAverageShsOut": 820318920, "weightedAverageShsOutDil": 825751863, "link": null, "finalLink": null, "calculatedOtherExpenses": -5881124026, "calculatedOperatingExpenses": -1210092689, "calculatedNetInterest": 4407974106, "calculatedOtherIncome": -14405031632, "calculatedIncomeNonControlling": 0, "calculatedEbitda": 11713991467}, {"date": "1998-10-31", "symbol": "CM", "reportedCurrency": "CAD", "cik": "0001045520", "fillingDate": "1998-10-31", "acceptedDate": "1998-10-31 00:00:00", "calendarYear": "1998", "period": "FY", "revenue": 9140916809, "costOfRevenue": 0, "grossProfit": 9140916809, "grossProfitRatio": 1, "researchAndDevelopmentExpenses": 0, "generalAndAdministrativeExpenses": 4129958327, "sellingAndMarketingExpenses": 0, "sellingGeneralAndAdministrativeExpenses": 4129958327, "otherExpenses": 0, "operatingExpenses": 4129958327, "costAndExpenses": 4129958327, "interestIncome": 15000000000, "interestExpense": 10663065288, "depreciationAndAmortization": 294026856, "ebitda": 12472912487, "ebitdaratio": 1.364514386, "operatingIncome": 12178885631, "operatingIncomeRatio": 1.3323483722, "totalOtherIncomeExpensesNet": -10663065288, "incomeBeforeTax": 1515820343, "incomeBeforeTaxRatio": 0.1658280427, "incomeTaxExpense": 459947523, "netIncome": 1055872820, "netIncomeRatio": 0.1155106038, "eps": 1.13, "epsdiluted": 1.13, "weightedAverageShsOut": 832216568, "weightedAverageShsOutDil": 832216568, "link": null, "finalLink": null, "calculatedOtherExpenses": -7167927149, "calculatedOperatingExpenses": -3037968822, "calculatedNetInterest": 4336934712, "calculatedOtherIncome": -15000000000, "calculatedIncomeNonControlling": 0, "calculatedEbitda": 12472912487}, {"date": "1997-10-31", "symbol": "CM", "reportedCurrency": "CAD", "cik": "0001045520", "fillingDate": "1997-10-31", "acceptedDate": "1997-10-31 00:00:00", "calendarYear": "1997", "period": "FY", "revenue": 8496972258, "costOfRevenue": 0, "grossProfit": 8496972258, "grossProfitRatio": 1, "researchAndDevelopmentExpenses": 0, "generalAndAdministrativeExpenses": 3139980284, "sellingAndMarketingExpenses": 0, "sellingGeneralAndAdministrativeExpenses": 3139980284, "otherExpenses": 0, "operatingExpenses": 3139980284, "costAndExpenses": 3139980284, "interestIncome": 12891001268, "interestExpense": 8374031827, "depreciationAndAmortization": 230953387, "ebitda": 11093085482, "ebitdaratio": 1.3055339179, "operatingIncome": 10862132095, "operatingIncomeRatio": 1.2783532493, "totalOtherIncomeExpensesNet": -8374031827, "incomeBeforeTax": 2488100268, "incomeBeforeTaxRatio": 0.2928219832, "incomeTaxExpense": 937051120, "netIncome": 1551049148, "netIncomeRatio": 0.1825413925, "eps": 1.75, "epsdiluted": 1.75, "weightedAverageShsOut": 828334156, "weightedAverageShsOutDil": 828334156, "link": null, "finalLink": null, "calculatedOtherExpenses": -5505140121, "calculatedOperatingExpenses": -2365159837, "calculatedNetInterest": 4516969441, "calculatedOtherIncome": -12891001268, "calculatedIncomeNonControlling": 0, "calculatedEbitda": 11093085482}, {"date": "1996-10-31", "symbol": "CM", "reportedCurrency": "CAD", "cik": "0001045520", "fillingDate": "1996-10-31", "acceptedDate": "1996-10-30 19:00:00", "calendarYear": "1996", "period": "FY", "revenue": 7355000000, "costOfRevenue": 7928000000, "grossProfit": -573000000, "grossProfitRatio": -0.0779061863, "researchAndDevelopmentExpenses": 0, "generalAndAdministrativeExpenses": 5064000000, "sellingAndMarketingExpenses": 0, "sellingGeneralAndAdministrativeExpenses": 5064000000, "otherExpenses": 7928000000, "operatingExpenses": 12992000000, "costAndExpenses": 20920000000, "interestIncome": 0, "interestExpense": 7928000000, "depreciationAndAmortization": 256000000, "ebitda": 10461000000, "ebitdaratio": 1.4222977566, "operatingIncome": 10205000000, "operatingIncomeRatio": 1.3874915024, "totalOtherIncomeExpensesNet": -7914000000, "incomeBeforeTax": 2291000000, "incomeBeforeTaxRatio": 0.3114887831, "incomeTaxExpense": 911000000, "netIncome": 1380000000, "netIncomeRatio": 0.1876274643, "eps": 1.66, "epsdiluted": 1.66, "weightedAverageShsOut": 830000000, "weightedAverageShsOutDil": 830000000, "link": "", "finalLink": "", "calculatedOtherExpenses": -15842000000, "calculatedOperatingExpenses": -10778000000, "calculatedNetInterest": -7928000000, "calculatedOtherIncome": 14000000, "calculatedIncomeNonControlling": 0, "calculatedEbitda": 10461000000}, {"date": "1995-10-31", "symbol": "CM", "reportedCurrency": "CAD", "cik": "0001045520", "fillingDate": "1995-10-31", "acceptedDate": "1995-10-30 19:00:00", "calendarYear": "1995", "period": "FY", "revenue": 6285000000, "costOfRevenue": 6898000000, "grossProfit": -613000000, "grossProfitRatio": -0.0975338107, "researchAndDevelopmentExpenses": 0, "generalAndAdministrativeExpenses": 4624000000, "sellingAndMarketingExpenses": 0, "sellingGeneralAndAdministrativeExpenses": 4624000000, "otherExpenses": 6898000000, "operatingExpenses": 11522000000, "costAndExpenses": 18420000000, "interestIncome": 0, "interestExpense": 6898000000, "depreciationAndAmortization": 241000000, "ebitda": 8789000000, "ebitdaratio": 1.3984089101, "operatingIncome": 8548000000, "operatingIncomeRatio": 1.3600636436, "totalOtherIncomeExpensesNet": -6887000000, "incomeBeforeTax": 1661000000, "incomeBeforeTaxRatio": 0.2642800318, "incomeTaxExpense": 635000000, "netIncome": 1026000000, "netIncomeRatio": 0.1632458234, "eps": 1.17, "epsdiluted": 1.17, "weightedAverageShsOut": 876000000, "weightedAverageShsOutDil": 876000000, "link": "", "finalLink": "", "calculatedOtherExpenses": -13785000000, "calculatedOperatingExpenses": -9161000000, "calculatedNetInterest": -6898000000, "calculatedOtherIncome": 11000000, "calculatedIncomeNonControlling": 0, "calculatedEbitda": 8789000000}, {"date": "1994-10-31", "symbol": "CM", "reportedCurrency": "CAD", "cik": "0001045520", "fillingDate": "1994-10-31", "acceptedDate": "1994-10-30 19:00:00", "calendarYear": "1994", "period": "FY", "revenue": 6210000000, "costOfRevenue": 5004000000, "grossProfit": 1206000000, "grossProfitRatio": 0.1942028986, "researchAndDevelopmentExpenses": 0, "generalAndAdministrativeExpenses": 4743000000, "sellingAndMarketingExpenses": 0, "sellingGeneralAndAdministrativeExpenses": 4743000000, "otherExpenses": 5004000000, "operatingExpenses": 9747000000, "costAndExpenses": 14751000000, "interestIncome": 0, "interestExpense": 5004000000, "depreciationAndAmortization": 234000000, "ebitda": 6678000000, "ebitdaratio": 1.0753623188, "operatingIncome": 6444000000, "operatingIncomeRatio": 1.0376811594, "totalOtherIncomeExpensesNet": -4977000000, "incomeBeforeTax": 1467000000, "incomeBeforeTaxRatio": 0.2362318841, "incomeTaxExpense": 550000000, "netIncome": 917000000, "netIncomeRatio": 0.1476650564, "eps": 1.07, "epsdiluted": 1.07, "weightedAverageShsOut": 858000000, "weightedAverageShsOutDil": 858000000, "link": "", "finalLink": "", "calculatedOtherExpenses": -9981000000, "calculatedOperatingExpenses": -5238000000, "calculatedNetInterest": -5004000000, "calculatedOtherIncome": 27000000, "calculatedIncomeNonControlling": 0, "calculatedEbitda": 6678000000}, {"date": "1993-10-31", "symbol": "CM", "reportedCurrency": "CAD", "cik": "0001045520", "fillingDate": "1993-10-31", "acceptedDate": "1993-10-30 20:00:00", "calendarYear": "1993", "period": "FY", "revenue": 5611000000, "costOfRevenue": 5233000000, "grossProfit": 378000000, "grossProfitRatio": 0.0673676706, "researchAndDevelopmentExpenses": 0, "generalAndAdministrativeExpenses": 4427000000, "sellingAndMarketingExpenses": 0, "sellingGeneralAndAdministrativeExpenses": 4427000000, "otherExpenses": 5233000000, "operatingExpenses": 9660000000, "costAndExpenses": 14893000000, "interestIncome": 0, "interestExpense": 5233000000, "depreciationAndAmortization": 218000000, "ebitda": 6616000000, "ebitdaratio": 1.1791124577, "operatingIncome": 6398000000, "operatingIncomeRatio": 1.1402602032, "totalOtherIncomeExpensesNet": -5214000000, "incomeBeforeTax": 1184000000, "incomeBeforeTaxRatio": 0.2110140795, "incomeTaxExpense": 435000000, "netIncome": 749000000, "netIncomeRatio": 0.1334877918, "eps": 0.93, "epsdiluted": 0.93, "weightedAverageShsOut": 804000000, "weightedAverageShsOutDil": 804000000, "link": "", "finalLink": "", "calculatedOtherExpenses": -10447000000, "calculatedOperatingExpenses": -6020000000, "calculatedNetInterest": -5233000000, "calculatedOtherIncome": 19000000, "calculatedIncomeNonControlling": 0, "calculatedEbitda": 6616000000}]}