{"originalCurrency": "USD", "convertedCurrency": "USD", "report": [{"date": "2023-12-31", "symbol": "CMA", "reportedCurrency": "USD", "cik": "0000028412", "fillingDate": "2023-12-31", "acceptedDate": "2023-12-29 19:00:00", "calendarYear": "2023", "period": "FY", "revenue": 5295000000, "costOfRevenue": 0, "grossProfit": 5295000000, "grossProfitRatio": 1, "researchAndDevelopmentExpenses": 0, "generalAndAdministrativeExpenses": 1377000000, "sellingAndMarketingExpenses": 40000000, "sellingGeneralAndAdministrativeExpenses": 1417000000, "otherExpenses": -832000000, "operatingExpenses": 832000000, "costAndExpenses": 4151000000, "interestIncome": 4175000000, "interestExpense": 768000000, "depreciationAndAmortization": 87000000, "ebitda": -4000000, "ebitdaratio": -0.0007554297, "operatingIncome": -4000000, "operatingIncomeRatio": -0.0007554297, "totalOtherIncomeExpensesNet": 1144000000, "incomeBeforeTax": 1144000000, "incomeBeforeTaxRatio": 0.2160528801, "incomeTaxExpense": 263000000, "netIncome": 881000000, "netIncomeRatio": 0.1663833805, "eps": 6.47, "epsdiluted": 6.42, "weightedAverageShsOut": 132000000, "weightedAverageShsOutDil": 133000000, "link": null, "finalLink": null, "calculatedOtherExpenses": 3882000000, "calculatedOperatingExpenses": 5299000000, "calculatedNetInterest": 3407000000, "calculatedOtherIncome": -2259000000, "calculatedIncomeNonControlling": 0, "calculatedEbitda": 83000000}, {"date": "2022-12-31", "symbol": "CMA", "reportedCurrency": "USD", "cik": "0000028412", "fillingDate": "2023-02-14", "acceptedDate": "2023-02-14 17:05:36", "calendarYear": "2022", "period": "FY", "revenue": 3534000000, "costOfRevenue": 0, "grossProfit": 3534000000, "grossProfitRatio": 1, "researchAndDevelopmentExpenses": 0, "generalAndAdministrativeExpenses": 1239000000, "sellingAndMarketingExpenses": 38000000, "sellingGeneralAndAdministrativeExpenses": 1277000000, "otherExpenses": -1239000000, "operatingExpenses": 38000000, "costAndExpenses": 38000000, "interestIncome": 2672000000, "interestExpense": 206000000, "depreciationAndAmortization": 92000000, "ebitda": 1774000000, "ebitdaratio": 0.5019807583, "operatingIncome": 1682000000, "operatingIncomeRatio": 0.4759479344, "totalOtherIncomeExpensesNet": -206000000, "incomeBeforeTax": 1476000000, "incomeBeforeTaxRatio": 0.4176570458, "incomeTaxExpense": 325000000, "netIncome": 1151000000, "netIncomeRatio": 0.3256932654, "eps": 8.56, "epsdiluted": 8.44, "weightedAverageShsOut": 131000000, "weightedAverageShsOutDil": 133000000, "link": "https://www.sec.gov/Archives/edgar/data/28412/000002841223000094/0000028412-23-000094-index.htm", "finalLink": "https://www.sec.gov/Archives/edgar/data/28412/000002841223000094/cma-20221231.htm", "calculatedOtherExpenses": 575000000, "calculatedOperatingExpenses": 1852000000, "calculatedNetInterest": 2466000000, "calculatedOtherIncome": -2672000000, "calculatedIncomeNonControlling": 0, "calculatedEbitda": 1774000000}, {"date": "2021-12-31", "symbol": "CMA", "reportedCurrency": "USD", "cik": "0000028412", "fillingDate": "2022-02-16", "acceptedDate": "2022-02-16 16:52:55", "calendarYear": "2021", "period": "FY", "revenue": 2967000000, "costOfRevenue": 0, "grossProfit": 2967000000, "grossProfitRatio": 1, "researchAndDevelopmentExpenses": 0, "generalAndAdministrativeExpenses": 1155000000, "sellingAndMarketingExpenses": 35000000, "sellingGeneralAndAdministrativeExpenses": 1190000000, "otherExpenses": -2667000000, "operatingExpenses": -1477000000, "costAndExpenses": -1477000000, "interestIncome": 1901000000, "interestExpense": 57000000, "depreciationAndAmortization": 99000000, "ebitda": 1589000000, "ebitdaratio": 0.5355578025, "operatingIncome": 1490000000, "operatingIncomeRatio": 0.5021907651, "totalOtherIncomeExpensesNet": 1490000000, "incomeBeforeTax": 1490000000, "incomeBeforeTaxRatio": 0.5021907651, "incomeTaxExpense": 322000000, "netIncome": 1168000000, "netIncomeRatio": 0.3936636333, "eps": 8.44, "epsdiluted": 8.32, "weightedAverageShsOut": 135000000, "weightedAverageShsOutDil": 137000000, "link": "https://www.sec.gov/Archives/edgar/data/28412/000002841222000067/0000028412-22-000067-index.htm", "finalLink": "https://www.sec.gov/Archives/edgar/data/28412/000002841222000067/cma-20211231.htm", "calculatedOtherExpenses": 287000000, "calculatedOperatingExpenses": 1477000000, "calculatedNetInterest": 1844000000, "calculatedOtherIncome": -1844000000, "calculatedIncomeNonControlling": 0, "calculatedEbitda": 1589000000}, {"date": "2020-12-31", "symbol": "CMA", "reportedCurrency": "USD", "cik": "0000028412", "fillingDate": "2021-02-09", "acceptedDate": "2021-02-09 17:04:08", "calendarYear": "2020", "period": "FY", "revenue": 2912000000, "costOfRevenue": 0, "grossProfit": 2912000000, "grossProfitRatio": 1, "researchAndDevelopmentExpenses": 0, "generalAndAdministrativeExpenses": 1052000000, "sellingAndMarketingExpenses": 35000000, "sellingGeneralAndAdministrativeExpenses": 1087000000, "otherExpenses": -3408000000, "operatingExpenses": -2321000000, "costAndExpenses": -2321000000, "interestIncome": 2093000000, "interestExpense": 182000000, "depreciationAndAmortization": 108000000, "ebitda": 699000000, "ebitdaratio": 0.2400412088, "operatingIncome": 591000000, "operatingIncomeRatio": 0.2029532967, "totalOtherIncomeExpensesNet": 621000000, "incomeBeforeTax": 591000000, "incomeBeforeTaxRatio": 0.2029532967, "incomeTaxExpense": 117000000, "netIncome": 497000000, "netIncomeRatio": 0.1706730769, "eps": 3.47, "epsdiluted": 3.44, "weightedAverageShsOut": 139000000, "weightedAverageShsOutDil": 140000000, "link": "https://www.sec.gov/Archives/edgar/data/28412/000002841221000054/0000028412-21-000054-index.htm", "finalLink": "https://www.sec.gov/Archives/edgar/data/28412/000002841221000054/cma-20201231.htm", "calculatedOtherExpenses": 1234000000, "calculatedOperatingExpenses": 2321000000, "calculatedNetInterest": 1911000000, "calculatedOtherIncome": -1911000000, "calculatedIncomeNonControlling": -23000000, "calculatedEbitda": 699000000}, {"date": "2019-12-31", "symbol": "CMA", "reportedCurrency": "USD", "cik": "0000028412", "fillingDate": "2020-02-11", "acceptedDate": "2020-02-11 16:37:03", "calendarYear": "2019", "period": "FY", "revenue": 3343000000, "costOfRevenue": 0, "grossProfit": 3343000000, "grossProfitRatio": 1, "researchAndDevelopmentExpenses": 0, "generalAndAdministrativeExpenses": 1043000000, "sellingAndMarketingExpenses": 34000000, "sellingGeneralAndAdministrativeExpenses": 1077000000, "otherExpenses": -2888000000, "operatingExpenses": -1811000000, "costAndExpenses": -1811000000, "interestIncome": 2807000000, "interestExpense": 468000000, "depreciationAndAmortization": 114000000, "ebitda": 1646000000, "ebitdaratio": 0.4923721208, "operatingIncome": 1532000000, "operatingIncomeRatio": 0.4582710141, "totalOtherIncomeExpensesNet": 1532000000, "incomeBeforeTax": 1532000000, "incomeBeforeTaxRatio": 0.4582710141, "incomeTaxExpense": 334000000, "netIncome": 1198000000, "netIncomeRatio": 0.3583607538, "eps": 7.94, "epsdiluted": 7.89, "weightedAverageShsOut": 150000000, "weightedAverageShsOutDil": 151000000, "link": "https://www.sec.gov/Archives/edgar/data/28412/000002841220000034/0000028412-20-000034-index.htm", "finalLink": "https://www.sec.gov/Archives/edgar/data/28412/000002841220000034/a201910k.htm", "calculatedOtherExpenses": 734000000, "calculatedOperatingExpenses": 1811000000, "calculatedNetInterest": 2339000000, "calculatedOtherIncome": -2339000000, "calculatedIncomeNonControlling": 0, "calculatedEbitda": 1646000000}, {"date": "2018-12-31", "symbol": "CMA", "reportedCurrency": "USD", "cik": "0000028412", "fillingDate": "2019-02-12", "acceptedDate": "2019-02-12 17:30:27", "calendarYear": "2018", "period": "FY", "revenue": 3328000000, "costOfRevenue": 0, "grossProfit": 3328000000, "grossProfitRatio": 1, "researchAndDevelopmentExpenses": 0, "generalAndAdministrativeExpenses": 1051000000, "sellingAndMarketingExpenses": 30000000, "sellingGeneralAndAdministrativeExpenses": 1081000000, "otherExpenses": -2607000000, "operatingExpenses": -1526000000, "costAndExpenses": -1526000000, "interestIncome": 2619000000, "interestExpense": 267000000, "depreciationAndAmortization": 120000000, "ebitda": 1922000000, "ebitdaratio": 0.5775240385, "operatingIncome": 1802000000, "operatingIncomeRatio": 0.5414663462, "totalOtherIncomeExpensesNet": -267000000, "incomeBeforeTax": 1535000000, "incomeBeforeTaxRatio": 0.4612379808, "incomeTaxExpense": 300000000, "netIncome": 1235000000, "netIncomeRatio": 0.37109375, "eps": 7.35, "epsdiluted": 7.22, "weightedAverageShsOut": 168000000, "weightedAverageShsOutDil": 171000000, "link": "https://www.sec.gov/Archives/edgar/data/28412/000002841219000047/0000028412-19-000047-index.htm", "finalLink": "https://www.sec.gov/Archives/edgar/data/28412/000002841219000047/a201810k.htm", "calculatedOtherExpenses": 445000000, "calculatedOperatingExpenses": 1526000000, "calculatedNetInterest": 2352000000, "calculatedOtherIncome": -2619000000, "calculatedIncomeNonControlling": 0, "calculatedEbitda": 1922000000}, {"date": "2017-12-31", "symbol": "CMA", "reportedCurrency": "USD", "cik": "0000028412", "fillingDate": "2018-02-15", "acceptedDate": "2018-02-14 19:07:30", "calendarYear": "2017", "period": "FY", "revenue": 3168000000, "costOfRevenue": 0, "grossProfit": 3168000000, "grossProfitRatio": 1, "researchAndDevelopmentExpenses": 0, "generalAndAdministrativeExpenses": 963000000, "sellingAndMarketingExpenses": 28000000, "sellingGeneralAndAdministrativeExpenses": 991000000, "otherExpenses": -2804000000, "operatingExpenses": -1813000000, "costAndExpenses": -1813000000, "interestIncome": 2182000000, "interestExpense": 121000000, "depreciationAndAmortization": 121000000, "ebitda": 1476000000, "ebitdaratio": 0.4659090909, "operatingIncome": 1355000000, "operatingIncomeRatio": 0.4277146465, "totalOtherIncomeExpensesNet": -121000000, "incomeBeforeTax": 1234000000, "incomeBeforeTaxRatio": 0.389520202, "incomeTaxExpense": 491000000, "netIncome": 743000000, "netIncomeRatio": 0.2345328283, "eps": 4.27, "epsdiluted": 4.17, "weightedAverageShsOut": 174000000, "weightedAverageShsOutDil": 178000000, "link": "https://www.sec.gov/Archives/edgar/data/28412/000002841218000065/0000028412-18-000065-index.htm", "finalLink": "https://www.sec.gov/Archives/edgar/data/28412/000002841218000065/cma-2017form10k.htm", "calculatedOtherExpenses": 822000000, "calculatedOperatingExpenses": 1813000000, "calculatedNetInterest": 2061000000, "calculatedOtherIncome": -2182000000, "calculatedIncomeNonControlling": 0, "calculatedEbitda": 1476000000}, {"date": "2016-12-31", "symbol": "CMA", "reportedCurrency": "USD", "cik": "0000028412", "fillingDate": "2017-02-15", "acceptedDate": "2017-02-14 18:25:29", "calendarYear": "2016", "period": "FY", "revenue": 2848000000, "costOfRevenue": -2000000, "grossProfit": 2850000000, "grossProfitRatio": 1.0007022472, "researchAndDevelopmentExpenses": 0, "generalAndAdministrativeExpenses": 1015000000, "sellingAndMarketingExpenses": 21000000, "sellingGeneralAndAdministrativeExpenses": 1036000000, "otherExpenses": -3104000000, "operatingExpenses": -2068000000, "costAndExpenses": -2000000, "interestIncome": 1909000000, "interestExpense": 112000000, "depreciationAndAmortization": 121000000, "ebitda": 903000000, "ebitdaratio": 0.3170646067, "operatingIncome": 782000000, "operatingIncomeRatio": 0.2745786517, "totalOtherIncomeExpensesNet": -112000000, "incomeBeforeTax": 670000000, "incomeBeforeTaxRatio": 0.235252809, "incomeTaxExpense": 193000000, "netIncome": 477000000, "netIncomeRatio": 0.1674859551, "eps": 2.77, "epsdiluted": 2.69, "weightedAverageShsOut": 172000000, "weightedAverageShsOutDil": 177000000, "link": "https://www.sec.gov/Archives/edgar/data/28412/000002841217000048/0000028412-17-000048-index.htm", "finalLink": "https://www.sec.gov/Archives/edgar/data/28412/000002841217000048/cma-2016form10k.htm", "calculatedOtherExpenses": 1032000000, "calculatedOperatingExpenses": 2068000000, "calculatedNetInterest": 1797000000, "calculatedOtherIncome": -1909000000, "calculatedIncomeNonControlling": 0, "calculatedEbitda": 903000000}, {"date": "2015-12-31", "symbol": "CMA", "reportedCurrency": "USD", "cik": "0000028412", "fillingDate": "2016-02-26", "acceptedDate": "2016-02-26 16:37:09", "calendarYear": "2015", "period": "FY", "revenue": 2739000000, "costOfRevenue": 2000000, "grossProfit": 2737000000, "grossProfitRatio": 0.9992698065, "researchAndDevelopmentExpenses": 0, "generalAndAdministrativeExpenses": 1046000000, "sellingAndMarketingExpenses": 24000000, "sellingGeneralAndAdministrativeExpenses": 1070000000, "otherExpenses": -2962000000, "operatingExpenses": -1892000000, "costAndExpenses": 2000000, "interestIncome": 1784000000, "interestExpense": 95000000, "depreciationAndAmortization": 118000000, "ebitda": 963000000, "ebitdaratio": 0.3515881709, "operatingIncome": 845000000, "operatingIncomeRatio": 0.3085067543, "totalOtherIncomeExpensesNet": -95000000, "incomeBeforeTax": 750000000, "incomeBeforeTaxRatio": 0.273822563, "incomeTaxExpense": 229000000, "netIncome": 521000000, "netIncomeRatio": 0.1902154071, "eps": 2.96, "epsdiluted": 2.88, "weightedAverageShsOut": 176000000, "weightedAverageShsOutDil": 181000000, "link": "https://www.sec.gov/Archives/edgar/data/28412/000002841216000196/0000028412-16-000196-index.htm", "finalLink": "https://www.sec.gov/Archives/edgar/data/28412/000002841216000196/cma-2015form10k.htm", "calculatedOtherExpenses": 822000000, "calculatedOperatingExpenses": 1892000000, "calculatedNetInterest": 1689000000, "calculatedOtherIncome": -1784000000, "calculatedIncomeNonControlling": 0, "calculatedEbitda": 963000000}, {"date": "2014-12-31", "symbol": "CMA", "reportedCurrency": "USD", "cik": "0000028412", "fillingDate": "2015-02-17", "acceptedDate": "2015-02-17 17:05:02", "calendarYear": "2014", "period": "FY", "revenue": 2523000000, "costOfRevenue": 0, "grossProfit": 2523000000, "grossProfitRatio": 1, "researchAndDevelopmentExpenses": 0, "generalAndAdministrativeExpenses": 1013000000, "sellingAndMarketingExpenses": 23000000, "sellingGeneralAndAdministrativeExpenses": 1036000000, "otherExpenses": -2594000000, "operatingExpenses": -1558000000, "costAndExpenses": -1558000000, "interestIncome": 1750000000, "interestExpense": 95000000, "depreciationAndAmortization": 123000000, "ebitda": 1088000000, "ebitdaratio": 0.4312326595, "operatingIncome": 965000000, "operatingIncomeRatio": 0.3824811732, "totalOtherIncomeExpensesNet": -95000000, "incomeBeforeTax": 870000000, "incomeBeforeTaxRatio": 0.3448275862, "incomeTaxExpense": 277000000, "netIncome": 593000000, "netIncomeRatio": 0.2350376536, "eps": 3.31, "epsdiluted": 3.21, "weightedAverageShsOut": 179000000, "weightedAverageShsOutDil": 185000000, "link": "https://www.sec.gov/Archives/edgar/data/28412/000002841215000031/0000028412-15-000031-index.htm", "finalLink": "https://www.sec.gov/Archives/edgar/data/28412/000002841215000031/a201410k.htm", "calculatedOtherExpenses": 522000000, "calculatedOperatingExpenses": 1558000000, "calculatedNetInterest": 1655000000, "calculatedOtherIncome": -1750000000, "calculatedIncomeNonControlling": 0, "calculatedEbitda": 1088000000}, {"date": "2013-12-31", "symbol": "CMA", "reportedCurrency": "USD", "cik": "0000028412", "fillingDate": "2014-02-14", "acceptedDate": "2014-02-14 08:31:38", "calendarYear": "2013", "period": "FY", "revenue": 2498000000, "costOfRevenue": 0, "grossProfit": 2498000000, "grossProfitRatio": 1, "researchAndDevelopmentExpenses": 0, "generalAndAdministrativeExpenses": 1042000000, "sellingAndMarketingExpenses": 21000000, "sellingGeneralAndAdministrativeExpenses": 1063000000, "otherExpenses": -2719000000, "operatingExpenses": -1656000000, "costAndExpenses": -1656000000, "interestIncome": 1784000000, "interestExpense": 112000000, "depreciationAndAmortization": 122000000, "ebitda": 964000000, "ebitdaratio": 0.385908727, "operatingIncome": 842000000, "operatingIncomeRatio": 0.3370696557, "totalOtherIncomeExpensesNet": -112000000, "incomeBeforeTax": 730000000, "incomeBeforeTaxRatio": 0.292233787, "incomeTaxExpense": 189000000, "netIncome": 541000000, "netIncomeRatio": 0.2165732586, "eps": 2.96, "epsdiluted": 2.89, "weightedAverageShsOut": 183000000, "weightedAverageShsOutDil": 187000000, "link": "https://www.sec.gov/Archives/edgar/data/28412/000002841214000067/0000028412-14-000067-index.htm", "finalLink": "https://www.sec.gov/Archives/edgar/data/28412/000002841214000067/cma-2013123110k.htm", "calculatedOtherExpenses": 593000000, "calculatedOperatingExpenses": 1656000000, "calculatedNetInterest": 1672000000, "calculatedOtherIncome": -1784000000, "calculatedIncomeNonControlling": 0, "calculatedEbitda": 964000000}, {"date": "2012-12-31", "symbol": "CMA", "reportedCurrency": "USD", "cik": "0000028412", "fillingDate": "2013-02-19", "acceptedDate": "2013-02-19 16:41:23", "calendarYear": "2012", "period": "FY", "revenue": 2546000000, "costOfRevenue": 0, "grossProfit": 2546000000, "grossProfitRatio": 1, "researchAndDevelopmentExpenses": 0, "generalAndAdministrativeExpenses": 1056000000, "sellingAndMarketingExpenses": 27000000, "sellingGeneralAndAdministrativeExpenses": 1083000000, "otherExpenses": -2784000000, "operatingExpenses": -1701000000, "costAndExpenses": -1701000000, "interestIncome": 1863000000, "interestExpense": 135000000, "depreciationAndAmortization": 133000000, "ebitda": 978000000, "ebitdaratio": 0.3841319717, "operatingIncome": 845000000, "operatingIncomeRatio": 0.3318931658, "totalOtherIncomeExpensesNet": -135000000, "incomeBeforeTax": 710000000, "incomeBeforeTaxRatio": 0.2788688138, "incomeTaxExpense": 189000000, "netIncome": 521000000, "netIncomeRatio": 0.2046347211, "eps": 2.73, "epsdiluted": 2.71, "weightedAverageShsOut": 191000000, "weightedAverageShsOutDil": 192000000, "link": "https://www.sec.gov/Archives/edgar/data/28412/000002841213000034/0000028412-13-000034-index.htm", "finalLink": "https://www.sec.gov/Archives/edgar/data/28412/000002841213000034/cma-2012123110k.htm", "calculatedOtherExpenses": 618000000, "calculatedOperatingExpenses": 1701000000, "calculatedNetInterest": 1728000000, "calculatedOtherIncome": -1863000000, "calculatedIncomeNonControlling": 0, "calculatedEbitda": 978000000}, {"date": "2011-12-31", "symbol": "CMA", "reportedCurrency": "USD", "cik": "0000028412", "fillingDate": "2012-02-21", "acceptedDate": "2012-02-21 16:49:43", "calendarYear": "2011", "period": "FY", "revenue": 2445000000, "costOfRevenue": 0, "grossProfit": 2445000000, "grossProfitRatio": 1, "researchAndDevelopmentExpenses": 0, "generalAndAdministrativeExpenses": 1018000000, "sellingAndMarketingExpenses": 28000000, "sellingGeneralAndAdministrativeExpenses": 1046000000, "otherExpenses": -2805000000, "operatingExpenses": -1759000000, "costAndExpenses": -1759000000, "interestIncome": 1809000000, "interestExpense": 156000000, "depreciationAndAmortization": 122000000, "ebitda": 808000000, "ebitdaratio": 0.3304703476, "operatingIncome": 686000000, "operatingIncomeRatio": 0.2805725971, "totalOtherIncomeExpensesNet": -156000000, "incomeBeforeTax": 530000000, "incomeBeforeTaxRatio": 0.2167689162, "incomeTaxExpense": 137000000, "netIncome": 393000000, "netIncomeRatio": 0.1607361963, "eps": 2.12, "epsdiluted": 2.11, "weightedAverageShsOut": 185000000, "weightedAverageShsOutDil": 186000000, "link": "https://www.sec.gov/Archives/edgar/data/28412/000002841212000031/0000028412-12-000031-index.htm", "finalLink": "https://www.sec.gov/Archives/edgar/data/28412/000002841212000031/cma-2011123110k.htm", "calculatedOtherExpenses": 713000000, "calculatedOperatingExpenses": 1759000000, "calculatedNetInterest": 1653000000, "calculatedOtherIncome": -1809000000, "calculatedIncomeNonControlling": 0, "calculatedEbitda": 808000000}, {"date": "2010-12-31", "symbol": "CMA", "reportedCurrency": "USD", "cik": "0000028412", "fillingDate": "2011-02-28", "acceptedDate": "2011-02-28 16:05:03", "calendarYear": "2010", "period": "FY", "revenue": 2435000000, "costOfRevenue": 2000000, "grossProfit": 2433000000, "grossProfitRatio": 0.9991786448, "researchAndDevelopmentExpenses": 0, "generalAndAdministrativeExpenses": 981000000, "sellingAndMarketingExpenses": 30000000, "sellingGeneralAndAdministrativeExpenses": 1011000000, "otherExpenses": -2905000000, "operatingExpenses": -1894000000, "costAndExpenses": 2000000, "interestIncome": 1853000000, "interestExpense": 207000000, "depreciationAndAmortization": 124000000, "ebitda": 663000000, "ebitdaratio": 0.2722792608, "operatingIncome": 539000000, "operatingIncomeRatio": 0.2213552361, "totalOtherIncomeExpensesNet": -224000000, "incomeBeforeTax": 315000000, "incomeBeforeTaxRatio": 0.1293634497, "incomeTaxExpense": 55000000, "netIncome": 277000000, "netIncomeRatio": 0.1137577002, "eps": 1.63, "epsdiluted": 1.6, "weightedAverageShsOut": 170000000, "weightedAverageShsOutDil": 173026000, "link": "https://www.sec.gov/Archives/edgar/data/28412/000119312511049884/0001193125-11-049884-index.htm", "finalLink": "https://www.sec.gov/Archives/edgar/data/28412/000119312511049884/d10k.htm", "calculatedOtherExpenses": 883000000, "calculatedOperatingExpenses": 1894000000, "calculatedNetInterest": 1646000000, "calculatedOtherIncome": -1870000000, "calculatedIncomeNonControlling": -17000000, "calculatedEbitda": 663000000}, {"date": "2009-12-31", "symbol": "CMA", "reportedCurrency": "USD", "cik": "0000028412", "fillingDate": "2010-02-25", "acceptedDate": "2010-02-25 08:32:24", "calendarYear": "2009", "period": "FY", "revenue": 2617000000, "costOfRevenue": 20000000, "grossProfit": 2597000000, "grossProfitRatio": 0.9923576614, "researchAndDevelopmentExpenses": 0, "generalAndAdministrativeExpenses": 987000000, "sellingAndMarketingExpenses": 0, "sellingGeneralAndAdministrativeExpenses": 987000000, "otherExpenses": -3160000000, "operatingExpenses": -2173000000, "costAndExpenses": 20000000, "interestIncome": 2105000000, "interestExpense": 538000000, "depreciationAndAmortization": 122000000, "ebitda": 546000000, "ebitdaratio": 0.2086358426, "operatingIncome": 424000000, "operatingIncomeRatio": 0.1620175774, "totalOtherIncomeExpensesNet": -539000000, "incomeBeforeTax": -115000000, "incomeBeforeTaxRatio": -0.0439434467, "incomeTaxExpense": -131000000, "netIncome": 17000000, "netIncomeRatio": 0.0064959878, "eps": 0.11, "epsdiluted": 0.11, "weightedAverageShsOut": 151000000, "weightedAverageShsOutDil": 151516000, "link": "https://www.sec.gov/Archives/edgar/data/28412/000104746910001314/0001047469-10-001314-index.htm", "finalLink": "https://www.sec.gov/Archives/edgar/data/28412/000104746910001314/a2196615z10-k.htm", "calculatedOtherExpenses": 1186000000, "calculatedOperatingExpenses": 2173000000, "calculatedNetInterest": 1567000000, "calculatedOtherIncome": -2106000000, "calculatedIncomeNonControlling": -1000000, "calculatedEbitda": 546000000}, {"date": "2008-12-31", "symbol": "CMA", "reportedCurrency": "USD", "cik": "0000028412", "fillingDate": "2009-02-24", "acceptedDate": "2009-02-24 16:36:15", "calendarYear": "2008", "period": "FY", "revenue": 2708000000, "costOfRevenue": 0, "grossProfit": 2708000000, "grossProfitRatio": 1, "researchAndDevelopmentExpenses": 0, "generalAndAdministrativeExpenses": 941000000, "sellingAndMarketingExpenses": 0, "sellingGeneralAndAdministrativeExpenses": 941000000, "otherExpenses": -2141000000, "operatingExpenses": -1200000000, "costAndExpenses": -1200000000, "interestIncome": 3051000000, "interestExpense": 1236000000, "depreciationAndAmortization": 114000000, "ebitda": 1622000000, "ebitdaratio": 0.5989660266, "operatingIncome": 1508000000, "operatingIncomeRatio": 0.5568685377, "totalOtherIncomeExpensesNet": -1237000000, "incomeBeforeTax": 271000000, "incomeBeforeTaxRatio": 0.1000738552, "incomeTaxExpense": 59000000, "netIncome": 213000000, "netIncomeRatio": 0.0786558346, "eps": 1.43, "epsdiluted": 1.43, "weightedAverageShsOut": 149000000, "weightedAverageShsOutDil": 149000000, "link": "https://www.sec.gov/Archives/edgar/data/28412/000104746909001746/0001047469-09-001746-index.htm", "finalLink": "https://www.sec.gov/Archives/edgar/data/28412/000104746909001746/a2190836z10-k.htm", "calculatedOtherExpenses": 259000000, "calculatedOperatingExpenses": 1200000000, "calculatedNetInterest": 1815000000, "calculatedOtherIncome": -3052000000, "calculatedIncomeNonControlling": -1000000, "calculatedEbitda": 1622000000}, {"date": "2007-12-31", "symbol": "CMA", "reportedCurrency": "USD", "cik": "0000028412", "fillingDate": "2008-02-26", "acceptedDate": "2008-02-26 07:03:45", "calendarYear": "2007", "period": "FY", "revenue": 2888000000, "costOfRevenue": 0, "grossProfit": 2888000000, "grossProfitRatio": 1, "researchAndDevelopmentExpenses": 0, "generalAndAdministrativeExpenses": 1033000000, "sellingAndMarketingExpenses": 0, "sellingGeneralAndAdministrativeExpenses": 1033000000, "otherExpenses": -1202000000, "operatingExpenses": -169000000, "costAndExpenses": -169000000, "interestIncome": 3730000000, "interestExpense": 1727000000, "depreciationAndAmortization": 96000000, "ebitda": 2815000000, "ebitdaratio": 0.9747229917, "operatingIncome": 2719000000, "operatingIncomeRatio": 0.9414819945, "totalOtherIncomeExpensesNet": -1731000000, "incomeBeforeTax": 988000000, "incomeBeforeTaxRatio": 0.3421052632, "incomeTaxExpense": 306000000, "netIncome": 686000000, "netIncomeRatio": 0.237534626, "eps": 4.48, "epsdiluted": 4.45, "weightedAverageShsOut": 153000000, "weightedAverageShsOutDil": 154000000, "link": "https://www.sec.gov/Archives/edgar/data/28412/000095012408000815/0000950124-08-000815-index.htm", "finalLink": "https://www.sec.gov/Archives/edgar/data/28412/000095012408000815/k23611e10vk.htm", "calculatedOtherExpenses": -864000000, "calculatedOperatingExpenses": 169000000, "calculatedNetInterest": 2003000000, "calculatedOtherIncome": -3734000000, "calculatedIncomeNonControlling": -4000000, "calculatedEbitda": 2815000000}, {"date": "2006-12-31", "symbol": "CMA", "reportedCurrency": "USD", "cik": "0000028412", "fillingDate": "2007-02-27", "acceptedDate": "2007-02-27 13:22:06", "calendarYear": "2006", "period": "FY", "revenue": 2803000000, "costOfRevenue": 0, "grossProfit": 2803000000, "grossProfitRatio": 1, "researchAndDevelopmentExpenses": 0, "generalAndAdministrativeExpenses": 999000000, "sellingAndMarketingExpenses": 0, "sellingGeneralAndAdministrativeExpenses": 999000000, "otherExpenses": -1125000000, "operatingExpenses": -126000000, "costAndExpenses": -126000000, "interestIncome": 3422000000, "interestExpense": 1439000000, "depreciationAndAmortization": 84000000, "ebitda": 2761000000, "ebitdaratio": 0.9850160542, "operatingIncome": 2677000000, "operatingIncomeRatio": 0.9550481627, "totalOtherIncomeExpensesNet": -1550000000, "incomeBeforeTax": 1127000000, "incomeBeforeTaxRatio": 0.4020692116, "incomeTaxExpense": 345000000, "netIncome": 893000000, "netIncomeRatio": 0.318587228, "eps": 5.58, "epsdiluted": 5.51, "weightedAverageShsOut": 160000000, "weightedAverageShsOutDil": 162000000, "link": "https://www.sec.gov/Archives/edgar/data/28412/000095012407001147/0000950124-07-001147-index.htm", "finalLink": "https://www.sec.gov/Archives/edgar/data/28412/000095012407001147/k11704e10vk.htm", "calculatedOtherExpenses": -873000000, "calculatedOperatingExpenses": 126000000, "calculatedNetInterest": 1983000000, "calculatedOtherIncome": -3533000000, "calculatedIncomeNonControlling": -111000000, "calculatedEbitda": 2761000000}, {"date": "2005-12-31", "symbol": "CMA", "reportedCurrency": "USD", "cik": "0000028412", "fillingDate": "2006-03-03", "acceptedDate": "2006-03-03 12:21:31", "calendarYear": "2005", "period": "FY", "revenue": 2898000000, "costOfRevenue": 0, "grossProfit": 2898000000, "grossProfitRatio": 1, "researchAndDevelopmentExpenses": 0, "generalAndAdministrativeExpenses": 1004000000, "sellingAndMarketingExpenses": 0, "sellingGeneralAndAdministrativeExpenses": 1004000000, "otherExpenses": -1853000000, "operatingExpenses": -849000000, "costAndExpenses": -849000000, "interestIncome": 2726000000, "interestExpense": 770000000, "depreciationAndAmortization": 126000000, "ebitda": 2175000000, "ebitdaratio": 0.7505175983, "operatingIncome": 2049000000, "operatingIncomeRatio": 0.7070393375, "totalOtherIncomeExpensesNet": -770000000, "incomeBeforeTax": 1279000000, "incomeBeforeTaxRatio": 0.4413388544, "incomeTaxExpense": 418000000, "netIncome": 861000000, "netIncomeRatio": 0.2971014493, "eps": 5.16, "epsdiluted": 5.09, "weightedAverageShsOut": 167000000, "weightedAverageShsOutDil": 169000000, "link": "https://www.sec.gov/Archives/edgar/data/28412/000095012406000963/0000950124-06-000963-index.htm", "finalLink": "https://www.sec.gov/Archives/edgar/data/28412/000095012406000963/z02267e10vk.htm", "calculatedOtherExpenses": -155000000, "calculatedOperatingExpenses": 849000000, "calculatedNetInterest": 1956000000, "calculatedOtherIncome": -2726000000, "calculatedIncomeNonControlling": 0, "calculatedEbitda": 2175000000}, {"date": "2004-12-31", "symbol": "CMA", "reportedCurrency": "USD", "cik": "0000028412", "fillingDate": "2005-03-03", "acceptedDate": "2005-03-03 15:22:46", "calendarYear": "2004", "period": "FY", "revenue": 2667000000, "costOfRevenue": 0, "grossProfit": 2667000000, "grossProfitRatio": 1, "researchAndDevelopmentExpenses": 0, "generalAndAdministrativeExpenses": 919000000, "sellingAndMarketingExpenses": 0, "sellingGeneralAndAdministrativeExpenses": 919000000, "otherExpenses": -2049000000, "operatingExpenses": -1130000000, "costAndExpenses": -1130000000, "interestIncome": 2237000000, "interestExpense": 427000000, "depreciationAndAmortization": 129000000, "ebitda": 1666000000, "ebitdaratio": 0.624671916, "operatingIncome": 1537000000, "operatingIncomeRatio": 0.5763029621, "totalOtherIncomeExpensesNet": -427000000, "incomeBeforeTax": 1110000000, "incomeBeforeTaxRatio": 0.4161979753, "incomeTaxExpense": 353000000, "netIncome": 757000000, "netIncomeRatio": 0.2838395201, "eps": 4.4, "epsdiluted": 4.35, "weightedAverageShsOut": 172000000, "weightedAverageShsOutDil": 174000000, "link": "https://www.sec.gov/Archives/edgar/data/28412/000095012405001234/0000950124-05-001234-index.htm", "finalLink": "https://www.sec.gov/Archives/edgar/data/28412/000095012405001234/k92690e10vk.htm", "calculatedOtherExpenses": 211000000, "calculatedOperatingExpenses": 1130000000, "calculatedNetInterest": 1810000000, "calculatedOtherIncome": -2237000000, "calculatedIncomeNonControlling": 0, "calculatedEbitda": 1666000000}, {"date": "2003-12-31", "symbol": "CMA", "reportedCurrency": "USD", "cik": "0000028412", "fillingDate": "2004-03-09", "acceptedDate": "2004-03-09 12:35:10", "calendarYear": "2003", "period": "FY", "revenue": 2813000000, "costOfRevenue": 0, "grossProfit": 2813000000, "grossProfitRatio": 1, "researchAndDevelopmentExpenses": 0, "generalAndAdministrativeExpenses": 897000000, "sellingAndMarketingExpenses": 0, "sellingGeneralAndAdministrativeExpenses": 897000000, "otherExpenses": -2271000000, "operatingExpenses": -1374000000, "costAndExpenses": -1374000000, "interestIncome": 2412000000, "interestExpense": 486000000, "depreciationAndAmortization": 99000000, "ebitda": 1538000000, "ebitdaratio": 0.5467472449, "operatingIncome": 1439000000, "operatingIncomeRatio": 0.5115535016, "totalOtherIncomeExpensesNet": -486000000, "incomeBeforeTax": 953000000, "incomeBeforeTaxRatio": 0.3387842161, "incomeTaxExpense": 292000000, "netIncome": 661000000, "netIncomeRatio": 0.2349804479, "eps": 3.78, "epsdiluted": 3.75, "weightedAverageShsOut": 174867725, "weightedAverageShsOutDil": 176266667, "link": "https://www.sec.gov/Archives/edgar/data/28412/000095012404000754/0000950124-04-000754-index.htm", "finalLink": "https://www.sec.gov/Archives/edgar/data/28412/000095012404000754/k83434e10vk.htm", "calculatedOtherExpenses": 477000000, "calculatedOperatingExpenses": 1374000000, "calculatedNetInterest": 1926000000, "calculatedOtherIncome": -2412000000, "calculatedIncomeNonControlling": 0, "calculatedEbitda": 1538000000}, {"date": "2002-12-31", "symbol": "CMA", "reportedCurrency": "USD", "cik": "0000028412", "fillingDate": "2003-03-31", "acceptedDate": "2003-03-31 15:45:34", "calendarYear": "2002", "period": "FY", "revenue": 3032000000, "costOfRevenue": 0, "grossProfit": 3032000000, "grossProfitRatio": 1, "researchAndDevelopmentExpenses": 0, "generalAndAdministrativeExpenses": 844000000, "sellingAndMarketingExpenses": 0, "sellingGeneralAndAdministrativeExpenses": 844000000, "otherExpenses": -2329000000, "operatingExpenses": -1485000000, "costAndExpenses": -1485000000, "interestIncome": 2797000000, "interestExpense": 665000000, "depreciationAndAmortization": 61000000, "ebitda": 1608000000, "ebitdaratio": 0.5303430079, "operatingIncome": 1547000000, "operatingIncomeRatio": 0.5102242744, "totalOtherIncomeExpensesNet": -665000000, "incomeBeforeTax": 882000000, "incomeBeforeTaxRatio": 0.2908970976, "incomeTaxExpense": 281000000, "netIncome": 601000000, "netIncomeRatio": 0.1982189974, "eps": 3.43, "epsdiluted": 3.37, "weightedAverageShsOut": 175410000, "weightedAverageShsOutDil": 178330000, "link": "https://www.sec.gov/Archives/edgar/data/28412/000095012403001029/0000950124-03-001029-index.htm", "finalLink": "https://www.sec.gov/Archives/edgar/data/28412/000095012403001029/k74575e10vk.htm", "calculatedOtherExpenses": 641000000, "calculatedOperatingExpenses": 1485000000, "calculatedNetInterest": 2132000000, "calculatedOtherIncome": -2797000000, "calculatedIncomeNonControlling": 0, "calculatedEbitda": 1608000000}, {"date": "2001-12-31", "symbol": "CMA", "reportedCurrency": "USD", "cik": "0000028412", "fillingDate": "2002-04-01", "acceptedDate": "2002-04-01 00:00:00", "calendarYear": "2001", "period": "FY", "revenue": 2905670000, "costOfRevenue": 0, "grossProfit": 2905670000, "grossProfitRatio": 1, "researchAndDevelopmentExpenses": 0, "generalAndAdministrativeExpenses": 809483000, "sellingAndMarketingExpenses": 0, "sellingGeneralAndAdministrativeExpenses": 809483000, "otherExpenses": -1313307000, "operatingExpenses": -503824000, "costAndExpenses": -503824000, "interestIncome": 3393547000, "interestExpense": 1291209000, "depreciationAndAmortization": 97845000, "ebitda": 2499691000, "ebitdaratio": 0.8602804173, "operatingIncome": 2401846000, "operatingIncomeRatio": 0.8266066002, "totalOtherIncomeExpensesNet": -1291209000, "incomeBeforeTax": 1110637000, "incomeBeforeTaxRatio": 0.3822309485, "incomeTaxExpense": 401059000, "netIncome": 709578000, "netIncomeRatio": 0.2442046069, "eps": 3.97, "epsdiluted": 3.92, "weightedAverageShsOut": 178656228, "weightedAverageShsOutDil": 181236101, "link": "https://www.sec.gov/Archives/edgar/data/28412/000095012402001144/0000950124-02-001144-index.htm", "finalLink": "https://www.sec.gov/Archives/edgar/data/28412/000095012402001144/k66465e10-k.txt", "calculatedOtherExpenses": -305659000, "calculatedOperatingExpenses": 503824000, "calculatedNetInterest": 2102338000, "calculatedOtherIncome": -3393547000, "calculatedIncomeNonControlling": 0, "calculatedEbitda": 2499691000}, {"date": "2000-12-31", "symbol": "CMA", "reportedCurrency": "USD", "cik": "0000028412", "fillingDate": "2001-04-02", "acceptedDate": "2001-04-02 00:00:00", "calendarYear": "2000", "period": "FY", "revenue": 2484741000, "costOfRevenue": 0, "grossProfit": 2484741000, "grossProfitRatio": 1, "researchAndDevelopmentExpenses": 0, "generalAndAdministrativeExpenses": 668037000, "sellingAndMarketingExpenses": 0, "sellingGeneralAndAdministrativeExpenses": 668037000, "otherExpenses": -398622000, "operatingExpenses": 269415000, "costAndExpenses": 269415000, "interestIncome": 3261636000, "interestExpense": 1602785000, "depreciationAndAmortization": 90872000, "ebitda": 2845028000, "ebitdaratio": 1.1449998209, "operatingIncome": 2754156000, "operatingIncomeRatio": 1.1084277999, "totalOtherIncomeExpensesNet": -1602785000, "incomeBeforeTax": 1151371000, "incomeBeforeTaxRatio": 0.4633766658, "incomeTaxExpense": 402045000, "netIncome": 749326000, "netIncomeRatio": 0.3015710692, "eps": 4.24, "epsdiluted": 4.17, "weightedAverageShsOut": 176628995, "weightedAverageShsOutDil": 179497680, "link": "https://www.sec.gov/Archives/edgar/data/28412/000095012401001926/0000950124-01-001926-index.htm", "finalLink": "https://www.sec.gov/Archives/edgar/data/28412/000095012401001926/k61292e10-k.txt", "calculatedOtherExpenses": -937452000, "calculatedOperatingExpenses": -269415000, "calculatedNetInterest": 1658851000, "calculatedOtherIncome": -3261636000, "calculatedIncomeNonControlling": 0, "calculatedEbitda": 2845028000}, {"date": "1999-12-31", "symbol": "CMA", "reportedCurrency": "USD", "cik": "0000028412", "fillingDate": "2000-03-30", "acceptedDate": "2000-03-30 00:00:00", "calendarYear": "1999", "period": "FY", "revenue": 2264000000, "costOfRevenue": 0, "grossProfit": 2264000000, "grossProfitRatio": 1, "researchAndDevelopmentExpenses": 0, "generalAndAdministrativeExpenses": 640400000, "sellingAndMarketingExpenses": 0, "sellingGeneralAndAdministrativeExpenses": 640400000, "otherExpenses": -745700000, "operatingExpenses": -105300000, "costAndExpenses": -105300000, "interestIncome": 2672700000, "interestExpense": 1125600000, "depreciationAndAmortization": 90800000, "ebitda": 2249500000, "ebitdaratio": 0.9935954064, "operatingIncome": 2158700000, "operatingIncomeRatio": 0.9534893993, "totalOtherIncomeExpensesNet": -1125600000, "incomeBeforeTax": 1033100000, "incomeBeforeTaxRatio": 0.4563162544, "incomeTaxExpense": 360500000, "netIncome": 672600000, "netIncomeRatio": 0.2970848057, "eps": 3.81, "epsdiluted": 3.75, "weightedAverageShsOut": 176741667, "weightedAverageShsOutDil": 179303140, "link": "https://www.sec.gov/Archives/edgar/data/28412/000095012400001741/0000950124-00-001741-index.htm", "finalLink": "https://www.sec.gov/Archives/edgar/data/28412/000095012400001741/0000950124-00-001741.txt", "calculatedOtherExpenses": -535100000, "calculatedOperatingExpenses": 105300000, "calculatedNetInterest": 1547100000, "calculatedOtherIncome": -2672700000, "calculatedIncomeNonControlling": 0, "calculatedEbitda": 2249500000}, {"date": "1998-12-31", "symbol": "CMA", "reportedCurrency": "USD", "cik": "0000028412", "fillingDate": "1999-03-29", "acceptedDate": "1999-03-29 00:00:00", "calendarYear": "1998", "period": "FY", "revenue": 2064400000, "costOfRevenue": 0, "grossProfit": 2064400000, "grossProfitRatio": 1, "researchAndDevelopmentExpenses": 0, "generalAndAdministrativeExpenses": 565300000, "sellingAndMarketingExpenses": 0, "sellingGeneralAndAdministrativeExpenses": 565300000, "otherExpenses": -542800000, "operatingExpenses": 22500000, "costAndExpenses": 22500000, "interestIncome": 2616800000, "interestExpense": 1155500000, "depreciationAndAmortization": 88000000, "ebitda": 2174900000, "ebitdaratio": 1.0535264484, "operatingIncome": 2086900000, "operatingIncomeRatio": 1.0108990506, "totalOtherIncomeExpensesNet": -1155500000, "incomeBeforeTax": 931400000, "incomeBeforeTaxRatio": 0.4511722534, "incomeTaxExpense": 324300000, "netIncome": 607100000, "netIncomeRatio": 0.2940806045, "eps": 3.9, "epsdiluted": 3.83, "weightedAverageShsOut": 155672823, "weightedAverageShsOutDil": 158602151, "link": "https://www.sec.gov/Archives/edgar/data/28412/000106731299000084/0001067312-99-000084-index.htm", "finalLink": "https://www.sec.gov/Archives/edgar/data/28412/0001067312-99-000084.txt", "calculatedOtherExpenses": -587800000, "calculatedOperatingExpenses": -22500000, "calculatedNetInterest": 1461300000, "calculatedOtherIncome": -2616800000, "calculatedIncomeNonControlling": 0, "calculatedEbitda": 2174900000}, {"date": "1997-12-31", "symbol": "CMA", "reportedCurrency": "USD", "cik": "0000028412", "fillingDate": "1998-03-31", "acceptedDate": "1998-03-31 00:00:00", "calendarYear": "1997", "period": "FY", "revenue": 1970800000, "costOfRevenue": 0, "grossProfit": 1970800000, "grossProfitRatio": 1, "researchAndDevelopmentExpenses": 0, "generalAndAdministrativeExpenses": 538900000, "sellingAndMarketingExpenses": 0, "sellingGeneralAndAdministrativeExpenses": 538900000, "otherExpenses": -488300000, "operatingExpenses": 50600000, "costAndExpenses": 50600000, "interestIncome": 2647400000, "interestExpense": 1204600000, "depreciationAndAmortization": 86900000, "ebitda": 2108300000, "ebitdaratio": 1.0697686219, "operatingIncome": 2021400000, "operatingIncomeRatio": 1.0256748529, "totalOtherIncomeExpensesNet": -1204600000, "incomeBeforeTax": 816800000, "incomeBeforeTaxRatio": 0.4144509844, "incomeTaxExpense": 286300000, "netIncome": 530500000, "netIncomeRatio": 0.2691800284, "eps": 3.35, "epsdiluted": 3.3, "weightedAverageShsOut": 158456790, "weightedAverageShsOutDil": 160940439, "link": "https://www.sec.gov/Archives/edgar/data/28412/000095012498001867/0000950124-98-001867-index.htm", "finalLink": "https://www.sec.gov/Archives/edgar/data/28412/0000950124-98-001867.txt", "calculatedOtherExpenses": -589500000, "calculatedOperatingExpenses": -50600000, "calculatedNetInterest": 1442800000, "calculatedOtherIncome": -2647400000, "calculatedIncomeNonControlling": 0, "calculatedEbitda": 2108300000}, {"date": "1996-12-31", "symbol": "CMA", "reportedCurrency": "USD", "cik": "0000028412", "fillingDate": "1997-03-31", "acceptedDate": "1997-03-31 00:00:00", "calendarYear": "1996", "period": "FY", "revenue": 1919300000, "costOfRevenue": 0, "grossProfit": 1919300000, "grossProfitRatio": 1, "researchAndDevelopmentExpenses": 0, "generalAndAdministrativeExpenses": 560800000, "sellingAndMarketingExpenses": 0, "sellingGeneralAndAdministrativeExpenses": 560800000, "otherExpenses": -683400000, "operatingExpenses": -122600000, "costAndExpenses": -122600000, "interestIncome": 2562800000, "interestExpense": 1150500000, "depreciationAndAmortization": 97600000, "ebitda": 1894300000, "ebitdaratio": 0.9869744178, "operatingIncome": 1796700000, "operatingIncomeRatio": 0.9361225447, "totalOtherIncomeExpensesNet": -1150500000, "incomeBeforeTax": 646200000, "incomeBeforeTaxRatio": 0.3366852498, "incomeTaxExpense": 229000000, "netIncome": 417200000, "netIncomeRatio": 0.2173709165, "eps": 2.46, "epsdiluted": 2.43, "weightedAverageShsOut": 169377593, "weightedAverageShsOutDil": 171512605, "link": "https://www.sec.gov/Archives/edgar/data/28412/000091205797011149/0000912057-97-011149-index.htm", "finalLink": "https://www.sec.gov/Archives/edgar/data/28412/0000912057-97-011149.txt", "calculatedOtherExpenses": -438200000, "calculatedOperatingExpenses": 122600000, "calculatedNetInterest": 1412300000, "calculatedOtherIncome": -2562800000, "calculatedIncomeNonControlling": 0, "calculatedEbitda": 1894300000}, {"date": "1995-12-31", "symbol": "CMA", "reportedCurrency": "USD", "cik": "0000028412", "fillingDate": "1996-03-29", "acceptedDate": "1996-03-29 00:00:00", "calendarYear": "1995", "period": "FY", "revenue": 1798600000, "costOfRevenue": 0, "grossProfit": 1798600000, "grossProfitRatio": 1, "researchAndDevelopmentExpenses": 0, "generalAndAdministrativeExpenses": 562200000, "sellingAndMarketingExpenses": 0, "sellingGeneralAndAdministrativeExpenses": 562200000, "otherExpenses": -421100000, "operatingExpenses": 141100000, "costAndExpenses": 141100000, "interestIncome": 2613900000, "interestExpense": 1314000000, "depreciationAndAmortization": 93000000, "ebitda": 2032700000, "ebitdaratio": 1.1301567886, "operatingIncome": 1939700000, "operatingIncomeRatio": 1.0784499055, "totalOtherIncomeExpensesNet": -1314000000, "incomeBeforeTax": 625700000, "incomeBeforeTaxRatio": 0.3478816858, "incomeTaxExpense": 212300000, "netIncome": 413400000, "netIncomeRatio": 0.2298454353, "eps": 2.38, "epsdiluted": 2.37, "weightedAverageShsOut": 173697479, "weightedAverageShsOutDil": 174430380, "link": "https://www.sec.gov/Archives/edgar/data/28412/000095012496001434/0000950124-96-001434-index.html", "finalLink": "https://www.sec.gov/Archives/edgar/data/28412/", "calculatedOtherExpenses": -703300000, "calculatedOperatingExpenses": -141100000, "calculatedNetInterest": 1299900000, "calculatedOtherIncome": -2613900000, "calculatedIncomeNonControlling": 0, "calculatedEbitda": 2032700000}, {"date": "1994-12-31", "symbol": "CMA", "reportedCurrency": "USD", "cik": "0000028412", "fillingDate": "1995-03-29", "acceptedDate": "1995-03-29 00:00:00", "calendarYear": "1994", "period": "FY", "revenue": 1696700000, "costOfRevenue": 0, "grossProfit": 1696700000, "grossProfitRatio": 1, "researchAndDevelopmentExpenses": 0, "generalAndAdministrativeExpenses": 548600000, "sellingAndMarketingExpenses": 0, "sellingGeneralAndAdministrativeExpenses": 548600000, "otherExpenses": -801400000, "operatingExpenses": -252800000, "costAndExpenses": -252800000, "interestIncome": 2091900000, "interestExpense": 861800000, "depreciationAndAmortization": 89500000, "ebitda": 1533400000, "ebitdaratio": 0.9037543467, "operatingIncome": 1443900000, "operatingIncomeRatio": 0.8510048918, "totalOtherIncomeExpensesNet": -861800000, "incomeBeforeTax": 582100000, "incomeBeforeTaxRatio": 0.3430777391, "incomeTaxExpense": 194900000, "netIncome": 387200000, "netIncomeRatio": 0.2282076973, "eps": 2.18, "epsdiluted": 2.18, "weightedAverageShsOut": 177240000, "weightedAverageShsOutDil": 177240000, "link": "https://www.sec.gov/Archives/edgar/data/28412/000095012495000935/0000950124-95-000935-index.html", "finalLink": "https://www.sec.gov/Archives/edgar/data/28412/", "calculatedOtherExpenses": -295800000, "calculatedOperatingExpenses": 252800000, "calculatedNetInterest": 1230100000, "calculatedOtherIncome": -2091900000, "calculatedIncomeNonControlling": 0, "calculatedEbitda": 1533400000}, {"date": "1993-12-31", "symbol": "CMA", "reportedCurrency": "USD", "cik": "0000028412", "fillingDate": "1994-03-30", "acceptedDate": "1994-03-30 00:00:00", "calendarYear": "1993", "period": "FY", "revenue": 1596000000, "costOfRevenue": 0, "grossProfit": 1596000000, "grossProfitRatio": 1, "researchAndDevelopmentExpenses": 0, "generalAndAdministrativeExpenses": 528700000, "sellingAndMarketingExpenses": 0, "sellingGeneralAndAdministrativeExpenses": 528700000, "otherExpenses": -986800000, "operatingExpenses": -458100000, "costAndExpenses": -458100000, "interestIncome": 1782900000, "interestExpense": 649400000, "depreciationAndAmortization": 54500000, "ebitda": 1192400000, "ebitdaratio": 0.7471177945, "operatingIncome": 1137900000, "operatingIncomeRatio": 0.7129699248, "totalOtherIncomeExpensesNet": -649400000, "incomeBeforeTax": 488500000, "incomeBeforeTaxRatio": 0.3060776942, "incomeTaxExpense": 147900000, "netIncome": 340600000, "netIncomeRatio": 0.2134085213, "eps": 1.92, "epsdiluted": 1.9, "weightedAverageShsOut": 177395833, "weightedAverageShsOutDil": 179263158, "link": "https://www.sec.gov/Archives/edgar/data/28412/000095012494000655/0000950124-94-000655-index.htm", "finalLink": "https://www.sec.gov/Archives/edgar/data/28412/0000950124-94-000655.txt", "calculatedOtherExpenses": -70600000, "calculatedOperatingExpenses": 458100000, "calculatedNetInterest": 1133500000, "calculatedOtherIncome": -1782900000, "calculatedIncomeNonControlling": 0, "calculatedEbitda": 1192400000}, {"date": "1992-12-31", "symbol": "CMA", "reportedCurrency": "USD", "cik": "0000028412", "fillingDate": "1992-12-31", "acceptedDate": "1992-12-30 19:00:00", "calendarYear": "1992", "period": "FY", "revenue": 1486000000, "costOfRevenue": 0, "grossProfit": 1486000000, "grossProfitRatio": 1, "researchAndDevelopmentExpenses": 0, "generalAndAdministrativeExpenses": 503100000, "sellingAndMarketingExpenses": 0, "sellingGeneralAndAdministrativeExpenses": 503100000, "otherExpenses": -892500000, "operatingExpenses": -389400000, "costAndExpenses": -389400000, "interestIncome": 1869800000, "interestExpense": 783900000, "depreciationAndAmortization": 51300000, "ebitda": 1147900000, "ebitdaratio": 0.7724764468, "operatingIncome": 1096600000, "operatingIncomeRatio": 0.7379542396, "totalOtherIncomeExpensesNet": -783900000, "incomeBeforeTax": 312700000, "incomeBeforeTaxRatio": 0.2104306864, "incomeTaxExpense": 86700000, "netIncome": 226000000, "netIncomeRatio": 0.1520861373, "eps": 1.29, "epsdiluted": 1.27, "weightedAverageShsOut": 175308642, "weightedAverageShsOutDil": 177500000, "link": "", "finalLink": "", "calculatedOtherExpenses": -113700000, "calculatedOperatingExpenses": 389400000, "calculatedNetInterest": 1085900000, "calculatedOtherIncome": -1869800000, "calculatedIncomeNonControlling": 0, "calculatedEbitda": 1147900000}, {"date": "1991-12-31", "symbol": "CMA", "reportedCurrency": "USD", "cik": "0000028412", "fillingDate": "1991-12-31", "acceptedDate": "1991-12-30 19:00:00", "calendarYear": "1991", "period": "FY", "revenue": 777100000, "costOfRevenue": 0, "grossProfit": 777100000, "grossProfitRatio": 1, "researchAndDevelopmentExpenses": 0, "generalAndAdministrativeExpenses": 265100000, "sellingAndMarketingExpenses": 0, "sellingGeneralAndAdministrativeExpenses": 265100000, "otherExpenses": -200600000, "operatingExpenses": 64500000, "costAndExpenses": 64500000, "interestIncome": 1219100000, "interestExpense": 624400000, "depreciationAndAmortization": 27600000, "ebitda": 869200000, "ebitdaratio": 1.1185175653, "operatingIncome": 841600000, "operatingIncomeRatio": 1.0830009008, "totalOtherIncomeExpensesNet": -624400000, "incomeBeforeTax": 217200000, "incomeBeforeTaxRatio": 0.2795007078, "incomeTaxExpense": 63800000, "netIncome": 153400000, "netIncomeRatio": 0.1974005919, "eps": 1.68, "epsdiluted": 1.67, "weightedAverageShsOut": 91309524, "weightedAverageShsOutDil": 91856287, "link": "", "finalLink": "", "calculatedOtherExpenses": -329600000, "calculatedOperatingExpenses": -64500000, "calculatedNetInterest": 594700000, "calculatedOtherIncome": -1219100000, "calculatedIncomeNonControlling": 0, "calculatedEbitda": 869200000}, {"date": "1990-12-31", "symbol": "CMA", "reportedCurrency": "USD", "cik": "0000028412", "fillingDate": "1990-12-31", "acceptedDate": "1990-12-30 19:00:00", "calendarYear": "1990", "period": "FY", "revenue": 650700000, "costOfRevenue": 0, "grossProfit": 650700000, "grossProfitRatio": 1, "researchAndDevelopmentExpenses": 0, "generalAndAdministrativeExpenses": 232300000, "sellingAndMarketingExpenses": 0, "sellingGeneralAndAdministrativeExpenses": 232300000, "otherExpenses": -37800000, "operatingExpenses": 194500000, "costAndExpenses": 194500000, "interestIncome": 1165800000, "interestExpense": 673700000, "depreciationAndAmortization": 29700000, "ebitda": 874900000, "ebitdaratio": 1.3445520209, "operatingIncome": 845200000, "operatingIncomeRatio": 1.2989088674, "totalOtherIncomeExpensesNet": -673700000, "incomeBeforeTax": 171500000, "incomeBeforeTaxRatio": 0.2635623175, "incomeTaxExpense": 43000000, "netIncome": 128500000, "netIncomeRatio": 0.1974796373, "eps": 1.68, "epsdiluted": 1.65, "weightedAverageShsOut": 76488095, "weightedAverageShsOutDil": 77878788, "link": "", "finalLink": "", "calculatedOtherExpenses": -426800000, "calculatedOperatingExpenses": -194500000, "calculatedNetInterest": 492100000, "calculatedOtherIncome": -1165800000, "calculatedIncomeNonControlling": 0, "calculatedEbitda": 874900000}, {"date": "1989-12-31", "symbol": "CMA", "reportedCurrency": "USD", "cik": "0000028412", "fillingDate": "1989-12-31", "acceptedDate": "1989-12-30 19:00:00", "calendarYear": "1989", "period": "FY", "revenue": 581300000, "costOfRevenue": 0, "grossProfit": 581300000, "grossProfitRatio": 1, "researchAndDevelopmentExpenses": 0, "generalAndAdministrativeExpenses": 205600000, "sellingAndMarketingExpenses": 0, "sellingGeneralAndAdministrativeExpenses": 205600000, "otherExpenses": -21700000, "operatingExpenses": 183900000, "costAndExpenses": 183900000, "interestIncome": 1116500000, "interestExpense": 669100000, "depreciationAndAmortization": 19000000, "ebitda": 784200000, "ebitdaratio": 1.3490452434, "operatingIncome": 765200000, "operatingIncomeRatio": 1.316359883, "totalOtherIncomeExpensesNet": -669100000, "incomeBeforeTax": 96100000, "incomeBeforeTaxRatio": 0.1653191123, "incomeTaxExpense": 18500000, "netIncome": 77600000, "netIncomeRatio": 0.133493893, "eps": 1.03, "epsdiluted": 1.01, "weightedAverageShsOut": 75339806, "weightedAverageShsOutDil": 76831683, "link": "", "finalLink": "", "calculatedOtherExpenses": -389500000, "calculatedOperatingExpenses": -183900000, "calculatedNetInterest": 447400000, "calculatedOtherIncome": -1116500000, "calculatedIncomeNonControlling": 0, "calculatedEbitda": 784200000}, {"date": "1988-12-31", "symbol": "CMA", "reportedCurrency": "USD", "cik": "0000028412", "fillingDate": "1988-12-31", "acceptedDate": "1988-12-30 19:00:00", "calendarYear": "1988", "period": "FY", "revenue": 0, "costOfRevenue": 0, "grossProfit": 0, "grossProfitRatio": 0, "researchAndDevelopmentExpenses": 0, "generalAndAdministrativeExpenses": 0, "sellingAndMarketingExpenses": 0, "sellingGeneralAndAdministrativeExpenses": 0, "otherExpenses": 112000000, "operatingExpenses": 112000000, "costAndExpenses": 112000000, "interestIncome": 0, "interestExpense": 0, "depreciationAndAmortization": 0, "ebitda": 112000000, "ebitdaratio": 0, "operatingIncome": 112000000, "operatingIncomeRatio": 0, "totalOtherIncomeExpensesNet": 0, "incomeBeforeTax": 0, "incomeBeforeTaxRatio": 0, "incomeTaxExpense": -112000000, "netIncome": 112000000, "netIncomeRatio": 0, "eps": 1.6, "epsdiluted": 1.56, "weightedAverageShsOut": 70066225, "weightedAverageShsOutDil": 71972789, "link": "", "finalLink": "", "calculatedOtherExpenses": -112000000, "calculatedOperatingExpenses": -112000000, "calculatedNetInterest": 0, "calculatedOtherIncome": -112000000, "calculatedIncomeNonControlling": 0, "calculatedEbitda": 112000000}, {"date": "1987-12-31", "symbol": "CMA", "reportedCurrency": "USD", "cik": "0000028412", "fillingDate": "1987-12-31", "acceptedDate": "1987-12-30 19:00:00", "calendarYear": "1987", "period": "FY", "revenue": 0, "costOfRevenue": 0, "grossProfit": 0, "grossProfitRatio": 0, "researchAndDevelopmentExpenses": 0, "generalAndAdministrativeExpenses": 0, "sellingAndMarketingExpenses": 0, "sellingGeneralAndAdministrativeExpenses": 0, "otherExpenses": 71400000, "operatingExpenses": 71400000, "costAndExpenses": 71400000, "interestIncome": 0, "interestExpense": 0, "depreciationAndAmortization": 0, "ebitda": 71400000, "ebitdaratio": 0, "operatingIncome": 71400000, "operatingIncomeRatio": 0, "totalOtherIncomeExpensesNet": 0, "incomeBeforeTax": 0, "incomeBeforeTaxRatio": 0, "incomeTaxExpense": -71400000, "netIncome": 71400000, "netIncomeRatio": 0, "eps": 1, "epsdiluted": 0.97, "weightedAverageShsOut": 71413043, "weightedAverageShsOutDil": 73820225, "link": "", "finalLink": "", "calculatedOtherExpenses": -71400000, "calculatedOperatingExpenses": -71400000, "calculatedNetInterest": 0, "calculatedOtherIncome": -71400000, "calculatedIncomeNonControlling": 0, "calculatedEbitda": 71400000}, {"date": "1986-12-31", "symbol": "CMA", "reportedCurrency": "USD", "cik": "0000028412", "fillingDate": "1986-12-31", "acceptedDate": "1986-12-30 19:00:00", "calendarYear": "1986", "period": "FY", "revenue": 0, "costOfRevenue": 0, "grossProfit": 0, "grossProfitRatio": 0, "researchAndDevelopmentExpenses": 0, "generalAndAdministrativeExpenses": 0, "sellingAndMarketingExpenses": 0, "sellingGeneralAndAdministrativeExpenses": 0, "otherExpenses": 61900000, "operatingExpenses": 61900000, "costAndExpenses": 61900000, "interestIncome": 0, "interestExpense": 0, "depreciationAndAmortization": 0, "ebitda": 61900000, "ebitdaratio": 0, "operatingIncome": 61900000, "operatingIncomeRatio": 0, "totalOtherIncomeExpensesNet": 0, "incomeBeforeTax": 0, "incomeBeforeTaxRatio": 0, "incomeTaxExpense": -61900000, "netIncome": 61900000, "netIncomeRatio": 0, "eps": 0.88, "epsdiluted": 0.84, "weightedAverageShsOut": 70617284, "weightedAverageShsOutDil": 73333333, "link": "", "finalLink": "", "calculatedOtherExpenses": -61900000, "calculatedOperatingExpenses": -61900000, "calculatedNetInterest": 0, "calculatedOtherIncome": -61900000, "calculatedIncomeNonControlling": 0, "calculatedEbitda": 61900000}, {"date": "1985-12-31", "symbol": "CMA", "reportedCurrency": "USD", "cik": "0000028412", "fillingDate": "1985-12-31", "acceptedDate": "1985-12-30 19:00:00", "calendarYear": "1985", "period": "FY", "revenue": 0, "costOfRevenue": 0, "grossProfit": 0, "grossProfitRatio": 0, "researchAndDevelopmentExpenses": 0, "generalAndAdministrativeExpenses": 0, "sellingAndMarketingExpenses": 0, "sellingGeneralAndAdministrativeExpenses": 0, "otherExpenses": 52700000, "operatingExpenses": 52700000, "costAndExpenses": 52700000, "interestIncome": 0, "interestExpense": 0, "depreciationAndAmortization": 0, "ebitda": 52700000, "ebitdaratio": 0, "operatingIncome": 52700000, "operatingIncomeRatio": 0, "totalOtherIncomeExpensesNet": 0, "incomeBeforeTax": 0, "incomeBeforeTaxRatio": 0, "incomeTaxExpense": -52700000, "netIncome": 52700000, "netIncomeRatio": 0, "eps": 0.76, "epsdiluted": 0.73, "weightedAverageShsOut": 69402985, "weightedAverageShsOutDil": 72656250, "link": "", "finalLink": "", "calculatedOtherExpenses": -52700000, "calculatedOperatingExpenses": -52700000, "calculatedNetInterest": 0, "calculatedOtherIncome": -52700000, "calculatedIncomeNonControlling": 0, "calculatedEbitda": 52700000}]}