{"originalCurrency": "USD", "convertedCurrency": "USD", "report": [{"date": "2023-12-31", "symbol": "CME", "reportedCurrency": "USD", "cik": "0001156375", "fillingDate": "2024-02-28", "acceptedDate": "2024-02-28 15:24:36", "calendarYear": "2023", "period": "FY", "revenue": 5578900000, "costOfRevenue": 1038500000, "grossProfit": 4540400000, "grossProfitRatio": 0.8138521931, "researchAndDevelopmentExpenses": 218700000, "generalAndAdministrativeExpenses": 144400000, "sellingAndMarketingExpenses": 0, "sellingGeneralAndAdministrativeExpenses": 144400000, "otherExpenses": -1104700000, "operatingExpenses": 1104700000, "costAndExpenses": 2143199999, "interestIncome": 5275300000, "interestExpense": 159400000, "depreciationAndAmortization": 352600000, "ebitda": 3788300000, "ebitdaratio": 0.6790406711, "operatingIncome": 3435700000, "operatingIncomeRatio": 0.6158382477, "totalOtherIncomeExpensesNet": 717900000, "incomeBeforeTax": 4153600000, "incomeBeforeTaxRatio": 0.7445195289, "incomeTaxExpense": 927400000, "netIncome": 3226200000, "netIncomeRatio": 0.5782860421, "eps": 8.87, "epsdiluted": 8.86, "weightedAverageShsOut": 359023000, "weightedAverageShsOutDil": 359500000, "link": "https://www.sec.gov/Archives/edgar/data/1156375/000115637524000010/0001156375-24-000010-index.htm", "finalLink": "https://www.sec.gov/Archives/edgar/data/1156375/000115637524000010/cme-20231231.htm", "calculatedOtherExpenses": 741600000, "calculatedOperatingExpenses": 1104700000, "calculatedNetInterest": 5115900000, "calculatedOtherIncome": -4398000000, "calculatedIncomeNonControlling": 0, "calculatedEbitda": 3788300000}, {"date": "2022-12-31", "symbol": "CME", "reportedCurrency": "USD", "cik": "0001156375", "fillingDate": "2023-02-27", "acceptedDate": "2023-02-27 17:01:05", "calendarYear": "2022", "period": "FY", "revenue": 5019400000, "costOfRevenue": 753100000, "grossProfit": 4266300000, "grossProfitRatio": 0.8499621469, "researchAndDevelopmentExpenses": 188600000, "generalAndAdministrativeExpenses": 137400000, "sellingAndMarketingExpenses": 0, "sellingGeneralAndAdministrativeExpenses": 137400000, "otherExpenses": 1113000000, "operatingExpenses": 1250400000, "costAndExpenses": 2003500000, "interestIncome": 2198400000, "interestExpense": 162700000, "depreciationAndAmortization": 134900000, "ebitda": 3150800000, "ebitdaratio": 0.6277244292, "operatingIncome": 3015900000, "operatingIncomeRatio": 0.600848707, "totalOtherIncomeExpensesNet": 474400000, "incomeBeforeTax": 3490300000, "incomeBeforeTaxRatio": 0.6953619955, "incomeTaxExpense": 799300000, "netIncome": 2691000000, "netIncomeRatio": 0.536119855, "eps": 7.41, "epsdiluted": 7.4, "weightedAverageShsOut": 358713000, "weightedAverageShsOutDil": 359181000, "link": "https://www.sec.gov/Archives/edgar/data/1156375/000115637523000020/0001156375-23-000020-index.htm", "finalLink": "https://www.sec.gov/Archives/edgar/data/1156375/000115637523000020/cme-20221231.htm", "calculatedOtherExpenses": 924400000, "calculatedOperatingExpenses": 1250400000, "calculatedNetInterest": 2035700000, "calculatedOtherIncome": -1561300000, "calculatedIncomeNonControlling": 0, "calculatedEbitda": 3150800000}, {"date": "2021-12-31", "symbol": "CME", "reportedCurrency": "USD", "cik": "0001156375", "fillingDate": "2022-02-25", "acceptedDate": "2022-02-25 14:51:32", "calendarYear": "2021", "period": "FY", "revenue": 4689700000, "costOfRevenue": 837000000, "grossProfit": 3852700000, "grossProfitRatio": 0.8215237648, "researchAndDevelopmentExpenses": 192600000, "generalAndAdministrativeExpenses": 151700000, "sellingAndMarketingExpenses": 0, "sellingGeneralAndAdministrativeExpenses": 151700000, "otherExpenses": 1055800000, "operatingExpenses": 1207500000, "costAndExpenses": 2044500000, "interestIncome": 306900000, "interestExpense": 166900000, "depreciationAndAmortization": 147800000, "ebitda": 2793000000, "ebitdaratio": 0.5955604836, "operatingIncome": 2645200000, "operatingIncomeRatio": 0.5640446084, "totalOtherIncomeExpensesNet": 728400000, "incomeBeforeTax": 3373600000, "incomeBeforeTaxRatio": 0.719363712, "incomeTaxExpense": 736700000, "netIncome": 2636400000, "netIncomeRatio": 0.5621681557, "eps": 7.3, "epsdiluted": 7.29, "weightedAverageShsOut": 358340000, "weightedAverageShsOutDil": 358929000, "link": "https://www.sec.gov/Archives/edgar/data/1156375/000115637522000076/0001156375-22-000076-index.htm", "finalLink": "https://www.sec.gov/Archives/edgar/data/1156375/000115637522000076/cme-20211231.htm", "calculatedOtherExpenses": 863200000, "calculatedOperatingExpenses": 1207500000, "calculatedNetInterest": 140000000, "calculatedOtherIncome": 588400000, "calculatedIncomeNonControlling": 500000, "calculatedEbitda": 2793000000}, {"date": "2020-12-31", "symbol": "CME", "reportedCurrency": "USD", "cik": "0001156375", "fillingDate": "2021-02-26", "acceptedDate": "2021-02-26 13:01:46", "calendarYear": "2020", "period": "FY", "revenue": 4883600000, "costOfRevenue": 856500000, "grossProfit": 4027100000, "grossProfitRatio": 0.8246170858, "researchAndDevelopmentExpenses": 198500000, "generalAndAdministrativeExpenses": 191300000, "sellingAndMarketingExpenses": 0, "sellingGeneralAndAdministrativeExpenses": 191300000, "otherExpenses": 1198400000, "operatingExpenses": 1389700000, "costAndExpenses": 2246200000, "interestIncome": 182700000, "interestExpense": 166200000, "depreciationAndAmortization": 153200000, "ebitda": 2790600000, "ebitdaratio": 0.5714227209, "operatingIncome": 2637400000, "operatingIncomeRatio": 0.5400524203, "totalOtherIncomeExpensesNet": 84700000, "incomeBeforeTax": 2722100000, "incomeBeforeTaxRatio": 0.5573961831, "incomeTaxExpense": 615700000, "netIncome": 2105200000, "netIncomeRatio": 0.4310754362, "eps": 5.88, "epsdiluted": 5.87, "weightedAverageShsOut": 357764000, "weightedAverageShsOutDil": 358524000, "link": "https://www.sec.gov/Archives/edgar/data/1156375/000115637521000020/0001156375-21-000020-index.htm", "finalLink": "https://www.sec.gov/Archives/edgar/data/1156375/000115637521000020/cme-20201231.htm", "calculatedOtherExpenses": 999900000, "calculatedOperatingExpenses": 1389700000, "calculatedNetInterest": 16500000, "calculatedOtherIncome": 68200000, "calculatedIncomeNonControlling": 1200000, "calculatedEbitda": 2790600000}, {"date": "2019-12-31", "symbol": "CME", "reportedCurrency": "USD", "cik": "0001156375", "fillingDate": "2020-02-28", "acceptedDate": "2020-02-28 14:00:27", "calendarYear": "2019", "period": "FY", "revenue": 4868000000, "costOfRevenue": 898700000, "grossProfit": 3969300000, "grossProfitRatio": 0.8153861956, "researchAndDevelopmentExpenses": 201500000, "generalAndAdministrativeExpenses": 174100000, "sellingAndMarketingExpenses": 0, "sellingGeneralAndAdministrativeExpenses": 174100000, "otherExpenses": 1207400000, "operatingExpenses": 1381500000, "costAndExpenses": 2280200000, "interestIncome": 626800000, "interestExpense": 178000000, "depreciationAndAmortization": 158600000, "ebitda": 2746400000, "ebitdaratio": 0.5641741988, "operatingIncome": 2587800000, "operatingIncomeRatio": 0.5315940838, "totalOtherIncomeExpensesNet": 101800000, "incomeBeforeTax": 2689600000, "incomeBeforeTaxRatio": 0.5525061627, "incomeTaxExpense": 573800000, "netIncome": 2116500000, "netIncomeRatio": 0.434778143, "eps": 5.93, "epsdiluted": 5.91, "weightedAverageShsOut": 357155000, "weightedAverageShsOutDil": 358239000, "link": "https://www.sec.gov/Archives/edgar/data/1156375/000115637520000013/0001156375-20-000013-index.htm", "finalLink": "https://www.sec.gov/Archives/edgar/data/1156375/000115637520000013/cme-2019123110k.htm", "calculatedOtherExpenses": 1005900000, "calculatedOperatingExpenses": 1381500000, "calculatedNetInterest": 448800000, "calculatedOtherIncome": -347000000, "calculatedIncomeNonControlling": -700000, "calculatedEbitda": 2746400000}, {"date": "2018-12-31", "symbol": "CME", "reportedCurrency": "USD", "cik": "0001156375", "fillingDate": "2019-02-28", "acceptedDate": "2019-02-28 16:41:26", "calendarYear": "2018", "period": "FY", "revenue": 4309400000, "costOfRevenue": 672200000, "grossProfit": 3637200000, "grossProfitRatio": 0.8440154082, "researchAndDevelopmentExpenses": 117200000, "generalAndAdministrativeExpenses": 453900000, "sellingAndMarketingExpenses": 0, "sellingGeneralAndAdministrativeExpenses": 453900000, "otherExpenses": 575700000, "operatingExpenses": 1029600000, "costAndExpenses": 1701800000, "interestIncome": 0, "interestExpense": 157700000, "depreciationAndAmortization": 118700000, "ebitda": 2726300000, "ebitdaratio": 0.6326402747, "operatingIncome": 2607600000, "operatingIncomeRatio": 0.605095837, "totalOtherIncomeExpensesNet": 170200000, "incomeBeforeTax": 2777800000, "incomeBeforeTaxRatio": 0.6445908943, "incomeTaxExpense": 814100000, "netIncome": 1962200000, "netIncomeRatio": 0.4553302084, "eps": 5.73, "epsdiluted": 5.71, "weightedAverageShsOut": 342344000, "weightedAverageShsOutDil": 343737000, "link": "https://www.sec.gov/Archives/edgar/data/1156375/000115637519000010/0001156375-19-000010-index.htm", "finalLink": "https://www.sec.gov/Archives/edgar/data/1156375/000115637519000010/cme-2018123110k.htm", "calculatedOtherExpenses": 458500000, "calculatedOperatingExpenses": 1029600000, "calculatedNetInterest": -157700000, "calculatedOtherIncome": 327900000, "calculatedIncomeNonControlling": 1500000, "calculatedEbitda": 2726300000}, {"date": "2017-12-31", "symbol": "CME", "reportedCurrency": "USD", "cik": "0001156375", "fillingDate": "2018-03-01", "acceptedDate": "2018-02-28 18:15:07", "calendarYear": "2017", "period": "FY", "revenue": 3644700000, "costOfRevenue": 586800000, "grossProfit": 3057900000, "grossProfitRatio": 0.8389990946, "researchAndDevelopmentExpenses": 101600000, "generalAndAdministrativeExpenses": 421400000, "sellingAndMarketingExpenses": 0, "sellingGeneralAndAdministrativeExpenses": 421400000, "otherExpenses": 324500000, "operatingExpenses": 745900000, "costAndExpenses": 1332700000, "interestIncome": 0, "interestExpense": 117000000, "depreciationAndAmortization": 113000000, "ebitda": 2425000000, "ebitdaratio": 0.6653496858, "operatingIncome": 2312000000, "operatingIncomeRatio": 0.6343457623, "totalOtherIncomeExpensesNet": 214300000, "incomeBeforeTax": 2526300000, "incomeBeforeTaxRatio": 0.6931434686, "incomeTaxExpense": -1537100000, "netIncome": 4063400000, "netIncomeRatio": 1.1148791396, "eps": 12, "epsdiluted": 11.94, "weightedAverageShsOut": 338707000, "weightedAverageShsOutDil": 340226000, "link": "https://www.sec.gov/Archives/edgar/data/1156375/000115637518000026/0001156375-18-000026-index.htm", "finalLink": "https://www.sec.gov/Archives/edgar/data/1156375/000115637518000026/cme-2017123110k.htm", "calculatedOtherExpenses": 222900000, "calculatedOperatingExpenses": 745900000, "calculatedNetInterest": -117000000, "calculatedOtherIncome": 331300000, "calculatedIncomeNonControlling": 0, "calculatedEbitda": 2425000000}, {"date": "2016-12-31", "symbol": "CME", "reportedCurrency": "USD", "cik": "0001156375", "fillingDate": "2017-02-27", "acceptedDate": "2017-02-27 16:01:59", "calendarYear": "2016", "period": "FY", "revenue": 3595200000, "costOfRevenue": 567800000, "grossProfit": 3027400000, "grossProfitRatio": 0.8420672007, "researchAndDevelopmentExpenses": 97600000, "generalAndAdministrativeExpenses": 437700000, "sellingAndMarketingExpenses": 0, "sellingGeneralAndAdministrativeExpenses": 437700000, "otherExpenses": 387000000, "operatingExpenses": 824700000, "costAndExpenses": 1392500000, "interestIncome": 0, "interestExpense": 123500000, "depreciationAndAmortization": 129199999, "ebitda": 2331900000, "ebitdaratio": 0.6486148198, "operatingIncome": 2202700000, "operatingIncomeRatio": 0.6126780151, "totalOtherIncomeExpensesNet": 84900000, "incomeBeforeTax": 2287600000, "incomeBeforeTaxRatio": 0.6362928349, "incomeTaxExpense": 753500000, "netIncome": 1534100000, "netIncomeRatio": 0.4267078327, "eps": 4.55, "epsdiluted": 4.53, "weightedAverageShsOut": 337496000, "weightedAverageShsOutDil": 338966000, "link": "https://www.sec.gov/Archives/edgar/data/1156375/000115637517000016/0001156375-17-000016-index.htm", "finalLink": "https://www.sec.gov/Archives/edgar/data/1156375/000115637517000016/cme-2016123110k.htm", "calculatedOtherExpenses": 289400000, "calculatedOperatingExpenses": 824700000, "calculatedNetInterest": -123500000, "calculatedOtherIncome": 208400000, "calculatedIncomeNonControlling": 0, "calculatedEbitda": 2331899999}, {"date": "2015-12-31", "symbol": "CME", "reportedCurrency": "USD", "cik": "0001156375", "fillingDate": "2016-02-26", "acceptedDate": "2016-02-26 17:37:16", "calendarYear": "2015", "period": "FY", "revenue": 3326800000, "costOfRevenue": 581500000, "grossProfit": 2745300000, "grossProfitRatio": 0.8252074065, "researchAndDevelopmentExpenses": 0, "generalAndAdministrativeExpenses": 403600000, "sellingAndMarketingExpenses": 0, "sellingGeneralAndAdministrativeExpenses": 403600000, "otherExpenses": 353000000, "operatingExpenses": 756600000, "costAndExpenses": 1338100000, "interestIncome": 0, "interestExpense": 117400000, "depreciationAndAmortization": 129199999, "ebitda": 2117900000, "ebitdaratio": 0.6366177708, "operatingIncome": 1988700000, "operatingIncomeRatio": 0.597781652, "totalOtherIncomeExpensesNet": -31900000, "incomeBeforeTax": 1956800000, "incomeBeforeTaxRatio": 0.588192858, "incomeTaxExpense": 709800000, "netIncome": 1247000000, "netIncomeRatio": 0.374834676, "eps": 3.71, "epsdiluted": 3.69, "weightedAverageShsOut": 336224000, "weightedAverageShsOutDil": 337894000, "link": "https://www.sec.gov/Archives/edgar/data/1156375/000115637516000116/0001156375-16-000116-index.htm", "finalLink": "https://www.sec.gov/Archives/edgar/data/1156375/000115637516000116/cme-2015123110k.htm", "calculatedOtherExpenses": 353000000, "calculatedOperatingExpenses": 756600000, "calculatedNetInterest": -117400000, "calculatedOtherIncome": 85500000, "calculatedIncomeNonControlling": 0, "calculatedEbitda": 2117899999}, {"date": "2014-12-31", "symbol": "CME", "reportedCurrency": "USD", "cik": "0001156375", "fillingDate": "2015-02-26", "acceptedDate": "2015-02-26 17:22:18", "calendarYear": "2014", "period": "FY", "revenue": 3112500000, "costOfRevenue": 584100000, "grossProfit": 2528400000, "grossProfitRatio": 0.8123373494, "researchAndDevelopmentExpenses": 0, "generalAndAdministrativeExpenses": 398200000, "sellingAndMarketingExpenses": 0, "sellingGeneralAndAdministrativeExpenses": 398200000, "otherExpenses": 361800000, "operatingExpenses": 760000000, "costAndExpenses": 1344100000, "interestIncome": 0, "interestExpense": 119400000, "depreciationAndAmortization": 132600000, "ebitda": 1901000000, "ebitdaratio": 0.6107630522, "operatingIncome": 1768400000, "operatingIncomeRatio": 0.5681606426, "totalOtherIncomeExpensesNet": 3000000, "incomeBeforeTax": 1771400000, "incomeBeforeTaxRatio": 0.569124498, "incomeTaxExpense": 644500000, "netIncome": 1127100000, "netIncomeRatio": 0.3621204819, "eps": 3.37, "epsdiluted": 3.35, "weightedAverageShsOut": 334409000, "weightedAverageShsOutDil": 336063000, "link": "https://www.sec.gov/Archives/edgar/data/1156375/000115637515000014/0001156375-15-000014-index.htm", "finalLink": "https://www.sec.gov/Archives/edgar/data/1156375/000115637515000014/cme-2014123110k.htm", "calculatedOtherExpenses": 361800000, "calculatedOperatingExpenses": 760000000, "calculatedNetInterest": -119400000, "calculatedOtherIncome": 122400000, "calculatedIncomeNonControlling": -200000, "calculatedEbitda": 1901000000}, {"date": "2013-12-31", "symbol": "CME", "reportedCurrency": "USD", "cik": "0001156375", "fillingDate": "2014-03-03", "acceptedDate": "2014-02-28 18:30:52", "calendarYear": "2013", "period": "FY", "revenue": 2936300000, "costOfRevenue": 554200000, "grossProfit": 2382100000, "grossProfitRatio": 0.8112590675, "researchAndDevelopmentExpenses": 0, "generalAndAdministrativeExpenses": 360100000, "sellingAndMarketingExpenses": 0, "sellingGeneralAndAdministrativeExpenses": 360100000, "otherExpenses": 385000000, "operatingExpenses": 745100000, "costAndExpenses": 1299300000, "interestIncome": 0, "interestExpense": 151400000, "depreciationAndAmortization": 135100000, "ebitda": 1772100000, "ebitdaratio": 0.6035146273, "operatingIncome": 1637000000, "operatingIncomeRatio": 0.5575043422, "totalOtherIncomeExpensesNet": -36000000, "incomeBeforeTax": 1601000000, "incomeBeforeTaxRatio": 0.5452440146, "incomeTaxExpense": 622900000, "netIncome": 976800000, "netIncomeRatio": 0.3326635562, "eps": 2.94, "epsdiluted": 2.92, "weightedAverageShsOut": 332678000, "weightedAverageShsOutDil": 334398000, "link": "https://www.sec.gov/Archives/edgar/data/1156375/000115637514000012/0001156375-14-000012-index.htm", "finalLink": "https://www.sec.gov/Archives/edgar/data/1156375/000115637514000012/cme-2013123110k.htm", "calculatedOtherExpenses": 385000000, "calculatedOperatingExpenses": 745100000, "calculatedNetInterest": -151400000, "calculatedOtherIncome": 115400000, "calculatedIncomeNonControlling": 1300000, "calculatedEbitda": 1772100000}, {"date": "2012-12-31", "symbol": "CME", "reportedCurrency": "USD", "cik": "0001156375", "fillingDate": "2013-03-01", "acceptedDate": "2013-02-28 19:54:19", "calendarYear": "2012", "period": "FY", "revenue": 2914600000, "costOfRevenue": 536800000, "grossProfit": 2377800000, "grossProfitRatio": 0.8158237837, "researchAndDevelopmentExpenses": 0, "generalAndAdministrativeExpenses": 337100000, "sellingAndMarketingExpenses": 0, "sellingGeneralAndAdministrativeExpenses": 337100000, "otherExpenses": 348700000, "operatingExpenses": 685800000, "costAndExpenses": 1222600000, "interestIncome": 0, "interestExpense": 132200000, "depreciationAndAmortization": 136900000, "ebitda": 1828900000, "ebitdaratio": 0.6274960543, "operatingIncome": 1692000000, "operatingIncomeRatio": 0.5805256296, "totalOtherIncomeExpensesNet": 1400000, "incomeBeforeTax": 1693400000, "incomeBeforeTaxRatio": 0.5810059699, "incomeTaxExpense": 786700000, "netIncome": 896300000, "netIncomeRatio": 0.3075207576, "eps": 2.71, "epsdiluted": 2.7, "weightedAverageShsOut": 331252000, "weightedAverageShsOutDil": 332319000, "link": "https://www.sec.gov/Archives/edgar/data/1156375/000115637513000007/0001156375-13-000007-index.htm", "finalLink": "https://www.sec.gov/Archives/edgar/data/1156375/000115637513000007/cme-2012123110k.htm", "calculatedOtherExpenses": 348700000, "calculatedOperatingExpenses": 685800000, "calculatedNetInterest": -132200000, "calculatedOtherIncome": 133600000, "calculatedIncomeNonControlling": 10400000, "calculatedEbitda": 1828900000}, {"date": "2011-12-31", "symbol": "CME", "reportedCurrency": "USD", "cik": "0001156375", "fillingDate": "2012-02-28", "acceptedDate": "2012-02-27 19:36:03", "calendarYear": "2011", "period": "FY", "revenue": 3280600000, "costOfRevenue": 696200000, "grossProfit": 2584400000, "grossProfitRatio": 0.7877827227, "researchAndDevelopmentExpenses": 0, "generalAndAdministrativeExpenses": 162400000, "sellingAndMarketingExpenses": 0, "sellingGeneralAndAdministrativeExpenses": 162400000, "otherExpenses": 260500000, "operatingExpenses": 422900000, "costAndExpenses": 1119100000, "interestIncome": 0, "interestExpense": 116900000, "depreciationAndAmortization": 128500000, "ebitda": 2149600000, "ebitdaratio": 0.6552459916, "operatingIncome": 2021100000, "operatingIncomeRatio": 0.6160763275, "totalOtherIncomeExpensesNet": -84600000, "incomeBeforeTax": 1936500000, "incomeBeforeTaxRatio": 0.5902883619, "incomeTaxExpense": 122100000, "netIncome": 1812300000, "netIncomeRatio": 0.5524294336, "eps": 5.45, "epsdiluted": 5.43, "weightedAverageShsOut": 332735000, "weightedAverageShsOutDil": 333810000, "link": "https://www.sec.gov/Archives/edgar/data/1156375/000115637512000016/0001156375-12-000016-index.htm", "finalLink": "https://www.sec.gov/Archives/edgar/data/1156375/000115637512000016/cme-2011123110k.htm", "calculatedOtherExpenses": 400900000, "calculatedOperatingExpenses": 563300000, "calculatedNetInterest": -116900000, "calculatedOtherIncome": 32300000, "calculatedIncomeNonControlling": 2100000, "calculatedEbitda": 2149600000}, {"date": "2010-12-31", "symbol": "CME", "reportedCurrency": "USD", "cik": "0001156375", "fillingDate": "2011-02-28", "acceptedDate": "2011-02-28 17:30:03", "calendarYear": "2010", "period": "FY", "revenue": 3003700000, "costOfRevenue": 640700000, "grossProfit": 2363000000, "grossProfitRatio": 0.7866964078, "researchAndDevelopmentExpenses": 0, "generalAndAdministrativeExpenses": 157500000, "sellingAndMarketingExpenses": 0, "sellingGeneralAndAdministrativeExpenses": 157500000, "otherExpenses": 375000000, "operatingExpenses": 532500000, "costAndExpenses": 1173200000, "interestIncome": 0, "interestExpense": 140300000, "depreciationAndAmortization": 129900000, "ebitda": 1961000000, "ebitdaratio": 0.6528614709, "operatingIncome": 1831100000, "operatingIncomeRatio": 0.6096148084, "totalOtherIncomeExpensesNet": -109200000, "incomeBeforeTax": 1721900000, "incomeBeforeTaxRatio": 0.5732596464, "incomeTaxExpense": 769800000, "netIncome": 951400000, "netIncomeRatio": 0.316742684, "eps": 2.87, "epsdiluted": 2.86, "weightedAverageShsOut": 331495000, "weightedAverageShsOutDil": 332475000, "link": "https://www.sec.gov/Archives/edgar/data/1156375/000119312511050252/0001193125-11-050252-index.htm", "finalLink": "https://www.sec.gov/Archives/edgar/data/1156375/000119312511050252/d10k.htm", "calculatedOtherExpenses": 374400000, "calculatedOperatingExpenses": 531900000, "calculatedNetInterest": -140300000, "calculatedOtherIncome": 31100000, "calculatedIncomeNonControlling": 700000, "calculatedEbitda": 1961000000}, {"date": "2009-12-31", "symbol": "CME", "reportedCurrency": "USD", "cik": "0001156375", "fillingDate": "2010-02-26", "acceptedDate": "2010-02-26 17:26:57", "calendarYear": "2009", "period": "FY", "revenue": 2612800000, "costOfRevenue": 529300000, "grossProfit": 2083500000, "grossProfitRatio": 0.7974203919, "researchAndDevelopmentExpenses": 0, "generalAndAdministrativeExpenses": 165500000, "sellingAndMarketingExpenses": 0, "sellingGeneralAndAdministrativeExpenses": 165500000, "otherExpenses": 323600000, "operatingExpenses": 489100000, "costAndExpenses": 1018400000, "interestIncome": 2800000, "interestExpense": 134000000, "depreciationAndAmortization": 126300000, "ebitda": 1715400000, "ebitdaratio": 0.6565370484, "operatingIncome": 1589100000, "operatingIncomeRatio": 0.6081981017, "totalOtherIncomeExpensesNet": -151600000, "incomeBeforeTax": 1437500000, "incomeBeforeTaxRatio": 0.5501760563, "incomeTaxExpense": 611700000, "netIncome": 825800000, "netIncomeRatio": 0.3160593999, "eps": 2.49, "epsdiluted": 2.48, "weightedAverageShsOut": 331830000, "weightedAverageShsOutDil": 332740000, "link": "https://www.sec.gov/Archives/edgar/data/1156375/000119312510043180/0001193125-10-043180-index.htm", "finalLink": "https://www.sec.gov/Archives/edgar/data/1156375/000119312510043180/d10k.htm", "calculatedOtherExpenses": 328900000, "calculatedOperatingExpenses": 494400000, "calculatedNetInterest": -131200000, "calculatedOtherIncome": -20400000, "calculatedIncomeNonControlling": 0, "calculatedEbitda": 1715400000}, {"date": "2008-12-31", "symbol": "CME", "reportedCurrency": "USD", "cik": "0001156375", "fillingDate": "2009-03-02", "acceptedDate": "2009-03-02 14:50:46", "calendarYear": "2008", "period": "FY", "revenue": 2561019000, "costOfRevenue": 429504000, "grossProfit": 2131515000, "grossProfitRatio": 0.8322917557, "researchAndDevelopmentExpenses": 0, "generalAndAdministrativeExpenses": 71944000, "sellingAndMarketingExpenses": 141647000, "sellingGeneralAndAdministrativeExpenses": 213591000, "otherExpenses": 544481000, "operatingExpenses": 544481000, "costAndExpenses": 973985000, "interestIncome": 0, "interestExpense": 0, "depreciationAndAmortization": 137341000, "ebitda": 1719536000, "ebitdaratio": 0.6714264908, "operatingIncome": 1582195000, "operatingIncomeRatio": 0.6177990089, "totalOtherIncomeExpensesNet": -334231000, "incomeBeforeTax": 1247964000, "incomeBeforeTaxRatio": 0.4872919725, "incomeTaxExpense": 532478000, "netIncome": 715486000, "netIncomeRatio": 0.2793755142, "eps": 2.44, "epsdiluted": 2.43, "weightedAverageShsOut": 293690000, "weightedAverageShsOutDil": 294835000, "link": "https://www.sec.gov/Archives/edgar/data/1156375/000119312509042361/0001193125-09-042361-index.htm", "finalLink": "https://www.sec.gov/Archives/edgar/data/1156375/000119312509042361/d10k.htm", "calculatedOtherExpenses": 335729000, "calculatedOperatingExpenses": 549320000, "calculatedNetInterest": 0, "calculatedOtherIncome": -334231000, "calculatedIncomeNonControlling": 0, "calculatedEbitda": 1719536000}, {"date": "2007-12-31", "symbol": "CME", "reportedCurrency": "USD", "cik": "0001156375", "fillingDate": "2008-02-28", "acceptedDate": "2008-02-27 21:14:31", "calendarYear": "2007", "period": "FY", "revenue": 1756101000, "costOfRevenue": 357298000, "grossProfit": 1398803000, "grossProfitRatio": 0.7965390373, "researchAndDevelopmentExpenses": 0, "generalAndAdministrativeExpenses": 136995000, "sellingAndMarketingExpenses": 0, "sellingGeneralAndAdministrativeExpenses": 136995000, "otherExpenses": 185256000, "operatingExpenses": 322251000, "costAndExpenses": 679549000, "interestIncome": 0, "interestExpense": -114453000, "depreciationAndAmortization": 105653000, "ebitda": 1156146000, "ebitdaratio": 0.6583596274, "operatingIncome": 1050493000, "operatingIncomeRatio": 0.5981962313, "totalOtherIncomeExpensesNet": 45309000, "incomeBeforeTax": 1095802000, "incomeBeforeTaxRatio": 0.6239971391, "incomeTaxExpense": 437269000, "netIncome": 658533000, "netIncomeRatio": 0.374997224, "eps": 3.01, "epsdiluted": 2.99, "weightedAverageShsOut": 218770000, "weightedAverageShsOutDil": 220535000, "link": "https://www.sec.gov/Archives/edgar/data/1156375/000119312508040449/0001193125-08-040449-index.htm", "finalLink": "https://www.sec.gov/Archives/edgar/data/1156375/000119312508040449/d10k.htm", "calculatedOtherExpenses": 211315000, "calculatedOperatingExpenses": 348310000, "calculatedNetInterest": 114453000, "calculatedOtherIncome": -69144000, "calculatedIncomeNonControlling": 0, "calculatedEbitda": 1156146000}, {"date": "2006-12-31", "symbol": "CME", "reportedCurrency": "USD", "cik": "0001156375", "fillingDate": "2007-03-01", "acceptedDate": "2007-02-28 20:47:10", "calendarYear": "2006", "period": "FY", "revenue": 1089947000, "costOfRevenue": 300062000, "grossProfit": 789885000, "grossProfitRatio": 0.7247003753, "researchAndDevelopmentExpenses": 0, "generalAndAdministrativeExpenses": 79507000, "sellingAndMarketingExpenses": 16740000, "sellingGeneralAndAdministrativeExpenses": 96247000, "otherExpenses": 72783000, "operatingExpenses": 169030000, "costAndExpenses": 469092000, "interestIncome": 0, "interestExpense": -92103000, "depreciationAndAmortization": 72783000, "ebitda": 693638000, "ebitdaratio": 0.6363960816, "operatingIncome": 620855000, "operatingIncomeRatio": 0.5696194402, "totalOtherIncomeExpensesNet": 50802000, "incomeBeforeTax": 671657000, "incomeBeforeTaxRatio": 0.616229046, "incomeTaxExpense": 264309000, "netIncome": 407348000, "netIncomeRatio": 0.3737319338, "eps": 2.35, "epsdiluted": 2.32, "weightedAverageShsOut": 173480000, "weightedAverageShsOutDil": 175620000, "link": "https://www.sec.gov/Archives/edgar/data/1156375/000119312507043084/0001193125-07-043084-index.htm", "finalLink": "https://www.sec.gov/Archives/edgar/data/1156375/000119312507043084/d10k.htm", "calculatedOtherExpenses": 72783000, "calculatedOperatingExpenses": 169030000, "calculatedNetInterest": 92103000, "calculatedOtherIncome": -41301000, "calculatedIncomeNonControlling": 0, "calculatedEbitda": 693638000}, {"date": "2005-12-31", "symbol": "CME", "reportedCurrency": "USD", "cik": "0001156375", "fillingDate": "2006-03-06", "acceptedDate": "2006-03-06 17:27:57", "calendarYear": "2005", "period": "FY", "revenue": 977296000, "costOfRevenue": 67886000, "grossProfit": 909410000, "grossProfitRatio": 0.93053691, "researchAndDevelopmentExpenses": 0, "generalAndAdministrativeExpenses": 279336000, "sellingAndMarketingExpenses": 0, "sellingGeneralAndAdministrativeExpenses": 279336000, "otherExpenses": 64917000, "operatingExpenses": 344253000, "costAndExpenses": 412139000, "interestIncome": 0, "interestExpense": 0, "depreciationAndAmortization": 68221000, "ebitda": 565157000, "ebitdaratio": 0.5782864148, "operatingIncome": 565157000, "operatingIncomeRatio": 0.5782864148, "totalOtherIncomeExpensesNet": -56778000, "incomeBeforeTax": 508379000, "incomeBeforeTaxRatio": 0.5201893797, "incomeTaxExpense": 201522000, "netIncome": 306857000, "netIncomeRatio": 0.3139857321, "eps": 1.79, "epsdiluted": 1.76, "weightedAverageShsOut": 171575000, "weightedAverageShsOutDil": 174195000, "link": "https://www.sec.gov/Archives/edgar/data/1156375/000119312506046258/0001193125-06-046258-index.htm", "finalLink": "https://www.sec.gov/Archives/edgar/data/1156375/000119312506046258/d10k.htm", "calculatedOtherExpenses": 64917000, "calculatedOperatingExpenses": 344253000, "calculatedNetInterest": 0, "calculatedOtherIncome": -56778000, "calculatedIncomeNonControlling": 0, "calculatedEbitda": 633378000}, {"date": "2004-12-31", "symbol": "CME", "reportedCurrency": "USD", "cik": "0001156375", "fillingDate": "2005-03-10", "acceptedDate": "2005-03-10 17:24:54", "calendarYear": "2004", "period": "FY", "revenue": 752802000, "costOfRevenue": 51445000, "grossProfit": 701357000, "grossProfitRatio": 0.9316619775, "researchAndDevelopmentExpenses": 0, "generalAndAdministrativeExpenses": 261280000, "sellingAndMarketingExpenses": 0, "sellingGeneralAndAdministrativeExpenses": 261280000, "otherExpenses": 53408000, "operatingExpenses": 314688000, "costAndExpenses": 366133000, "interestIncome": 0, "interestExpense": 0, "depreciationAndAmortization": 56928000, "ebitda": 386669000, "ebitdaratio": 0.5136397087, "operatingIncome": 386669000, "operatingIncomeRatio": 0.5136397087, "totalOtherIncomeExpensesNet": -19013000, "incomeBeforeTax": 367656000, "incomeBeforeTaxRatio": 0.4883833996, "incomeTaxExpense": 148101000, "netIncome": 219555000, "netIncomeRatio": 0.2916503941, "eps": 1.31, "epsdiluted": 1.28, "weightedAverageShsOut": 167723465, "weightedAverageShsOutDil": 172054400, "link": "https://www.sec.gov/Archives/edgar/data/1156375/000119312505046676/0001193125-05-046676-index.htm", "finalLink": "https://www.sec.gov/Archives/edgar/data/1156375/000119312505046676/d10k.htm", "calculatedOtherExpenses": 53408000, "calculatedOperatingExpenses": 314688000, "calculatedNetInterest": 0, "calculatedOtherIncome": -19013000, "calculatedIncomeNonControlling": 0, "calculatedEbitda": 443597000}, {"date": "2003-12-31", "symbol": "CME", "reportedCurrency": "USD", "cik": "0001156375", "fillingDate": "2004-03-11", "acceptedDate": "2004-03-11 13:35:36", "calendarYear": "2003", "period": "FY", "revenue": 536041000, "costOfRevenue": 46583000, "grossProfit": 489458000, "grossProfitRatio": 0.9130980653, "researchAndDevelopmentExpenses": 0, "generalAndAdministrativeExpenses": 230317000, "sellingAndMarketingExpenses": 0, "sellingGeneralAndAdministrativeExpenses": 230317000, "otherExpenses": 53016000, "operatingExpenses": 283333000, "costAndExpenses": 329916000, "interestIncome": 2025000, "interestExpense": 0, "depreciationAndAmortization": 53016000, "ebitda": 206125000, "ebitdaratio": 0.3845321533, "operatingIncome": 206125000, "operatingIncomeRatio": 0.3845321533, "totalOtherIncomeExpensesNet": 9245000, "incomeBeforeTax": 206125000, "incomeBeforeTaxRatio": 0.3845321533, "incomeTaxExpense": 83993000, "netIncome": 122132000, "netIncomeRatio": 0.2278407808, "eps": 0.75, "epsdiluted": 0.72, "weightedAverageShsOut": 163457135, "weightedAverageShsOutDil": 169674790, "link": "https://www.sec.gov/Archives/edgar/data/1156375/000119312504038979/0001193125-04-038979-index.htm", "finalLink": "https://www.sec.gov/Archives/edgar/data/1156375/000119312504038979/d10k.htm", "calculatedOtherExpenses": 53016000, "calculatedOperatingExpenses": 283333000, "calculatedNetInterest": 2025000, "calculatedOtherIncome": -2025000, "calculatedIncomeNonControlling": 0, "calculatedEbitda": 259141000}, {"date": "2002-12-31", "symbol": "CME", "reportedCurrency": "USD", "cik": "0001156375", "fillingDate": "2003-03-21", "acceptedDate": "2003-03-21 16:58:23", "calendarYear": "2002", "period": "FY", "revenue": 469079000, "costOfRevenue": 39857000, "grossProfit": 429222000, "grossProfitRatio": 0.91503137, "researchAndDevelopmentExpenses": 0, "generalAndAdministrativeExpenses": 204342000, "sellingAndMarketingExpenses": 0, "sellingGeneralAndAdministrativeExpenses": 204342000, "otherExpenses": 48509000, "operatingExpenses": 252851000, "costAndExpenses": 292708000, "interestIncome": 93000, "interestExpense": 0, "depreciationAndAmortization": 48509000, "ebitda": 176371000, "ebitdaratio": 0.3759942355, "operatingIncome": 176371000, "operatingIncomeRatio": 0.3759942355, "totalOtherIncomeExpensesNet": -22142000, "incomeBeforeTax": 154229000, "incomeBeforeTaxRatio": 0.3287910992, "incomeTaxExpense": 60162000, "netIncome": 94067000, "netIncomeRatio": 0.2005355175, "eps": 0.65, "epsdiluted": 0.63, "weightedAverageShsOut": 145331210, "weightedAverageShsOutDil": 150302685, "link": "https://www.sec.gov/Archives/edgar/data/1156375/000104746903009665/0001047469-03-009665-index.htm", "finalLink": "https://www.sec.gov/Archives/edgar/data/1156375/000104746903009665/a2104660z10-k.htm", "calculatedOtherExpenses": 48509000, "calculatedOperatingExpenses": 252851000, "calculatedNetInterest": 93000, "calculatedOtherIncome": -22235000, "calculatedIncomeNonControlling": 0, "calculatedEbitda": 224880000}, {"date": "2001-12-31", "symbol": "CME", "reportedCurrency": "USD", "cik": "0001156375", "fillingDate": "2002-03-28", "acceptedDate": "2002-03-28 00:00:00", "calendarYear": "2001", "period": "FY", "revenue": 396630000, "costOfRevenue": 35070000, "grossProfit": 361560000, "grossProfitRatio": 0.911580062, "researchAndDevelopmentExpenses": 0, "generalAndAdministrativeExpenses": 200079000, "sellingAndMarketingExpenses": 0, "sellingGeneralAndAdministrativeExpenses": 200079000, "otherExpenses": 37639000, "operatingExpenses": 237718000, "costAndExpenses": 272788000, "interestIncome": 0, "interestExpense": 0, "depreciationAndAmortization": 37639000, "ebitda": 123842000, "ebitdaratio": 0.3122355848, "operatingIncome": 123842000, "operatingIncomeRatio": 0.3122355848, "totalOtherIncomeExpensesNet": -9477000, "incomeBeforeTax": 114365000, "incomeBeforeTaxRatio": 0.2883417795, "incomeTaxExpense": 46063000, "netIncome": 68302000, "netIncomeRatio": 0.1722058342, "eps": 0.47, "epsdiluted": 0.47, "weightedAverageShsOut": 143873500, "weightedAverageShsOutDil": 146366445, "link": "https://www.sec.gov/Archives/edgar/data/1156375/000091205702012345/0000912057-02-012345-index.htm", "finalLink": "https://www.sec.gov/Archives/edgar/data/1156375/000091205702012345/a2074465z10-k.htm", "calculatedOtherExpenses": 37639000, "calculatedOperatingExpenses": 237718000, "calculatedNetInterest": 0, "calculatedOtherIncome": -9477000, "calculatedIncomeNonControlling": 0, "calculatedEbitda": 161481000}, {"date": "2000-12-31", "symbol": "CME", "reportedCurrency": "USD", "cik": "0001156375", "fillingDate": "2000-12-31", "acceptedDate": "2000-12-30 19:00:00", "calendarYear": "2000", "period": "FY", "revenue": 226552000, "costOfRevenue": 0, "grossProfit": 226552000, "grossProfitRatio": 1, "researchAndDevelopmentExpenses": 0, "generalAndAdministrativeExpenses": 0, "sellingAndMarketingExpenses": 5219000, "sellingGeneralAndAdministrativeExpenses": 5219000, "otherExpenses": 229416000, "operatingExpenses": 234635000, "costAndExpenses": 234635000, "interestIncome": 0, "interestExpense": 0, "depreciationAndAmortization": 33489000, "ebitda": 25406000, "ebitdaratio": 0.1121420248, "operatingIncome": -8083000, "operatingIncomeRatio": -0.0356783432, "totalOtherIncomeExpensesNet": 0, "incomeBeforeTax": -8083000, "incomeBeforeTaxRatio": -0.0356783432, "incomeTaxExpense": -3339000, "netIncome": -5909000, "netIncomeRatio": -0.0260823122, "eps": -0.0411, "epsdiluted": -0.0411, "weightedAverageShsOut": 143873500, "weightedAverageShsOutDil": 143873500, "link": "", "finalLink": "", "calculatedOtherExpenses": 229416000, "calculatedOperatingExpenses": 234635000, "calculatedNetInterest": 0, "calculatedOtherIncome": 0, "calculatedIncomeNonControlling": 1165000, "calculatedEbitda": 25406000}]}