{"originalCurrency": "USD", "convertedCurrency": "USD", "report": [{"date": "2023-12-31", "symbol": "CMG", "reportedCurrency": "USD", "cik": "0001058090", "fillingDate": "2024-02-08", "acceptedDate": "2024-02-07 18:24:05", "calendarYear": "2023", "period": "FY", "revenue": 9871649000, "costOfRevenue": 7285557000, "grossProfit": 2586092000, "grossProfitRatio": 0.2619716321, "researchAndDevelopmentExpenses": 0, "generalAndAdministrativeExpenses": 633584000, "sellingAndMarketingExpenses": 264084999, "sellingGeneralAndAdministrativeExpenses": 633584000, "otherExpenses": 3307259000, "operatingExpenses": 952978000, "costAndExpenses": 8238535000, "interestIncome": 62693000, "interestExpense": 0, "depreciationAndAmortization": 319394000, "ebitda": 2027809000, "ebitdaratio": 0.2054174536, "operatingIncome": 1557813000, "operatingIncomeRatio": 0.1578067656, "totalOtherIncomeExpensesNet": -75301000, "incomeBeforeTax": 1620506000, "incomeBeforeTaxRatio": 0.1641575789, "incomeTaxExpense": 391769000, "netIncome": 1228737000, "netIncomeRatio": 0.1244713016, "eps": 44.59, "epsdiluted": 44.34, "weightedAverageShsOut": 27555000, "weightedAverageShsOutDil": 27710000, "link": "https://www.sec.gov/Archives/edgar/data/1058090/000156276224000023/0001562762-24-000023-index.htm", "finalLink": "https://www.sec.gov/Archives/edgar/data/1058090/000156276224000023/cmg-20231231x10k.htm", "calculatedOtherExpenses": 394695000, "calculatedOperatingExpenses": 1028279000, "calculatedNetInterest": 62693000, "calculatedOtherIncome": 0, "calculatedIncomeNonControlling": 0, "calculatedEbitda": 1877207000}, {"date": "2022-12-31", "symbol": "CMG", "reportedCurrency": "USD", "cik": "0001058090", "fillingDate": "2023-02-09", "acceptedDate": "2023-02-08 20:00:47", "calendarYear": "2022", "period": "FY", "revenue": 8634652000, "costOfRevenue": 6572533000, "grossProfit": 2062119000, "grossProfitRatio": 0.2388190051, "researchAndDevelopmentExpenses": 0, "generalAndAdministrativeExpenses": 564191000, "sellingAndMarketingExpenses": 250673000, "sellingGeneralAndAdministrativeExpenses": 564191000, "otherExpenses": 316386000, "operatingExpenses": 880577000, "costAndExpenses": 7453110000, "interestIncome": 21128000, "interestExpense": 21128000, "depreciationAndAmortization": 329104000, "ebitda": 1489507000, "ebitdaratio": 0.1725034199, "operatingIncome": 1160403000, "operatingIncomeRatio": 0.1343890871, "totalOtherIncomeExpensesNet": 21128000, "incomeBeforeTax": 1181531000, "incomeBeforeTaxRatio": 0.1368359721, "incomeTaxExpense": 282430000, "netIncome": 899101000, "netIncomeRatio": 0.1041270685, "eps": 32.28, "epsdiluted": 32.04, "weightedAverageShsOut": 27851000, "weightedAverageShsOutDil": 28062000, "link": "https://www.sec.gov/Archives/edgar/data/1058090/000105809023000010/0001058090-23-000010-index.htm", "finalLink": "https://www.sec.gov/Archives/edgar/data/1058090/000105809023000010/cmg-20221231x10k.htm", "calculatedOtherExpenses": 337525000, "calculatedOperatingExpenses": 901716000, "calculatedNetInterest": 0, "calculatedOtherIncome": 21128000, "calculatedIncomeNonControlling": 0, "calculatedEbitda": 1489507000}, {"date": "2021-12-31", "symbol": "CMG", "reportedCurrency": "USD", "cik": "0001058090", "fillingDate": "2022-02-11", "acceptedDate": "2022-02-11 15:36:45", "calendarYear": "2021", "period": "FY", "revenue": 7547061000, "costOfRevenue": 5840052000, "grossProfit": 1707009000, "grossProfitRatio": 0.2261819535, "researchAndDevelopmentExpenses": 0, "generalAndAdministrativeExpenses": 606854000, "sellingAndMarketingExpenses": 222091000, "sellingGeneralAndAdministrativeExpenses": 606854000, "otherExpenses": 275921000, "operatingExpenses": 882775000, "costAndExpenses": 6722827000, "interestIncome": 7820000, "interestExpense": 0, "depreciationAndAmortization": 293239000, "ebitda": 1098182000, "ebitdaratio": 0.1455112129, "operatingIncome": 804943000, "operatingIncomeRatio": 0.1066564852, "totalOtherIncomeExpensesNet": 7820000, "incomeBeforeTax": 812763000, "incomeBeforeTaxRatio": 0.1076926502, "incomeTaxExpense": 159779000, "netIncome": 652984000, "netIncomeRatio": 0.0865216274, "eps": 23.21, "epsdiluted": 22.9, "weightedAverageShsOut": 28132000, "weightedAverageShsOutDil": 28511000, "link": "https://www.sec.gov/Archives/edgar/data/1058090/000105809022000011/0001058090-22-000011-index.htm", "finalLink": "https://www.sec.gov/Archives/edgar/data/1058090/000105809022000011/cmg-20211231x10k.htm", "calculatedOtherExpenses": 295212000, "calculatedOperatingExpenses": 902066000, "calculatedNetInterest": 7820000, "calculatedOtherIncome": 0, "calculatedIncomeNonControlling": 0, "calculatedEbitda": 1098182000}, {"date": "2020-12-31", "symbol": "CMG", "reportedCurrency": "USD", "cik": "0001058090", "fillingDate": "2021-02-10", "acceptedDate": "2021-02-09 21:59:51", "calendarYear": "2020", "period": "FY", "revenue": 5984634000, "costOfRevenue": 4943553000, "grossProfit": 1041081000, "grossProfitRatio": 0.173959009, "researchAndDevelopmentExpenses": 0, "generalAndAdministrativeExpenses": 466291000, "sellingAndMarketingExpenses": 222820000, "sellingGeneralAndAdministrativeExpenses": 466291000, "otherExpenses": 254049000, "operatingExpenses": 720340000, "costAndExpenses": 5663893000, "interestIncome": 3617000, "interestExpense": 0, "depreciationAndAmortization": 484226000, "ebitda": 774390000, "ebitdaratio": 0.1293963841, "operatingIncome": 290164000, "operatingIncomeRatio": 0.0484848363, "totalOtherIncomeExpensesNet": 3617000, "incomeBeforeTax": 293781000, "incomeBeforeTaxRatio": 0.0490892175, "incomeTaxExpense": -61985000, "netIncome": 355766000, "netIncomeRatio": 0.059446576, "eps": 12.74, "epsdiluted": 12.52, "weightedAverageShsOut": 27917000, "weightedAverageShsOutDil": 28416000, "link": "https://www.sec.gov/Archives/edgar/data/1058090/000105809021000010/0001058090-21-000010-index.htm", "finalLink": "https://www.sec.gov/Archives/edgar/data/1058090/000105809021000010/cmg-20201231x10k.htm", "calculatedOtherExpenses": 284626000, "calculatedOperatingExpenses": 750917000, "calculatedNetInterest": 3617000, "calculatedOtherIncome": 0, "calculatedIncomeNonControlling": 0, "calculatedEbitda": 774390000}, {"date": "2019-12-31", "symbol": "CMG", "reportedCurrency": "USD", "cik": "0001058090", "fillingDate": "2020-02-05", "acceptedDate": "2020-02-04 21:00:06", "calendarYear": "2019", "period": "FY", "revenue": 5586369000, "costOfRevenue": 4443879000, "grossProfit": 1142490000, "grossProfitRatio": 0.2045138801, "researchAndDevelopmentExpenses": 0, "generalAndAdministrativeExpenses": 451552000, "sellingAndMarketingExpenses": 168881000, "sellingGeneralAndAdministrativeExpenses": 451552000, "otherExpenses": 223886000, "operatingExpenses": 675438000, "costAndExpenses": 5119317000, "interestIncome": 14327000, "interestExpense": 0, "depreciationAndAmortization": 422918000, "ebitda": 866876000, "ebitdaratio": 0.1551770032, "operatingIncome": 443958000, "operatingIncomeRatio": 0.0794716568, "totalOtherIncomeExpensesNet": 14327000, "incomeBeforeTax": 458285000, "incomeBeforeTaxRatio": 0.0820362923, "incomeTaxExpense": 108127000, "netIncome": 350158000, "netIncomeRatio": 0.062680786, "eps": 12.62, "epsdiluted": 12.38, "weightedAverageShsOut": 27740000, "weightedAverageShsOutDil": 28295000, "link": "https://www.sec.gov/Archives/edgar/data/1058090/000105809020000010/0001058090-20-000010-index.htm", "finalLink": "https://www.sec.gov/Archives/edgar/data/1058090/000105809020000010/cmg-20191231x10k.htm", "calculatedOtherExpenses": 246980000, "calculatedOperatingExpenses": 698532000, "calculatedNetInterest": 14327000, "calculatedOtherIncome": 0, "calculatedIncomeNonControlling": 0, "calculatedEbitda": 866876000}, {"date": "2018-12-31", "symbol": "CMG", "reportedCurrency": "USD", "cik": "0001058090", "fillingDate": "2019-02-08", "acceptedDate": "2019-02-07 21:44:15", "calendarYear": "2018", "period": "FY", "revenue": 4864985000, "costOfRevenue": 3953993000, "grossProfit": 910992000, "grossProfitRatio": 0.1872548425, "researchAndDevelopmentExpenses": 0, "generalAndAdministrativeExpenses": 375460000, "sellingAndMarketingExpenses": 111695000, "sellingGeneralAndAdministrativeExpenses": 375460000, "otherExpenses": 210525000, "operatingExpenses": 585985000, "costAndExpenses": 4539978000, "interestIncome": 0, "interestExpense": 0, "depreciationAndAmortization": 201979000, "ebitda": 593625000, "ebitdaratio": 0.1220199035, "operatingIncome": 258368000, "operatingIncomeRatio": 0.0531076663, "totalOtherIncomeExpensesNet": -66639000, "incomeBeforeTax": 268436000, "incomeBeforeTaxRatio": 0.0551771485, "incomeTaxExpense": 91883000, "netIncome": 176553000, "netIncomeRatio": 0.0362905538, "eps": 6.35, "epsdiluted": 6.31, "weightedAverageShsOut": 27823000, "weightedAverageShsOutDil": 27962000, "link": "https://www.sec.gov/Archives/edgar/data/1058090/000105809019000007/0001058090-19-000007-index.htm", "finalLink": "https://www.sec.gov/Archives/edgar/data/1058090/000105809019000007/cmg-20181231x10k.htm", "calculatedOtherExpenses": 277164000, "calculatedOperatingExpenses": 652624000, "calculatedNetInterest": 0, "calculatedOtherIncome": 10068000, "calculatedIncomeNonControlling": 0, "calculatedEbitda": 460347000}, {"date": "2017-12-31", "symbol": "CMG", "reportedCurrency": "USD", "cik": "0001058090", "fillingDate": "2018-02-08", "acceptedDate": "2018-02-08 17:17:44", "calendarYear": "2017", "period": "FY", "revenue": 4476412000, "costOfRevenue": 3720196000, "grossProfit": 756216000, "grossProfitRatio": 0.1689335119, "researchAndDevelopmentExpenses": 0, "generalAndAdministrativeExpenses": 296388000, "sellingAndMarketingExpenses": 106345000, "sellingGeneralAndAdministrativeExpenses": 296388000, "otherExpenses": 175689000, "operatingExpenses": 472077000, "costAndExpenses": 4192273000, "interestIncome": 0, "interestExpense": 0, "depreciationAndAmortization": 163348000, "ebitda": 460832000, "ebitdaratio": 0.102946735, "operatingIncome": 270794000, "operatingIncomeRatio": 0.0604935381, "totalOtherIncomeExpensesNet": -13345000, "incomeBeforeTax": 275743000, "incomeBeforeTaxRatio": 0.0615991111, "incomeTaxExpense": 99490000, "netIncome": 176253000, "netIncomeRatio": 0.0393737216, "eps": 6.19, "epsdiluted": 6.17, "weightedAverageShsOut": 28491000, "weightedAverageShsOutDil": 28561000, "link": "https://www.sec.gov/Archives/edgar/data/1058090/000105809018000018/0001058090-18-000018-index.htm", "finalLink": "https://www.sec.gov/Archives/edgar/data/1058090/000105809018000018/cmg-20171231x10k.htm", "calculatedOtherExpenses": 189034000, "calculatedOperatingExpenses": 485422000, "calculatedNetInterest": 0, "calculatedOtherIncome": 4949000, "calculatedIncomeNonControlling": 0, "calculatedEbitda": 434142000}, {"date": "2016-12-31", "symbol": "CMG", "reportedCurrency": "USD", "cik": "0001058090", "fillingDate": "2017-02-07", "acceptedDate": "2017-02-06 19:05:02", "calendarYear": "2016", "period": "FY", "revenue": 3904384000, "costOfRevenue": 3406170000, "grossProfit": 498214000, "grossProfitRatio": 0.1276037398, "researchAndDevelopmentExpenses": 0, "generalAndAdministrativeExpenses": 276240000, "sellingAndMarketingExpenses": 102969000, "sellingGeneralAndAdministrativeExpenses": 276240000, "otherExpenses": 163530000, "operatingExpenses": 439770000, "costAndExpenses": 3845940000, "interestIncome": 0, "interestExpense": 4172000, "depreciationAndAmortization": 146368000, "ebitda": 228689000, "ebitdaratio": 0.0585723638, "operatingIncome": 34567000, "operatingIncomeRatio": 0.0088533812, "totalOtherIncomeExpensesNet": -23877000, "incomeBeforeTax": 38739000, "incomeBeforeTaxRatio": 0.0099219237, "incomeTaxExpense": 15801000, "netIncome": 22938000, "netIncomeRatio": 0.0058749344, "eps": 0.78, "epsdiluted": 0.77, "weightedAverageShsOut": 29265000, "weightedAverageShsOutDil": 29770000, "link": "https://www.sec.gov/Archives/edgar/data/1058090/000105809017000009/0001058090-17-000009-index.htm", "finalLink": "https://www.sec.gov/Archives/edgar/data/1058090/000105809017000009/cmg-20161231x10k.htm", "calculatedOtherExpenses": 187407000, "calculatedOperatingExpenses": 463647000, "calculatedNetInterest": -4172000, "calculatedOtherIncome": 8344000, "calculatedIncomeNonControlling": 0, "calculatedEbitda": 180935000}, {"date": "2015-12-31", "symbol": "CMG", "reportedCurrency": "USD", "cik": "0001058090", "fillingDate": "2016-02-05", "acceptedDate": "2016-02-04 20:00:11", "calendarYear": "2015", "period": "FY", "revenue": 4501223000, "costOfRevenue": 3326936000, "grossProfit": 1174287000, "grossProfitRatio": 0.2608817648, "researchAndDevelopmentExpenses": 0, "generalAndAdministrativeExpenses": 250214000, "sellingAndMarketingExpenses": 69257000, "sellingGeneralAndAdministrativeExpenses": 250214000, "otherExpenses": 147290000, "operatingExpenses": 397504000, "costAndExpenses": 3724440000, "interestIncome": 0, "interestExpense": 6278000, "depreciationAndAmortization": 130368000, "ebitda": 920345000, "ebitdaratio": 0.2044655419, "operatingIncome": 763589000, "operatingIncomeRatio": 0.16964034, "totalOtherIncomeExpensesNet": -13194000, "incomeBeforeTax": 769867000, "incomeBeforeTaxRatio": 0.171035072, "incomeTaxExpense": 294265000, "netIncome": 475602000, "netIncomeRatio": 0.1056606171, "eps": 15.3, "epsdiluted": 15.1, "weightedAverageShsOut": 31092000, "weightedAverageShsOutDil": 31494000, "link": "https://www.sec.gov/Archives/edgar/data/1058090/000105809016000058/0001058090-16-000058-index.htm", "finalLink": "https://www.sec.gov/Archives/edgar/data/1058090/000105809016000058/cmg-20151231x10k.htm", "calculatedOtherExpenses": 160484000, "calculatedOperatingExpenses": 410698000, "calculatedNetInterest": -6278000, "calculatedOtherIncome": 12556000, "calculatedIncomeNonControlling": 0, "calculatedEbitda": 893957000}, {"date": "2014-12-31", "symbol": "CMG", "reportedCurrency": "USD", "cik": "0001058090", "fillingDate": "2015-02-04", "acceptedDate": "2015-02-04 16:40:22", "calendarYear": "2014", "period": "FY", "revenue": 4108269000, "costOfRevenue": 2990513000, "grossProfit": 1117756000, "grossProfitRatio": 0.2720746864, "researchAndDevelopmentExpenses": 0, "generalAndAdministrativeExpenses": 273897000, "sellingAndMarketingExpenses": 57290000, "sellingGeneralAndAdministrativeExpenses": 273897000, "otherExpenses": 126083000, "operatingExpenses": 399980000, "costAndExpenses": 3390493000, "interestIncome": 0, "interestExpense": 3503000, "depreciationAndAmortization": 110474000, "ebitda": 835226000, "ebitdaratio": 0.2033036298, "operatingIncome": 710800000, "operatingIncomeRatio": 0.1730169081, "totalOtherIncomeExpensesNet": -6976000, "incomeBeforeTax": 714303000, "incomeBeforeTaxRatio": 0.1738695786, "incomeTaxExpense": 268929000, "netIncome": 445374000, "netIncomeRatio": 0.1084091621, "eps": 14.35, "epsdiluted": 14.13, "weightedAverageShsOut": 31038000, "weightedAverageShsOutDil": 31512000, "link": "https://www.sec.gov/Archives/edgar/data/1058090/000119312515033771/0001193125-15-033771-index.htm", "finalLink": "https://www.sec.gov/Archives/edgar/data/1058090/000119312515033771/d861905d10k.htm", "calculatedOtherExpenses": 133059000, "calculatedOperatingExpenses": 406956000, "calculatedNetInterest": -3503000, "calculatedOtherIncome": 7006000, "calculatedIncomeNonControlling": 0, "calculatedEbitda": 821274000}, {"date": "2013-12-31", "symbol": "CMG", "reportedCurrency": "USD", "cik": "0001058090", "fillingDate": "2014-02-05", "acceptedDate": "2014-02-04 20:22:21", "calendarYear": "2013", "period": "FY", "revenue": 3214591000, "costOfRevenue": 2359822000, "grossProfit": 854769000, "grossProfitRatio": 0.2659028785, "researchAndDevelopmentExpenses": 0, "generalAndAdministrativeExpenses": 203733000, "sellingAndMarketingExpenses": 44389000, "sellingGeneralAndAdministrativeExpenses": 203733000, "otherExpenses": 111565000, "operatingExpenses": 315298000, "costAndExpenses": 2675120000, "interestIncome": 0, "interestExpense": 1751000, "depreciationAndAmortization": 96054000, "ebitda": 642276000, "ebitdaratio": 0.1998002234, "operatingIncome": 532720000, "operatingIncomeRatio": 0.1657193715, "totalOtherIncomeExpensesNet": -6751000, "incomeBeforeTax": 534471000, "incomeBeforeTaxRatio": 0.1662640753, "incomeTaxExpense": 207033000, "netIncome": 327438000, "netIncomeRatio": 0.1018599256, "eps": 10.58, "epsdiluted": 10.47, "weightedAverageShsOut": 30957000, "weightedAverageShsOutDil": 31281000, "link": "https://www.sec.gov/Archives/edgar/data/1058090/000119312514035451/0001193125-14-035451-index.htm", "finalLink": "https://www.sec.gov/Archives/edgar/data/1058090/000119312514035451/d629534d10k.htm", "calculatedOtherExpenses": 118316000, "calculatedOperatingExpenses": 322049000, "calculatedNetInterest": -1751000, "calculatedOtherIncome": 3502000, "calculatedIncomeNonControlling": 0, "calculatedEbitda": 628774000}, {"date": "2012-12-31", "symbol": "CMG", "reportedCurrency": "USD", "cik": "0001058090", "fillingDate": "2013-02-08", "acceptedDate": "2013-02-08 17:19:53", "calendarYear": "2012", "period": "FY", "revenue": 2731224000, "costOfRevenue": 1990884000, "grossProfit": 740340000, "grossProfitRatio": 0.2710652806, "researchAndDevelopmentExpenses": 0, "generalAndAdministrativeExpenses": 183409000, "sellingAndMarketingExpenses": 34999000, "sellingGeneralAndAdministrativeExpenses": 183409000, "otherExpenses": 96039000, "operatingExpenses": 279448000, "costAndExpenses": 2270332000, "interestIncome": 0, "interestExpense": 1820000, "depreciationAndAmortization": 84130000, "ebitda": 550049000, "ebitdaratio": 0.2013928554, "operatingIncome": 455865000, "operatingIncomeRatio": 0.1669086827, "totalOtherIncomeExpensesNet": -5027000, "incomeBeforeTax": 457685000, "incomeBeforeTaxRatio": 0.1675750506, "incomeTaxExpense": 179685000, "netIncome": 278000000, "netIncomeRatio": 0.101785866, "eps": 8.82, "epsdiluted": 8.75, "weightedAverageShsOut": 31513000, "weightedAverageShsOutDil": 31783000, "link": "https://www.sec.gov/Archives/edgar/data/1058090/000119312513046377/0001193125-13-046377-index.htm", "finalLink": "https://www.sec.gov/Archives/edgar/data/1058090/000119312513046377/d445653d10k.htm", "calculatedOtherExpenses": 101066000, "calculatedOperatingExpenses": 284475000, "calculatedNetInterest": -1820000, "calculatedOtherIncome": 3640000, "calculatedIncomeNonControlling": 0, "calculatedEbitda": 539995000}, {"date": "2011-12-31", "symbol": "CMG", "reportedCurrency": "USD", "cik": "0001058090", "fillingDate": "2012-02-10", "acceptedDate": "2012-02-10 17:21:46", "calendarYear": "2011", "period": "FY", "revenue": 2269548000, "costOfRevenue": 1680321000, "grossProfit": 589227000, "grossProfitRatio": 0.2596230615, "researchAndDevelopmentExpenses": 0, "generalAndAdministrativeExpenses": 157921000, "sellingAndMarketingExpenses": 0, "sellingGeneralAndAdministrativeExpenses": 157921000, "otherExpenses": 74938000, "operatingExpenses": 232859000, "costAndExpenses": 1913180000, "interestIncome": 2088000, "interestExpense": 2945000, "depreciationAndAmortization": 74938000, "ebitda": 433394000, "ebitdaratio": 0.1909604908, "operatingIncome": 350562000, "operatingIncomeRatio": 0.1544633557, "totalOtherIncomeExpensesNet": -5806000, "incomeBeforeTax": 349705000, "incomeBeforeTaxRatio": 0.1540857475, "incomeTaxExpense": 134760000, "netIncome": 214945000, "netIncomeRatio": 0.0947082855, "eps": 6.89, "epsdiluted": 6.76, "weightedAverageShsOut": 31217000, "weightedAverageShsOutDil": 31775000, "link": "https://www.sec.gov/Archives/edgar/data/1058090/000119312512052969/0001193125-12-052969-index.htm", "finalLink": "https://www.sec.gov/Archives/edgar/data/1058090/000119312512052969/d280751d10k.htm", "calculatedOtherExpenses": 80744000, "calculatedOperatingExpenses": 238665000, "calculatedNetInterest": -857000, "calculatedOtherIncome": 0, "calculatedIncomeNonControlling": 0, "calculatedEbitda": 425500000}, {"date": "2010-12-31", "symbol": "CMG", "reportedCurrency": "USD", "cik": "0001058090", "fillingDate": "2011-02-17", "acceptedDate": "2011-02-17 15:19:20", "calendarYear": "2010", "period": "FY", "revenue": 1835922000, "costOfRevenue": 1346517000, "grossProfit": 489405000, "grossProfitRatio": 0.2665717825, "researchAndDevelopmentExpenses": 0, "generalAndAdministrativeExpenses": 126357000, "sellingAndMarketingExpenses": 0, "sellingGeneralAndAdministrativeExpenses": 126357000, "otherExpenses": 75217000, "operatingExpenses": 201574000, "costAndExpenses": 1548091000, "interestIncome": 1499000, "interestExpense": 269000, "depreciationAndAmortization": 68921000, "ebitda": 358251000, "ebitdaratio": 0.195134107, "operatingIncome": 287831000, "operatingIncomeRatio": 0.1567773576, "totalOtherIncomeExpensesNet": 1230000, "incomeBeforeTax": 289061000, "incomeBeforeTaxRatio": 0.1574473207, "incomeTaxExpense": 110080000, "netIncome": 178981000, "netIncomeRatio": 0.0974883465, "eps": 5.73, "epsdiluted": 5.64, "weightedAverageShsOut": 31234000, "weightedAverageShsOutDil": 31735000, "link": "https://www.sec.gov/Archives/edgar/data/1058090/000119312511039010/0001193125-11-039010-index.htm", "finalLink": "https://www.sec.gov/Archives/edgar/data/1058090/000119312511039010/d10k.htm", "calculatedOtherExpenses": 75217000, "calculatedOperatingExpenses": 201574000, "calculatedNetInterest": 1230000, "calculatedOtherIncome": 0, "calculatedIncomeNonControlling": 0, "calculatedEbitda": 356752000}, {"date": "2009-12-31", "symbol": "CMG", "reportedCurrency": "USD", "cik": "0001058090", "fillingDate": "2010-02-19", "acceptedDate": "2010-02-19 13:29:38", "calendarYear": "2009", "period": "FY", "revenue": 1518417000, "costOfRevenue": 1139898000, "grossProfit": 378519000, "grossProfitRatio": 0.2492852754, "researchAndDevelopmentExpenses": 0, "generalAndAdministrativeExpenses": 107550000, "sellingAndMarketingExpenses": 0, "sellingGeneralAndAdministrativeExpenses": 107550000, "otherExpenses": 67264000, "operatingExpenses": 174814000, "costAndExpenses": 1314712000, "interestIncome": 925000, "interestExpense": 405000, "depreciationAndAmortization": 61308000, "ebitda": 265938000, "ebitdaratio": 0.1751416113, "operatingIncome": 203705000, "operatingIncomeRatio": 0.134156164, "totalOtherIncomeExpensesNet": 520000, "incomeBeforeTax": 204225000, "incomeBeforeTaxRatio": 0.1344986259, "incomeTaxExpense": 77380000, "netIncome": 126845000, "netIncomeRatio": 0.083537658, "eps": 3.99, "epsdiluted": 3.95, "weightedAverageShsOut": 31766000, "weightedAverageShsOutDil": 32102000, "link": "https://www.sec.gov/Archives/edgar/data/1058090/000119312510035029/0001193125-10-035029-index.htm", "finalLink": "https://www.sec.gov/Archives/edgar/data/1058090/000119312510035029/d10k.htm", "calculatedOtherExpenses": 67264000, "calculatedOperatingExpenses": 174814000, "calculatedNetInterest": 520000, "calculatedOtherIncome": 0, "calculatedIncomeNonControlling": 0, "calculatedEbitda": 265013000}, {"date": "2008-12-31", "symbol": "CMG", "reportedCurrency": "USD", "cik": "0001058090", "fillingDate": "2009-02-19", "acceptedDate": "2009-02-19 17:25:05", "calendarYear": "2008", "period": "FY", "revenue": 1331968000, "costOfRevenue": 1045041000, "grossProfit": 286927000, "grossProfitRatio": 0.2154158358, "researchAndDevelopmentExpenses": 0, "generalAndAdministrativeExpenses": 100779000, "sellingAndMarketingExpenses": -11624000, "sellingGeneralAndAdministrativeExpenses": 89155000, "otherExpenses": 62109000, "operatingExpenses": 162888000, "costAndExpenses": 1207929000, "interestIncome": 3469000, "interestExpense": 302000, "depreciationAndAmortization": 52770000, "ebitda": 170939000, "ebitdaratio": 0.1283356657, "operatingIncome": 124039000, "operatingIncomeRatio": 0.0931246096, "totalOtherIncomeExpensesNet": 9339000, "incomeBeforeTax": 127206000, "incomeBeforeTaxRatio": 0.0955022943, "incomeTaxExpense": 49004000, "netIncome": 78202000, "netIncomeRatio": 0.0587116207, "eps": 2.39, "epsdiluted": 2.36, "weightedAverageShsOut": 32766000, "weightedAverageShsOutDil": 33146000, "link": "https://www.sec.gov/Archives/edgar/data/1058090/000119312509033199/0001193125-09-033199-index.htm", "finalLink": "https://www.sec.gov/Archives/edgar/data/1058090/000119312509033199/d10k.htm", "calculatedOtherExpenses": 73733000, "calculatedOperatingExpenses": 162888000, "calculatedNetInterest": 3167000, "calculatedOtherIncome": 0, "calculatedIncomeNonControlling": 0, "calculatedEbitda": 176809000}, {"date": "2007-12-31", "symbol": "CMG", "reportedCurrency": "USD", "cik": "0001058090", "fillingDate": "2008-02-26", "acceptedDate": "2008-02-26 16:41:24", "calendarYear": "2007", "period": "FY", "revenue": 1085782000, "costOfRevenue": 843213000, "grossProfit": 242569000, "grossProfitRatio": 0.2234048824, "researchAndDevelopmentExpenses": 0, "generalAndAdministrativeExpenses": 75038000, "sellingAndMarketingExpenses": 0, "sellingGeneralAndAdministrativeExpenses": 75038000, "otherExpenses": 49763000, "operatingExpenses": 124801000, "costAndExpenses": 968014000, "interestIncome": 6115000, "interestExpense": -296000, "depreciationAndAmortization": 43595000, "ebitda": 177116000, "ebitdaratio": 0.1631229842, "operatingIncome": 108183000, "operatingIncomeRatio": 0.0996360227, "totalOtherIncomeExpensesNet": -15753000, "incomeBeforeTax": 114002000, "incomeBeforeTaxRatio": 0.1049952937, "incomeTaxExpense": 43439000, "netIncome": 70563000, "netIncomeRatio": 0.0649881836, "eps": 2.16, "epsdiluted": 2.13, "weightedAverageShsOut": 32672000, "weightedAverageShsOutDil": 33146000, "link": "https://www.sec.gov/Archives/edgar/data/1058090/000119312508038764/0001193125-08-038764-index.htm", "finalLink": "https://www.sec.gov/Archives/edgar/data/1058090/000119312508038764/d10k.htm", "calculatedOtherExpenses": 59348000, "calculatedOperatingExpenses": 134386000, "calculatedNetInterest": 6411000, "calculatedOtherIncome": -592000, "calculatedIncomeNonControlling": 0, "calculatedEbitda": 151778000}, {"date": "2006-12-31", "symbol": "CMG", "reportedCurrency": "USD", "cik": "0001058090", "fillingDate": "2007-02-23", "acceptedDate": "2007-02-23 15:46:42", "calendarYear": "2006", "period": "FY", "revenue": 822930000, "costOfRevenue": 650681000, "grossProfit": 172249000, "grossProfitRatio": 0.2093118491, "researchAndDevelopmentExpenses": 0, "generalAndAdministrativeExpenses": 65284000, "sellingAndMarketingExpenses": 0, "sellingGeneralAndAdministrativeExpenses": 65284000, "otherExpenses": 45013000, "operatingExpenses": 110297000, "costAndExpenses": 760978000, "interestIncome": 6574000, "interestExpense": -271000, "depreciationAndAmortization": 34253000, "ebitda": 106965000, "ebitdaratio": 0.1299806788, "operatingIncome": 61952000, "operatingIncomeRatio": 0.0752822233, "totalOtherIncomeExpensesNet": -10760000, "incomeBeforeTax": 68255000, "incomeBeforeTaxRatio": 0.0829414409, "incomeTaxExpense": 26832000, "netIncome": 41423000, "netIncomeRatio": 0.0503359946, "eps": 1.29, "epsdiluted": 1.28, "weightedAverageShsOut": 32051000, "weightedAverageShsOutDil": 32465000, "link": "https://www.sec.gov/Archives/edgar/data/1058090/000119312507038325/0001193125-07-038325-index.htm", "finalLink": "https://www.sec.gov/Archives/edgar/data/1058090/000119312507038325/d10k.htm", "calculatedOtherExpenses": 45013000, "calculatedOperatingExpenses": 110297000, "calculatedNetInterest": 6845000, "calculatedOtherIncome": -542000, "calculatedIncomeNonControlling": 0, "calculatedEbitda": 96205000}, {"date": "2005-12-31", "symbol": "CMG", "reportedCurrency": "USD", "cik": "0001058090", "fillingDate": "2006-03-17", "acceptedDate": "2006-03-17 13:06:43", "calendarYear": "2005", "period": "FY", "revenue": 627695000, "costOfRevenue": 511621000, "grossProfit": 116074000, "grossProfitRatio": 0.1849210206, "researchAndDevelopmentExpenses": 0, "generalAndAdministrativeExpenses": 53935000, "sellingAndMarketingExpenses": 0, "sellingGeneralAndAdministrativeExpenses": 53935000, "otherExpenses": 31145000, "operatingExpenses": 85080000, "costAndExpenses": 596701000, "interestIncome": 36000, "interestExpense": -790000, "depreciationAndAmortization": 28026000, "ebitda": 62139000, "ebitdaratio": 0.0989955313, "operatingIncome": 30994000, "operatingIncomeRatio": 0.0493774843, "totalOtherIncomeExpensesNet": -3119000, "incomeBeforeTax": 30240000, "incomeBeforeTaxRatio": 0.0481762639, "incomeTaxExpense": -7456000, "netIncome": 37696000, "netIncomeRatio": 0.0600546444, "eps": 1.43, "epsdiluted": 1.43, "weightedAverageShsOut": 26281000, "weightedAverageShsOutDil": 26374000, "link": "https://www.sec.gov/Archives/edgar/data/1058090/000104746906003640/0001047469-06-003640-index.htm", "finalLink": "https://www.sec.gov/Archives/edgar/data/1058090/000104746906003640/a2168474z10-k.htm", "calculatedOtherExpenses": 31145000, "calculatedOperatingExpenses": 85080000, "calculatedNetInterest": 826000, "calculatedOtherIncome": -1580000, "calculatedIncomeNonControlling": 0, "calculatedEbitda": 59020000}, {"date": "2004-12-31", "symbol": "CMG", "reportedCurrency": "USD", "cik": "0001058090", "fillingDate": "2004-12-31", "acceptedDate": "2004-12-30 19:00:00", "calendarYear": "2004", "period": "FY", "revenue": 470721000, "costOfRevenue": 218422000, "grossProfit": 252299000, "grossProfitRatio": 0.5359841605, "researchAndDevelopmentExpenses": 0, "generalAndAdministrativeExpenses": 222713000, "sellingAndMarketingExpenses": 0, "sellingGeneralAndAdministrativeExpenses": 222713000, "otherExpenses": 23480000, "operatingExpenses": 246193000, "costAndExpenses": 464615000, "interestIncome": 0, "interestExpense": 0, "depreciationAndAmortization": 21802000, "ebitda": 29586000, "ebitdaratio": 0.0628525177, "operatingIncome": 6106000, "operatingIncomeRatio": 0.0129715904, "totalOtherIncomeExpensesNet": -1678000, "incomeBeforeTax": 6126000, "incomeBeforeTaxRatio": 0.0130140784, "incomeTaxExpense": -20000, "netIncome": 6126000, "netIncomeRatio": 0.0130140784, "eps": 0.24, "epsdiluted": 0.24, "weightedAverageShsOut": 25454000, "weightedAverageShsOutDil": 25454000, "link": "", "finalLink": "", "calculatedOtherExpenses": 23480000, "calculatedOperatingExpenses": 246193000, "calculatedNetInterest": 0, "calculatedOtherIncome": 20000, "calculatedIncomeNonControlling": 20000, "calculatedEbitda": 27908000}, {"date": "2003-12-31", "symbol": "CMG", "reportedCurrency": "USD", "cik": "0001058090", "fillingDate": "2003-12-31", "acceptedDate": "2003-12-30 19:00:00", "calendarYear": "2003", "period": "FY", "revenue": 315520000, "costOfRevenue": 0, "grossProfit": 315520000, "grossProfitRatio": 1, "researchAndDevelopmentExpenses": 0, "generalAndAdministrativeExpenses": 34189000, "sellingAndMarketingExpenses": 0, "sellingGeneralAndAdministrativeExpenses": 34189000, "otherExpenses": 15090000, "operatingExpenses": 49279000, "costAndExpenses": 49279000, "interestIncome": 0, "interestExpense": 0, "depreciationAndAmortization": 15090000, "ebitda": 281331000, "ebitdaratio": 0.8916423682, "operatingIncome": -7935000, "operatingIncomeRatio": -0.0251489604, "totalOtherIncomeExpensesNet": 221000, "incomeBeforeTax": -7714000, "incomeBeforeTaxRatio": -0.0244485294, "incomeTaxExpense": 274176000, "netIncome": -7714000, "netIncomeRatio": -0.0244485294, "eps": -0.34, "epsdiluted": -0.34, "weightedAverageShsOut": 22384000, "weightedAverageShsOutDil": 22384000, "link": "", "finalLink": "", "calculatedOtherExpenses": 289266000, "calculatedOperatingExpenses": 323455000, "calculatedNetInterest": 0, "calculatedOtherIncome": 221000, "calculatedIncomeNonControlling": -274176000, "calculatedEbitda": 7155000}, {"date": "2002-12-31", "symbol": "CMG", "reportedCurrency": "USD", "cik": "0001058090", "fillingDate": "2002-12-31", "acceptedDate": "2002-12-30 19:00:00", "calendarYear": "2002", "period": "FY", "revenue": 204645000, "costOfRevenue": 0, "grossProfit": 204645000, "grossProfitRatio": 1, "researchAndDevelopmentExpenses": 0, "generalAndAdministrativeExpenses": 25803000, "sellingAndMarketingExpenses": 0, "sellingGeneralAndAdministrativeExpenses": 25803000, "otherExpenses": 11260000, "operatingExpenses": 37063000, "costAndExpenses": 37063000, "interestIncome": 0, "interestExpense": 0, "depreciationAndAmortization": 11260000, "ebitda": 178842000, "ebitdaratio": 0.8739133622, "operatingIncome": -17632000, "operatingIncomeRatio": -0.0861589582, "totalOtherIncomeExpensesNet": 343000, "incomeBeforeTax": -17289000, "incomeBeforeTaxRatio": -0.084482885, "incomeTaxExpense": 185214000, "netIncome": -17289000, "netIncomeRatio": -0.084482885, "eps": -0.87, "epsdiluted": -0.87, "weightedAverageShsOut": 19931000, "weightedAverageShsOutDil": 19931000, "link": "", "finalLink": "", "calculatedOtherExpenses": 196474000, "calculatedOperatingExpenses": 222277000, "calculatedNetInterest": 0, "calculatedOtherIncome": 343000, "calculatedIncomeNonControlling": -185214000, "calculatedEbitda": -6372000}, {"date": "2001-12-31", "symbol": "CMG", "reportedCurrency": "USD", "cik": "0001058090", "fillingDate": "2001-12-31", "acceptedDate": "2001-12-30 19:00:00", "calendarYear": "2001", "period": "FY", "revenue": 131598000, "costOfRevenue": 0, "grossProfit": 131598000, "grossProfitRatio": 1, "researchAndDevelopmentExpenses": 0, "generalAndAdministrativeExpenses": 20687000, "sellingAndMarketingExpenses": 0, "sellingGeneralAndAdministrativeExpenses": 20687000, "otherExpenses": 8730000, "operatingExpenses": 29417000, "costAndExpenses": 29417000, "interestIncome": 0, "interestExpense": 0, "depreciationAndAmortization": 8730000, "ebitda": 110911000, "ebitdaratio": 0.8428015623, "operatingIncome": -24722000, "operatingIncomeRatio": -0.1878599979, "totalOtherIncomeExpensesNet": 722000, "incomeBeforeTax": -24000000, "incomeBeforeTaxRatio": -0.1823735923, "incomeTaxExpense": 126903000, "netIncome": -24000000, "netIncomeRatio": -0.1823735923, "eps": -1.49, "epsdiluted": -1.49, "weightedAverageShsOut": 16063000, "weightedAverageShsOutDil": 16063000, "link": "", "finalLink": "", "calculatedOtherExpenses": 135633000, "calculatedOperatingExpenses": 156320000, "calculatedNetInterest": 0, "calculatedOtherIncome": 722000, "calculatedIncomeNonControlling": -126903000, "calculatedEbitda": -15992000}]}