{"originalCurrency": "USD", "convertedCurrency": "USD", "report": [{"date": "2023-12-31", "symbol": "CMI", "reportedCurrency": "USD", "cik": "0000026172", "fillingDate": "2024-02-12", "acceptedDate": "2024-02-12 15:24:59", "calendarYear": "2023", "period": "FY", "revenue": 34065000000, "costOfRevenue": 25816000000, "grossProfit": 8249000000, "grossProfitRatio": 0.2421547042, "researchAndDevelopmentExpenses": 1500000000, "generalAndAdministrativeExpenses": 3208000000, "sellingAndMarketingExpenses": 0, "sellingGeneralAndAdministrativeExpenses": 3208000000, "otherExpenses": 9000000, "operatingExpenses": 6837000000, "costAndExpenses": 32653000000, "interestIncome": 239000000, "interestExpense": 375000000, "depreciationAndAmortization": 1024000000, "ebitda": 3023000000, "ebitdaratio": 0.0887421107, "operatingIncome": 1761000000, "operatingIncomeRatio": 0.0516952884, "totalOtherIncomeExpensesNet": 350000000, "incomeBeforeTax": 1626000000, "incomeBeforeTaxRatio": 0.0477322765, "incomeTaxExpense": 786000000, "netIncome": 735000000, "netIncomeRatio": 0.0215763981, "eps": 5.19, "epsdiluted": 5.15, "weightedAverageShsOut": 141700000, "weightedAverageShsOutDil": 142700000, "link": "https://www.sec.gov/Archives/edgar/data/26172/000002617224000012/0000026172-24-000012-index.htm", "finalLink": "https://www.sec.gov/Archives/edgar/data/26172/000002617224000012/cmi-20231231.htm", "calculatedOtherExpenses": 1780000000, "calculatedOperatingExpenses": 6488000000, "calculatedNetInterest": -136000000, "calculatedOtherIncome": 1000000, "calculatedIncomeNonControlling": 105000000, "calculatedEbitda": 2785000000}, {"date": "2022-12-31", "symbol": "CMI", "reportedCurrency": "USD", "cik": "0000026172", "fillingDate": "2023-02-14", "acceptedDate": "2023-02-14 15:15:10", "calendarYear": "2022", "period": "FY", "revenue": 28074000000, "costOfRevenue": 21355000000, "grossProfit": 6719000000, "grossProfitRatio": 0.239331766, "researchAndDevelopmentExpenses": 1278000000, "generalAndAdministrativeExpenses": 2649000000, "sellingAndMarketingExpenses": 38000000, "sellingGeneralAndAdministrativeExpenses": 2687000000, "otherExpenses": 174000000, "operatingExpenses": 4139000000, "costAndExpenses": 25494000000, "interestIncome": 49000000, "interestExpense": 199000000, "depreciationAndAmortization": 784000000, "ebitda": 3018000000, "ebitdaratio": 0.1075016029, "operatingIncome": 2234000000, "operatingIncomeRatio": 0.0795754079, "totalOtherIncomeExpensesNet": 585000000, "incomeBeforeTax": 2819000000, "incomeBeforeTaxRatio": 0.1004131937, "incomeTaxExpense": 636000000, "netIncome": 2151000000, "netIncomeRatio": 0.0766189357, "eps": 15.2, "epsdiluted": 15.12, "weightedAverageShsOut": 141500000, "weightedAverageShsOutDil": 142300000, "link": "https://www.sec.gov/Archives/edgar/data/26172/000002617223000005/0000026172-23-000005-index.htm", "finalLink": "https://www.sec.gov/Archives/edgar/data/26172/000002617223000005/cmi-20221231.htm", "calculatedOtherExpenses": 520000000, "calculatedOperatingExpenses": 4485000000, "calculatedNetInterest": -150000000, "calculatedOtherIncome": 735000000, "calculatedIncomeNonControlling": 32000000, "calculatedEbitda": 3018000000}, {"date": "2021-12-31", "symbol": "CMI", "reportedCurrency": "USD", "cik": "0000026172", "fillingDate": "2022-02-08", "acceptedDate": "2022-02-08 10:23:15", "calendarYear": "2021", "period": "FY", "revenue": 24021000000, "costOfRevenue": 18326000000, "grossProfit": 5695000000, "grossProfitRatio": 0.237084218, "researchAndDevelopmentExpenses": 1090000000, "generalAndAdministrativeExpenses": 2374000000, "sellingAndMarketingExpenses": 0, "sellingGeneralAndAdministrativeExpenses": 2374000000, "otherExpenses": 31000000, "operatingExpenses": 3495000000, "costAndExpenses": 21821000000, "interestIncome": 25000000, "interestExpense": 111000000, "depreciationAndAmortization": 156000000, "ebitda": 2862000000, "ebitdaratio": 0.1191457475, "operatingIncome": 2706000000, "operatingIncomeRatio": 0.11265143, "totalOtherIncomeExpensesNet": 45000000, "incomeBeforeTax": 2751000000, "incomeBeforeTaxRatio": 0.1145247908, "incomeTaxExpense": 587000000, "netIncome": 2131000000, "netIncomeRatio": 0.0887140419, "eps": 14.74, "epsdiluted": 14.61, "weightedAverageShsOut": 144600000, "weightedAverageShsOutDil": 145900000, "link": "https://www.sec.gov/Archives/edgar/data/26172/000002617222000008/0000026172-22-000008-index.htm", "finalLink": "https://www.sec.gov/Archives/edgar/data/26172/000002617222000008/cmi-20211231.htm", "calculatedOtherExpenses": -475000000, "calculatedOperatingExpenses": 2989000000, "calculatedNetInterest": -86000000, "calculatedOtherIncome": 131000000, "calculatedIncomeNonControlling": 33000000, "calculatedEbitda": 2862000000}, {"date": "2020-12-31", "symbol": "CMI", "reportedCurrency": "USD", "cik": "0000026172", "fillingDate": "2021-02-10", "acceptedDate": "2021-02-10 10:48:44", "calendarYear": "2020", "period": "FY", "revenue": 19811000000, "costOfRevenue": 14917000000, "grossProfit": 4894000000, "grossProfitRatio": 0.2470344758, "researchAndDevelopmentExpenses": 906000000, "generalAndAdministrativeExpenses": 0, "sellingAndMarketingExpenses": 0, "sellingGeneralAndAdministrativeExpenses": 2125000000, "otherExpenses": 46000000, "operatingExpenses": 3077000000, "costAndExpenses": 17994000000, "interestIncome": 74000000, "interestExpense": 100000000, "depreciationAndAmortization": 673000000, "ebitda": 2438000000, "ebitdaratio": 0.1230629448, "operatingIncome": 1765000000, "operatingIncomeRatio": 0.0890919186, "totalOtherIncomeExpensesNet": 573000000, "incomeBeforeTax": 2338000000, "incomeBeforeTaxRatio": 0.1180152441, "incomeTaxExpense": 527000000, "netIncome": 1789000000, "netIncomeRatio": 0.0903033668, "eps": 12.07, "epsdiluted": 12.01, "weightedAverageShsOut": 148200000, "weightedAverageShsOutDil": 149000000, "link": "https://www.sec.gov/Archives/edgar/data/26172/000002617221000012/0000026172-21-000012-index.htm", "finalLink": "https://www.sec.gov/Archives/edgar/data/26172/000002617221000012/cmi-20201231.htm", "calculatedOtherExpenses": 98000000, "calculatedOperatingExpenses": 3129000000, "calculatedNetInterest": -26000000, "calculatedOtherIncome": 599000000, "calculatedIncomeNonControlling": 22000000, "calculatedEbitda": 2438000000}, {"date": "2019-12-31", "symbol": "CMI", "reportedCurrency": "USD", "cik": "0000026172", "fillingDate": "2020-02-11", "acceptedDate": "2020-02-11 13:46:32", "calendarYear": "2019", "period": "FY", "revenue": 23571000000, "costOfRevenue": 17591000000, "grossProfit": 5980000000, "grossProfitRatio": 0.2537015825, "researchAndDevelopmentExpenses": 1001000000, "generalAndAdministrativeExpenses": 0, "sellingAndMarketingExpenses": 0, "sellingGeneralAndAdministrativeExpenses": 2454000000, "otherExpenses": 36000000, "operatingExpenses": 3491000000, "costAndExpenses": 21082000000, "interestIncome": 46000000, "interestExpense": 109000000, "depreciationAndAmortization": 362000000, "ebitda": 3062000000, "ebitdaratio": 0.1299053922, "operatingIncome": 2700000000, "operatingIncomeRatio": 0.1145475372, "totalOtherIncomeExpensesNet": 134000000, "incomeBeforeTax": 2834000000, "incomeBeforeTaxRatio": 0.1202324891, "incomeTaxExpense": 566000000, "netIncome": 2260000000, "netIncomeRatio": 0.0958805312, "eps": 14.54, "epsdiluted": 14.48, "weightedAverageShsOut": 155400000, "weightedAverageShsOutDil": 156100000, "link": "https://www.sec.gov/Archives/edgar/data/26172/000002617220000009/0000026172-20-000009-index.htm", "finalLink": "https://www.sec.gov/Archives/edgar/data/26172/000002617220000009/cmi201910-kdocument.htm", "calculatedOtherExpenses": -175000000, "calculatedOperatingExpenses": 3280000000, "calculatedNetInterest": -63000000, "calculatedOtherIncome": 197000000, "calculatedIncomeNonControlling": 8000000, "calculatedEbitda": 3062000000}, {"date": "2018-12-31", "symbol": "CMI", "reportedCurrency": "USD", "cik": "0000026172", "fillingDate": "2019-02-11", "acceptedDate": "2019-02-11 17:06:33", "calendarYear": "2018", "period": "FY", "revenue": 23771000000, "costOfRevenue": 18034000000, "grossProfit": 5737000000, "grossProfitRatio": 0.2413444954, "researchAndDevelopmentExpenses": 902000000, "generalAndAdministrativeExpenses": 0, "sellingAndMarketingExpenses": 0, "sellingGeneralAndAdministrativeExpenses": 2437000000, "otherExpenses": 46000000, "operatingExpenses": 3345000000, "costAndExpenses": 21379000000, "interestIncome": 35000000, "interestExpense": 114000000, "depreciationAndAmortization": 611000000, "ebitda": 2867000000, "ebitdaratio": 0.1206091456, "operatingIncome": 2786000000, "operatingIncomeRatio": 0.1172016322, "totalOtherIncomeExpensesNet": 440000000, "incomeBeforeTax": 2753000000, "incomeBeforeTaxRatio": 0.1158133861, "incomeTaxExpense": 566000000, "netIncome": 2141000000, "netIncomeRatio": 0.0900677296, "eps": 13.2, "epsdiluted": 13.15, "weightedAverageShsOut": 162200000, "weightedAverageShsOutDil": 162800000, "link": "https://www.sec.gov/Archives/edgar/data/26172/000002617219000009/0000026172-19-000009-index.htm", "finalLink": "https://www.sec.gov/Archives/edgar/data/26172/000002617219000009/cmi201810-kdocument.htm", "calculatedOtherExpenses": -388000000, "calculatedOperatingExpenses": 2951000000, "calculatedNetInterest": -79000000, "calculatedOtherIncome": 46000000, "calculatedIncomeNonControlling": 46000000, "calculatedEbitda": 3397000000}, {"date": "2017-12-31", "symbol": "CMI", "reportedCurrency": "USD", "cik": "0000026172", "fillingDate": "2018-02-14", "acceptedDate": "2018-02-14 15:35:05", "calendarYear": "2017", "period": "FY", "revenue": 20428000000, "costOfRevenue": 15338000000, "grossProfit": 5090000000, "grossProfitRatio": 0.2491678089, "researchAndDevelopmentExpenses": 752000000, "generalAndAdministrativeExpenses": 0, "sellingAndMarketingExpenses": 0, "sellingGeneralAndAdministrativeExpenses": 2390000000, "otherExpenses": 63000000, "operatingExpenses": 3077000000, "costAndExpenses": 18415000000, "interestIncome": 18000000, "interestExpense": 81000000, "depreciationAndAmortization": 583000000, "ebitda": 2451000000, "ebitdaratio": 0.1199823771, "operatingIncome": 2365000000, "operatingIncomeRatio": 0.1157724692, "totalOtherIncomeExpensesNet": 415000000, "incomeBeforeTax": 2365000000, "incomeBeforeTaxRatio": 0.1157724692, "incomeTaxExpense": 1371000000, "netIncome": 999000000, "netIncomeRatio": 0.0489034658, "eps": 6, "epsdiluted": 5.97, "weightedAverageShsOut": 166600000, "weightedAverageShsOutDil": 167300000, "link": "https://www.sec.gov/Archives/edgar/data/26172/000002617218000011/0000026172-18-000011-index.htm", "finalLink": "https://www.sec.gov/Archives/edgar/data/26172/000002617218000011/cmi2017final10-kdocume.htm", "calculatedOtherExpenses": -417000000, "calculatedOperatingExpenses": 2725000000, "calculatedNetInterest": -63000000, "calculatedOtherIncome": 63000000, "calculatedIncomeNonControlling": -5000000, "calculatedEbitda": 2948000000}, {"date": "2016-12-31", "symbol": "CMI", "reportedCurrency": "USD", "cik": "0000026172", "fillingDate": "2017-02-13", "acceptedDate": "2017-02-13 14:08:52", "calendarYear": "2016", "period": "FY", "revenue": 17509000000, "costOfRevenue": 13057000000, "grossProfit": 4452000000, "grossProfitRatio": 0.254269233, "researchAndDevelopmentExpenses": 636000000, "generalAndAdministrativeExpenses": 0, "sellingAndMarketingExpenses": 0, "sellingGeneralAndAdministrativeExpenses": 2046000000, "otherExpenses": 48000000, "operatingExpenses": 2687000000, "costAndExpenses": 15744000000, "interestIncome": 23000000, "interestExpense": 69000000, "depreciationAndAmortization": 530000000, "ebitda": 2137000000, "ebitdaratio": 0.1220515164, "operatingIncome": 1928000000, "operatingIncomeRatio": 0.1101147981, "totalOtherIncomeExpensesNet": 211000000, "incomeBeforeTax": 1930000000, "incomeBeforeTaxRatio": 0.1102290251, "incomeTaxExpense": 474000000, "netIncome": 1394000000, "netIncomeRatio": 0.0796161974, "eps": 8.25, "epsdiluted": 8.23, "weightedAverageShsOut": 169000000, "weightedAverageShsOutDil": 169300000, "link": "https://www.sec.gov/Archives/edgar/data/26172/000002617217000007/0000026172-17-000007-index.htm", "finalLink": "https://www.sec.gov/Archives/edgar/data/26172/000002617217000007/cmi2016final10-kdocument.htm", "calculatedOtherExpenses": -158000000, "calculatedOperatingExpenses": 2524000000, "calculatedNetInterest": -46000000, "calculatedOtherIncome": 48000000, "calculatedIncomeNonControlling": 62000000, "calculatedEbitda": 2458000000}, {"date": "2015-12-31", "symbol": "CMI", "reportedCurrency": "USD", "cik": "0000026172", "fillingDate": "2016-02-12", "acceptedDate": "2016-02-12 16:56:03", "calendarYear": "2015", "period": "FY", "revenue": 19110000000, "costOfRevenue": 14163000000, "grossProfit": 4947000000, "grossProfitRatio": 0.2588697017, "researchAndDevelopmentExpenses": 735000000, "generalAndAdministrativeExpenses": 0, "sellingAndMarketingExpenses": 0, "sellingGeneralAndAdministrativeExpenses": 2092000000, "otherExpenses": 9000000, "operatingExpenses": 2904000000, "costAndExpenses": 17067000000, "interestIncome": 24000000, "interestExpense": 65000000, "depreciationAndAmortization": 514000000, "ebitda": 2391000000, "ebitdaratio": 0.1251177394, "operatingIncome": 2057000000, "operatingIncomeRatio": 0.1076399791, "totalOtherIncomeExpensesNet": 23000000, "incomeBeforeTax": 2025000000, "incomeBeforeTaxRatio": 0.1059654631, "incomeTaxExpense": 555000000, "netIncome": 1399000000, "netIncomeRatio": 0.0732077446, "eps": 7.86, "epsdiluted": 7.84, "weightedAverageShsOut": 178000000, "weightedAverageShsOutDil": 178400000, "link": "https://www.sec.gov/Archives/edgar/data/26172/000002617216000033/0000026172-16-000033-index.htm", "finalLink": "https://www.sec.gov/Archives/edgar/data/26172/000002617216000033/cmi2015final10-kdocument.htm", "calculatedOtherExpenses": 63000000, "calculatedOperatingExpenses": 2890000000, "calculatedNetInterest": -41000000, "calculatedOtherIncome": 9000000, "calculatedIncomeNonControlling": 71000000, "calculatedEbitda": 2571000000}, {"date": "2014-12-31", "symbol": "CMI", "reportedCurrency": "USD", "cik": "0000026172", "fillingDate": "2015-02-17", "acceptedDate": "2015-02-17 13:19:48", "calendarYear": "2014", "period": "FY", "revenue": 19221000000, "costOfRevenue": 14360000000, "grossProfit": 4861000000, "grossProfitRatio": 0.2529004734, "researchAndDevelopmentExpenses": 754000000, "generalAndAdministrativeExpenses": 0, "sellingAndMarketingExpenses": 0, "sellingGeneralAndAdministrativeExpenses": 2095000000, "otherExpenses": 110000000, "operatingExpenses": 2866000000, "costAndExpenses": 17226000000, "interestIncome": 23000000, "interestExpense": 64000000, "depreciationAndAmortization": 455000000, "ebitda": 2498000000, "ebitdaratio": 0.1299620207, "operatingIncome": 2365000000, "operatingIncomeRatio": 0.1230425056, "totalOtherIncomeExpensesNet": 480000000, "incomeBeforeTax": 2434000000, "incomeBeforeTaxRatio": 0.1266323292, "incomeTaxExpense": 698000000, "netIncome": 1651000000, "netIncomeRatio": 0.085895635, "eps": 9.04, "epsdiluted": 9.02, "weightedAverageShsOut": 182700000, "weightedAverageShsOutDil": 183100000, "link": "https://www.sec.gov/Archives/edgar/data/26172/000002617215000007/0000026172-15-000007-index.htm", "finalLink": "https://www.sec.gov/Archives/edgar/data/26172/000002617215000007/cmi2014currentq410-kdocume.htm", "calculatedOtherExpenses": -353000000, "calculatedOperatingExpenses": 2496000000, "calculatedNetInterest": -41000000, "calculatedOtherIncome": 110000000, "calculatedIncomeNonControlling": 85000000, "calculatedEbitda": 2820000000}, {"date": "2013-12-31", "symbol": "CMI", "reportedCurrency": "USD", "cik": "0000026172", "fillingDate": "2014-02-18", "acceptedDate": "2014-02-18 14:43:01", "calendarYear": "2013", "period": "FY", "revenue": 17301000000, "costOfRevenue": 12918000000, "grossProfit": 4383000000, "grossProfitRatio": 0.2533379573, "researchAndDevelopmentExpenses": 713000000, "generalAndAdministrativeExpenses": 0, "sellingAndMarketingExpenses": 0, "sellingGeneralAndAdministrativeExpenses": 1920000000, "otherExpenses": 32000000, "operatingExpenses": 2643000000, "costAndExpenses": 15561000000, "interestIncome": 27000000, "interestExpense": 41000000, "depreciationAndAmortization": 407000000, "ebitda": 2160000000, "ebitdaratio": 0.1248482747, "operatingIncome": 2101000000, "operatingIncomeRatio": 0.1214380672, "totalOtherIncomeExpensesNet": 393000000, "incomeBeforeTax": 2119000000, "incomeBeforeTaxRatio": 0.1224784695, "incomeTaxExpense": 531000000, "netIncome": 1483000000, "netIncomeRatio": 0.0857175886, "eps": 7.93, "epsdiluted": 7.91, "weightedAverageShsOut": 187000000, "weightedAverageShsOutDil": 187400000, "link": "https://www.sec.gov/Archives/edgar/data/26172/000002617214000008/0000026172-14-000008-index.htm", "finalLink": "https://www.sec.gov/Archives/edgar/data/26172/000002617214000008/cmi1231201310k.htm", "calculatedOtherExpenses": -351000000, "calculatedOperatingExpenses": 2282000000, "calculatedNetInterest": -14000000, "calculatedOtherIncome": 32000000, "calculatedIncomeNonControlling": 105000000, "calculatedEbitda": 2508000000}, {"date": "2012-12-31", "symbol": "CMI", "reportedCurrency": "USD", "cik": "0000026172", "fillingDate": "2013-02-20", "acceptedDate": "2013-02-20 10:57:47", "calendarYear": "2012", "period": "FY", "revenue": 17334000000, "costOfRevenue": 12826000000, "grossProfit": 4508000000, "grossProfitRatio": 0.2600669205, "researchAndDevelopmentExpenses": 728000000, "generalAndAdministrativeExpenses": 0, "sellingAndMarketingExpenses": 0, "sellingGeneralAndAdministrativeExpenses": 1900000000, "otherExpenses": 24000000, "operatingExpenses": 2644000000, "costAndExpenses": 15470000000, "interestIncome": 25000000, "interestExpense": 32000000, "depreciationAndAmortization": 361000000, "ebitda": 2297000000, "ebitdaratio": 0.1325141341, "operatingIncome": 2254000000, "operatingIncomeRatio": 0.1300334603, "totalOtherIncomeExpensesNet": 414000000, "incomeBeforeTax": 2271000000, "incomeBeforeTaxRatio": 0.1310141918, "incomeTaxExpense": 533000000, "netIncome": 1645000000, "netIncomeRatio": 0.0949001961, "eps": 8.69, "epsdiluted": 8.67, "weightedAverageShsOut": 189300000, "weightedAverageShsOutDil": 189700000, "link": "https://www.sec.gov/Archives/edgar/data/26172/000104746913001297/0001047469-13-001297-index.htm", "finalLink": "https://www.sec.gov/Archives/edgar/data/26172/000104746913001297/a2212392z10-k.htm", "calculatedOtherExpenses": -374000000, "calculatedOperatingExpenses": 2254000000, "calculatedNetInterest": -7000000, "calculatedOtherIncome": 24000000, "calculatedIncomeNonControlling": 93000000, "calculatedEbitda": 2615000000}, {"date": "2011-12-31", "symbol": "CMI", "reportedCurrency": "USD", "cik": "0000026172", "fillingDate": "2012-02-21", "acceptedDate": "2012-02-21 06:02:55", "calendarYear": "2011", "period": "FY", "revenue": 18048000000, "costOfRevenue": 13459000000, "grossProfit": 4589000000, "grossProfitRatio": 0.2542664007, "researchAndDevelopmentExpenses": 629000000, "generalAndAdministrativeExpenses": 0, "sellingAndMarketingExpenses": 0, "sellingGeneralAndAdministrativeExpenses": 1837000000, "otherExpenses": 0, "operatingExpenses": 1908000000, "costAndExpenses": 15367000000, "interestIncome": 34000000, "interestExpense": 44000000, "depreciationAndAmortization": 325000000, "ebitda": 2715000000, "ebitdaratio": 0.1504321809, "operatingIncome": 2681000000, "operatingIncomeRatio": 0.1485483156, "totalOtherIncomeExpensesNet": 558000000, "incomeBeforeTax": 2671000000, "incomeBeforeTaxRatio": 0.1479942376, "incomeTaxExpense": 725000000, "netIncome": 1848000000, "netIncomeRatio": 0.102393617, "eps": 9.58, "epsdiluted": 9.55, "weightedAverageShsOut": 193000000, "weightedAverageShsOutDil": 193600000, "link": "https://www.sec.gov/Archives/edgar/data/26172/000104746912001182/0001047469-12-001182-index.htm", "finalLink": "https://www.sec.gov/Archives/edgar/data/26172/000104746912001182/a2206691z10-k.htm", "calculatedOtherExpenses": -558000000, "calculatedOperatingExpenses": 1908000000, "calculatedNetInterest": -10000000, "calculatedOtherIncome": 0, "calculatedIncomeNonControlling": 98000000, "calculatedEbitda": 3006000000}, {"date": "2010-12-31", "symbol": "CMI", "reportedCurrency": "USD", "cik": "0000026172", "fillingDate": "2011-02-24", "acceptedDate": "2011-02-24 12:32:07", "calendarYear": "2010", "period": "FY", "revenue": 13226000000, "costOfRevenue": 10058000000, "grossProfit": 3168000000, "grossProfitRatio": 0.239528202, "researchAndDevelopmentExpenses": 414000000, "generalAndAdministrativeExpenses": 0, "sellingAndMarketingExpenses": 0, "sellingGeneralAndAdministrativeExpenses": 1487000000, "otherExpenses": 0, "operatingExpenses": 2236000000, "costAndExpenses": 12294000000, "interestIncome": 21000000, "interestExpense": 40000000, "depreciationAndAmortization": 320000000, "ebitda": 1623000000, "ebitdaratio": 0.1227128383, "operatingIncome": 1602000000, "operatingIncomeRatio": 0.1211250567, "totalOtherIncomeExpensesNet": 34000000, "incomeBeforeTax": 1617000000, "incomeBeforeTaxRatio": 0.1222591865, "incomeTaxExpense": 477000000, "netIncome": 1040000000, "netIncomeRatio": 0.0786329956, "eps": 5.29, "epsdiluted": 5.28, "weightedAverageShsOut": 196700000, "weightedAverageShsOutDil": 197100000, "link": "https://www.sec.gov/Archives/edgar/data/26172/000104746911001252/0001047469-11-001252-index.htm", "finalLink": "https://www.sec.gov/Archives/edgar/data/26172/000104746911001252/a2201977z10-k.htm", "calculatedOtherExpenses": -335000000, "calculatedOperatingExpenses": 1566000000, "calculatedNetInterest": -19000000, "calculatedOtherIncome": 34000000, "calculatedIncomeNonControlling": 100000000, "calculatedEbitda": 1922000000}, {"date": "2009-12-31", "symbol": "CMI", "reportedCurrency": "USD", "cik": "0000026172", "fillingDate": "2010-02-26", "acceptedDate": "2010-02-25 18:45:41", "calendarYear": "2009", "period": "FY", "revenue": 10800000000, "costOfRevenue": 8631000000, "grossProfit": 2169000000, "grossProfitRatio": 0.2008333333, "researchAndDevelopmentExpenses": 362000000, "generalAndAdministrativeExpenses": 0, "sellingAndMarketingExpenses": 0, "sellingGeneralAndAdministrativeExpenses": 1239000000, "otherExpenses": 213000000, "operatingExpenses": 1814000000, "costAndExpenses": 10445000000, "interestIncome": 8000000, "interestExpense": 35000000, "depreciationAndAmortization": 326000000, "ebitda": 789000000, "ebitdaratio": 0.0730555556, "operatingIncome": 682000000, "operatingIncomeRatio": 0.0631481481, "totalOtherIncomeExpensesNet": -114000000, "incomeBeforeTax": 640000000, "incomeBeforeTaxRatio": 0.0592592593, "incomeTaxExpense": 156000000, "netIncome": 428000000, "netIncomeRatio": 0.0396296296, "eps": 2.17, "epsdiluted": 2.16, "weightedAverageShsOut": 197400000, "weightedAverageShsOutDil": 197700000, "link": "https://www.sec.gov/Archives/edgar/data/26172/000104746910001435/0001047469-10-001435-index.htm", "finalLink": "https://www.sec.gov/Archives/edgar/data/26172/000104746910001435/a2196405z10-k.htm", "calculatedOtherExpenses": -114000000, "calculatedOperatingExpenses": 1487000000, "calculatedNetInterest": -27000000, "calculatedOtherIncome": -15000000, "calculatedIncomeNonControlling": 56000000, "calculatedEbitda": 1008000000}, {"date": "2008-12-31", "symbol": "CMI", "reportedCurrency": "USD", "cik": "0000026172", "fillingDate": "2009-02-27", "acceptedDate": "2009-02-27 13:42:23", "calendarYear": "2008", "period": "FY", "revenue": 14342000000, "costOfRevenue": 11402000000, "grossProfit": 2940000000, "grossProfitRatio": 0.2049923302, "researchAndDevelopmentExpenses": 422000000, "generalAndAdministrativeExpenses": 0, "sellingAndMarketingExpenses": 0, "sellingGeneralAndAdministrativeExpenses": 1450000000, "otherExpenses": -241000000, "operatingExpenses": 1631000000, "costAndExpenses": 13033000000, "interestIncome": 18000000, "interestExpense": 42000000, "depreciationAndAmortization": 314000000, "ebitda": 1641000000, "ebitdaratio": 0.1144191884, "operatingIncome": 1272000000, "operatingIncomeRatio": 0.0886905592, "totalOtherIncomeExpensesNet": -107000000, "incomeBeforeTax": 1178000000, "incomeBeforeTaxRatio": 0.0821363827, "incomeTaxExpense": 360000000, "netIncome": 755000000, "netIncomeRatio": 0.0526425882, "eps": 3.87, "epsdiluted": 3.84, "weightedAverageShsOut": 194958370, "weightedAverageShsOutDil": 196530548, "link": "https://www.sec.gov/Archives/edgar/data/26172/000104746909001963/0001047469-09-001963-index.htm", "finalLink": "https://www.sec.gov/Archives/edgar/data/26172/000104746909001963/a2190162z10-k.htm", "calculatedOtherExpenses": -204000000, "calculatedOperatingExpenses": 1668000000, "calculatedNetInterest": -24000000, "calculatedOtherIncome": -70000000, "calculatedIncomeNonControlling": 63000000, "calculatedEbitda": 1586000000}, {"date": "2007-12-31", "symbol": "CMI", "reportedCurrency": "USD", "cik": "0000026172", "fillingDate": "2008-02-26", "acceptedDate": "2008-02-26 16:02:46", "calendarYear": "2007", "period": "FY", "revenue": 13048000000, "costOfRevenue": 10492000000, "grossProfit": 2556000000, "grossProfitRatio": 0.1958920907, "researchAndDevelopmentExpenses": 329000000, "generalAndAdministrativeExpenses": 0, "sellingAndMarketingExpenses": 0, "sellingGeneralAndAdministrativeExpenses": 1296000000, "otherExpenses": -227000000, "operatingExpenses": 1398000000, "costAndExpenses": 11890000000, "interestIncome": 36000000, "interestExpense": 58000000, "depreciationAndAmortization": 290000000, "ebitda": 1393000000, "ebitdaratio": 0.1067596567, "operatingIncome": 1158000000, "operatingIncomeRatio": 0.0887492336, "totalOtherIncomeExpensesNet": 260000000, "incomeBeforeTax": 1169000000, "incomeBeforeTaxRatio": 0.0895922747, "incomeTaxExpense": 381000000, "netIncome": 739000000, "netIncomeRatio": 0.0566370325, "eps": 3.72, "epsdiluted": 3.7, "weightedAverageShsOut": 198655914, "weightedAverageShsOutDil": 199729730, "link": "https://www.sec.gov/Archives/edgar/data/26172/000104746908001743/0001047469-08-001743-index.htm", "finalLink": "https://www.sec.gov/Archives/edgar/data/26172/000104746908001743/a2182909z10-k.htm", "calculatedOtherExpenses": -227000000, "calculatedOperatingExpenses": 1398000000, "calculatedNetInterest": -22000000, "calculatedOtherIncome": 33000000, "calculatedIncomeNonControlling": 49000000, "calculatedEbitda": 1448000000}, {"date": "2006-12-31", "symbol": "CMI", "reportedCurrency": "USD", "cik": "0000026172", "fillingDate": "2007-02-27", "acceptedDate": "2007-02-27 13:55:16", "calendarYear": "2006", "period": "FY", "revenue": 11362000000, "costOfRevenue": 8767000000, "grossProfit": 2595000000, "grossProfitRatio": 0.2283928886, "researchAndDevelopmentExpenses": 321000000, "generalAndAdministrativeExpenses": 0, "sellingAndMarketingExpenses": 0, "sellingGeneralAndAdministrativeExpenses": 1283000000, "otherExpenses": -140000000, "operatingExpenses": 1464000000, "costAndExpenses": 10231000000, "interestIncome": -47000000, "interestExpense": 96000000, "depreciationAndAmortization": 296000000, "ebitda": 1426000000, "ebitdaratio": 0.1255060729, "operatingIncome": 1131000000, "operatingIncomeRatio": 0.0995423341, "totalOtherIncomeExpensesNet": 141000000, "incomeBeforeTax": 1083000000, "incomeBeforeTaxRatio": 0.0953177258, "incomeTaxExpense": 324000000, "netIncome": 715000000, "netIncomeRatio": 0.0629290618, "eps": 3.75, "epsdiluted": 3.55, "weightedAverageShsOut": 190412783, "weightedAverageShsOutDil": 201266714, "link": "https://www.sec.gov/Archives/edgar/data/26172/000110465907014278/0001104659-07-014278-index.htm", "finalLink": "https://www.sec.gov/Archives/edgar/data/26172/000110465907014278/a07-4988_110k.htm", "calculatedOtherExpenses": -140000000, "calculatedOperatingExpenses": 1464000000, "calculatedNetInterest": -143000000, "calculatedOtherIncome": 95000000, "calculatedIncomeNonControlling": 44000000, "calculatedEbitda": 1427000000}, {"date": "2005-12-31", "symbol": "CMI", "reportedCurrency": "USD", "cik": "0000026172", "fillingDate": "2006-02-28", "acceptedDate": "2006-02-28 17:28:04", "calendarYear": "2005", "period": "FY", "revenue": 9918000000, "costOfRevenue": 7732000000, "grossProfit": 2186000000, "grossProfitRatio": 0.2204073402, "researchAndDevelopmentExpenses": 278000000, "generalAndAdministrativeExpenses": 0, "sellingAndMarketingExpenses": 0, "sellingGeneralAndAdministrativeExpenses": 1145000000, "otherExpenses": 0, "operatingExpenses": 1423000000, "costAndExpenses": 9155000000, "interestIncome": -24000000, "interestExpense": 109000000, "depreciationAndAmortization": 294000000, "ebitda": 1068000000, "ebitdaratio": 0.1076830006, "operatingIncome": 763000000, "operatingIncomeRatio": 0.0769308328, "totalOtherIncomeExpensesNet": 120000000, "incomeBeforeTax": 798000000, "incomeBeforeTaxRatio": 0.0804597701, "incomeTaxExpense": 216000000, "netIncome": 550000000, "netIncomeRatio": 0.0554547288, "eps": 3.11, "epsdiluted": 2.75, "weightedAverageShsOut": 176991150, "weightedAverageShsOutDil": 199818347, "link": "https://www.sec.gov/Archives/edgar/data/26172/000110465906012743/0001104659-06-012743-index.htm", "finalLink": "https://www.sec.gov/Archives/edgar/data/26172/000110465906012743/a06-2254_110k.htm", "calculatedOtherExpenses": 0, "calculatedOperatingExpenses": 1423000000, "calculatedNetInterest": -133000000, "calculatedOtherIncome": 168000000, "calculatedIncomeNonControlling": 32000000, "calculatedEbitda": 1057000000}, {"date": "2004-12-31", "symbol": "CMI", "reportedCurrency": "USD", "cik": "0000026172", "fillingDate": "2005-03-16", "acceptedDate": "2005-03-16 13:39:03", "calendarYear": "2004", "period": "FY", "revenue": 8438000000, "costOfRevenue": 6758000000, "grossProfit": 1680000000, "grossProfitRatio": 0.1990993126, "researchAndDevelopmentExpenses": 241000000, "generalAndAdministrativeExpenses": 0, "sellingAndMarketingExpenses": 0, "sellingGeneralAndAdministrativeExpenses": 1015000000, "otherExpenses": 0, "operatingExpenses": 1256000000, "costAndExpenses": 8014000000, "interestIncome": 0, "interestExpense": 113000000, "depreciationAndAmortization": 266000000, "ebitda": 680000000, "ebitdaratio": 0.080587817, "operatingIncome": 424000000, "operatingIncomeRatio": 0.0502488741, "totalOtherIncomeExpensesNet": 121000000, "incomeBeforeTax": 432000000, "incomeBeforeTaxRatio": 0.0511969661, "incomeTaxExpense": 56000000, "netIncome": 350000000, "netIncomeRatio": 0.0414790235, "eps": 2.07, "epsdiluted": 1.85, "weightedAverageShsOut": 168674699, "weightedAverageShsOutDil": 189445196, "link": "https://www.sec.gov/Archives/edgar/data/26172/000110465905011366/0001104659-05-011366-index.htm", "finalLink": "https://www.sec.gov/Archives/edgar/data/26172/000110465905011366/a05-4686_110k.htm", "calculatedOtherExpenses": 0, "calculatedOperatingExpenses": 1256000000, "calculatedNetInterest": -113000000, "calculatedOtherIncome": 121000000, "calculatedIncomeNonControlling": 26000000, "calculatedEbitda": 690000000}, {"date": "2003-12-31", "symbol": "CMI", "reportedCurrency": "USD", "cik": "0000026172", "fillingDate": "2004-02-26", "acceptedDate": "2004-02-26 13:08:05", "calendarYear": "2003", "period": "FY", "revenue": 6296000000, "costOfRevenue": 5173000000, "grossProfit": 1123000000, "grossProfitRatio": 0.1783672173, "researchAndDevelopmentExpenses": 200000000, "generalAndAdministrativeExpenses": 0, "sellingAndMarketingExpenses": 0, "sellingGeneralAndAdministrativeExpenses": 830000000, "otherExpenses": 0, "operatingExpenses": 1030000000, "costAndExpenses": 6203000000, "interestIncome": 0, "interestExpense": 90000000, "depreciationAndAmortization": 216000000, "ebitda": 291000000, "ebitdaratio": 0.0462198221, "operatingIncome": 93000000, "operatingIncomeRatio": 0.0147712834, "totalOtherIncomeExpensesNet": 88000000, "incomeBeforeTax": 66000000, "incomeBeforeTaxRatio": 0.0104828463, "incomeTaxExpense": 12000000, "netIncome": 50000000, "netIncomeRatio": 0.0079415502, "eps": 0.32, "epsdiluted": 0.32, "weightedAverageShsOut": 157200000, "weightedAverageShsOutDil": 158000000, "link": "https://www.sec.gov/Archives/edgar/data/26172/000104746904005705/0001047469-04-005705-index.htm", "finalLink": "https://www.sec.gov/Archives/edgar/data/26172/000104746904005705/a2129493z10-k.htm", "calculatedOtherExpenses": 0, "calculatedOperatingExpenses": 1030000000, "calculatedNetInterest": -90000000, "calculatedOtherIncome": 63000000, "calculatedIncomeNonControlling": 4000000, "calculatedEbitda": 309000000}, {"date": "2002-12-31", "symbol": "CMI", "reportedCurrency": "USD", "cik": "0000026172", "fillingDate": "2003-08-04", "acceptedDate": "2003-08-04 06:13:27", "calendarYear": "2002", "period": "FY", "revenue": 5853000000, "costOfRevenue": 4808000000, "grossProfit": 1045000000, "grossProfitRatio": 0.1785409192, "researchAndDevelopmentExpenses": 201000000, "generalAndAdministrativeExpenses": 0, "sellingAndMarketingExpenses": 0, "sellingGeneralAndAdministrativeExpenses": 736000000, "otherExpenses": 0, "operatingExpenses": 937000000, "costAndExpenses": 5745000000, "interestIncome": 0, "interestExpense": 61000000, "depreciationAndAmortization": 219000000, "ebitda": 318000000, "ebitdaratio": 0.0543311123, "operatingIncome": 116000000, "operatingIncomeRatio": 0.0198188963, "totalOtherIncomeExpensesNet": 31000000, "incomeBeforeTax": 41000000, "incomeBeforeTaxRatio": 0.0070049547, "incomeTaxExpense": -38000000, "netIncome": 82000000, "netIncomeRatio": 0.0140099094, "eps": 0.53, "epsdiluted": 0.53, "weightedAverageShsOut": 154400000, "weightedAverageShsOutDil": 155200000, "link": "https://www.sec.gov/Archives/edgar/data/26172/000104746903026015/0001047469-03-026015-index.htm", "finalLink": "https://www.sec.gov/Archives/edgar/data/26172/000104746903026015/a2115757z10-k.htm", "calculatedOtherExpenses": -8000000, "calculatedOperatingExpenses": 929000000, "calculatedNetInterest": -61000000, "calculatedOtherIncome": -14000000, "calculatedIncomeNonControlling": -3000000, "calculatedEbitda": 335000000}, {"date": "2001-12-31", "symbol": "CMI", "reportedCurrency": "USD", "cik": "0000026172", "fillingDate": "2002-02-28", "acceptedDate": "2002-02-28 00:00:00", "calendarYear": "2001", "period": "FY", "revenue": 5681000000, "costOfRevenue": 4660000000, "grossProfit": 1021000000, "grossProfitRatio": 0.17972188, "researchAndDevelopmentExpenses": 220000000, "generalAndAdministrativeExpenses": 728000000, "sellingAndMarketingExpenses": 0, "sellingGeneralAndAdministrativeExpenses": 728000000, "otherExpenses": 0, "operatingExpenses": 948000000, "costAndExpenses": 5608000000, "interestIncome": 0, "interestExpense": 0, "depreciationAndAmortization": 231000000, "ebitda": 419000000, "ebitdaratio": 0.0737546207, "operatingIncome": -52000000, "operatingIncomeRatio": -0.0091533181, "totalOtherIncomeExpensesNet": -115000000, "incomeBeforeTax": -118000000, "incomeBeforeTaxRatio": -0.020770991, "incomeTaxExpense": -42000000, "netIncome": -102000000, "netIncomeRatio": -0.0179545855, "eps": -0.67, "epsdiluted": -0.67, "weightedAverageShsOut": 152592593, "weightedAverageShsOutDil": 152592593, "link": "https://www.sec.gov/Archives/edgar/data/26172/000002617202000002/0000026172-02-000002-index.htm", "finalLink": "https://www.sec.gov/Archives/edgar/data/26172/000002617202000002/final10k.htm", "calculatedOtherExpenses": 125000000, "calculatedOperatingExpenses": 1073000000, "calculatedNetInterest": 0, "calculatedOtherIncome": -66000000, "calculatedIncomeNonControlling": 26000000, "calculatedEbitda": 179000000}, {"date": "2000-12-31", "symbol": "CMI", "reportedCurrency": "USD", "cik": "0000026172", "fillingDate": "2001-03-13", "acceptedDate": "2001-03-13 00:00:00", "calendarYear": "2000", "period": "FY", "revenue": 6597000000, "costOfRevenue": 5338000000, "grossProfit": 1259000000, "grossProfitRatio": 0.1908443232, "researchAndDevelopmentExpenses": 244000000, "generalAndAdministrativeExpenses": 776000000, "sellingAndMarketingExpenses": 0, "sellingGeneralAndAdministrativeExpenses": 776000000, "otherExpenses": 0, "operatingExpenses": 1020000000, "costAndExpenses": 6358000000, "interestIncome": 0, "interestExpense": 0, "depreciationAndAmortization": 240000000, "ebitda": 629000000, "ebitdaratio": 0.0953463696, "operatingIncome": 79000000, "operatingIncomeRatio": 0.0119751402, "totalOtherIncomeExpensesNet": -150000000, "incomeBeforeTax": 3000000, "incomeBeforeTaxRatio": 0.0004547522, "incomeTaxExpense": -19000000, "netIncome": 8000000, "netIncomeRatio": 0.0012126724, "eps": 0.05, "epsdiluted": 0.05, "weightedAverageShsOut": 160000000, "weightedAverageShsOutDil": 160000000, "link": "https://www.sec.gov/Archives/edgar/data/26172/000002617201000002/0000026172-01-000002-index.htm", "finalLink": "https://www.sec.gov/Archives/edgar/data/26172/000002617201000002/0000026172-01-000002-0001.txt", "calculatedOtherExpenses": 160000000, "calculatedOperatingExpenses": 1180000000, "calculatedNetInterest": 0, "calculatedOtherIncome": -76000000, "calculatedIncomeNonControlling": 14000000, "calculatedEbitda": 319000000}, {"date": "1999-12-31", "symbol": "CMI", "reportedCurrency": "USD", "cik": "0000026172", "fillingDate": "2000-03-17", "acceptedDate": "2000-03-17 00:00:00", "calendarYear": "1999", "period": "FY", "revenue": 6639000000, "costOfRevenue": 5221000000, "grossProfit": 1418000000, "grossProfitRatio": 0.2135863835, "researchAndDevelopmentExpenses": 245000000, "generalAndAdministrativeExpenses": 781000000, "sellingAndMarketingExpenses": 0, "sellingGeneralAndAdministrativeExpenses": 781000000, "otherExpenses": 0, "operatingExpenses": 1026000000, "costAndExpenses": 6247000000, "interestIncome": 0, "interestExpense": 0, "depreciationAndAmortization": 233000000, "ebitda": 721000000, "ebitdaratio": 0.1086006929, "operatingIncome": 332000000, "operatingIncomeRatio": 0.0500075313, "totalOtherIncomeExpensesNet": -96000000, "incomeBeforeTax": 221000000, "incomeBeforeTaxRatio": 0.0332881458, "incomeTaxExpense": 55000000, "netIncome": 160000000, "netIncomeRatio": 0.0241000151, "eps": 1.04, "epsdiluted": 1.03, "weightedAverageShsOut": 153846154, "weightedAverageShsOutDil": 154963680, "link": "https://www.sec.gov/Archives/edgar/data/26172/000002617200000002/0000026172-00-000002-index.html", "finalLink": "https://www.sec.gov/Archives/edgar/data/26172/000002617200000002/", "calculatedOtherExpenses": 60000000, "calculatedOperatingExpenses": 1086000000, "calculatedNetInterest": 0, "calculatedOtherIncome": -111000000, "calculatedIncomeNonControlling": 6000000, "calculatedEbitda": 565000000}, {"date": "1998-12-31", "symbol": "CMI", "reportedCurrency": "USD", "cik": "0000026172", "fillingDate": "1999-03-09", "acceptedDate": "1999-03-09 00:00:00", "calendarYear": "1998", "period": "FY", "revenue": 6266000000, "costOfRevenue": 4925000000, "grossProfit": 1341000000, "grossProfitRatio": 0.2140121289, "researchAndDevelopmentExpenses": 255000000, "generalAndAdministrativeExpenses": 787000000, "sellingAndMarketingExpenses": 0, "sellingGeneralAndAdministrativeExpenses": 787000000, "otherExpenses": 0, "operatingExpenses": 1042000000, "costAndExpenses": 5967000000, "interestIncome": 0, "interestExpense": 0, "depreciationAndAmortization": 199000000, "ebitda": 732000000, "ebitdaratio": 0.1168209384, "operatingIncome": 82000000, "operatingIncomeRatio": 0.0130864986, "totalOtherIncomeExpensesNet": -234000000, "incomeBeforeTax": -6000000, "incomeBeforeTaxRatio": -0.0009575487, "incomeTaxExpense": 4000000, "netIncome": -21000000, "netIncomeRatio": -0.0033514204, "eps": -0.14, "epsdiluted": -0.14, "weightedAverageShsOut": 152727273, "weightedAverageShsOutDil": 152727273, "link": "https://www.sec.gov/Archives/edgar/data/26172/000002617299000002/0000026172-99-000002-index.html", "finalLink": "https://www.sec.gov/Archives/edgar/data/26172/", "calculatedOtherExpenses": 217000000, "calculatedOperatingExpenses": 1259000000, "calculatedNetInterest": 0, "calculatedOtherIncome": -88000000, "calculatedIncomeNonControlling": 11000000, "calculatedEbitda": 281000000}, {"date": "1997-12-31", "symbol": "CMI", "reportedCurrency": "USD", "cik": "0000026172", "fillingDate": "1998-03-04", "acceptedDate": "1998-03-04 00:00:00", "calendarYear": "1997", "period": "FY", "revenue": 5625000000, "costOfRevenue": 4345000000, "grossProfit": 1280000000, "grossProfitRatio": 0.2275555556, "researchAndDevelopmentExpenses": 260000000, "generalAndAdministrativeExpenses": 744000000, "sellingAndMarketingExpenses": 0, "sellingGeneralAndAdministrativeExpenses": 744000000, "otherExpenses": 0, "operatingExpenses": 1004000000, "costAndExpenses": 5349000000, "interestIncome": 0, "interestExpense": 0, "depreciationAndAmortization": 158000000, "ebitda": 398000000, "ebitdaratio": 0.0707555556, "operatingIncome": 276000000, "operatingIncomeRatio": 0.0490666667, "totalOtherIncomeExpensesNet": 36000000, "incomeBeforeTax": 286000000, "incomeBeforeTaxRatio": 0.0508444444, "incomeTaxExpense": 74000000, "netIncome": 212000000, "netIncomeRatio": 0.0376888889, "eps": 1.39, "epsdiluted": 1.37, "weightedAverageShsOut": 152800000, "weightedAverageShsOutDil": 154800000, "link": "https://www.sec.gov/Archives/edgar/data/26172/000002617298000004/0000026172-98-000004-index.html", "finalLink": "https://www.sec.gov/Archives/edgar/data/26172/", "calculatedOtherExpenses": 0, "calculatedOperatingExpenses": 1004000000, "calculatedNetInterest": 0, "calculatedOtherIncome": 10000000, "calculatedIncomeNonControlling": 0, "calculatedEbitda": 434000000}, {"date": "1996-12-31", "symbol": "CMI", "reportedCurrency": "USD", "cik": "0000026172", "fillingDate": "1997-03-04", "acceptedDate": "1997-03-04 00:00:00", "calendarYear": "1996", "period": "FY", "revenue": 5257000000, "costOfRevenue": 4072000000, "grossProfit": 1185000000, "grossProfitRatio": 0.2254137341, "researchAndDevelopmentExpenses": 252000000, "generalAndAdministrativeExpenses": 725000000, "sellingAndMarketingExpenses": 0, "sellingGeneralAndAdministrativeExpenses": 725000000, "otherExpenses": 0, "operatingExpenses": 977000000, "costAndExpenses": 5049000000, "interestIncome": 0, "interestExpense": 0, "depreciationAndAmortization": 149000000, "ebitda": 333000000, "ebitdaratio": 0.0633441126, "operatingIncome": 208000000, "operatingIncomeRatio": 0.0395662926, "totalOtherIncomeExpensesNet": 24000000, "incomeBeforeTax": 214000000, "incomeBeforeTaxRatio": 0.0407076279, "incomeTaxExpense": 54000000, "netIncome": 160000000, "netIncomeRatio": 0.0304356097, "eps": 1.01, "epsdiluted": 1, "weightedAverageShsOut": 159200000, "weightedAverageShsOutDil": 159600000, "link": "https://www.sec.gov/Archives/edgar/data/26172/000002617297000003/0000026172-97-000003-index.html", "finalLink": "https://www.sec.gov/Archives/edgar/data/26172/", "calculatedOtherExpenses": 0, "calculatedOperatingExpenses": 977000000, "calculatedNetInterest": 0, "calculatedOtherIncome": 6000000, "calculatedIncomeNonControlling": 0, "calculatedEbitda": 357000000}, {"date": "1995-12-31", "symbol": "CMI", "reportedCurrency": "USD", "cik": "0000026172", "fillingDate": "1996-03-05", "acceptedDate": "1996-03-05 00:00:00", "calendarYear": "1995", "period": "FY", "revenue": 5245000000, "costOfRevenue": 3974000000, "grossProfit": 1271000000, "grossProfitRatio": 0.2423260248, "researchAndDevelopmentExpenses": 263000000, "generalAndAdministrativeExpenses": 692000000, "sellingAndMarketingExpenses": 0, "sellingGeneralAndAdministrativeExpenses": 692000000, "otherExpenses": 0, "operatingExpenses": 955000000, "costAndExpenses": 4929000000, "interestIncome": 0, "interestExpense": 0, "depreciationAndAmortization": 143000000, "ebitda": 585000000, "ebitdaratio": 0.111534795, "operatingIncome": 198000000, "operatingIncomeRatio": 0.0377502383, "totalOtherIncomeExpensesNet": -126000000, "incomeBeforeTax": 177000000, "incomeBeforeTaxRatio": 0.0337464252, "incomeTaxExpense": -47000000, "netIncome": 224000000, "netIncomeRatio": 0.0427073403, "eps": 1.38, "epsdiluted": 1.38, "weightedAverageShsOut": 162318841, "weightedAverageShsOutDil": 162318841, "link": "https://www.sec.gov/Archives/edgar/data/26172/000002617296000002/0000026172-96-000002-index.html", "finalLink": "https://www.sec.gov/Archives/edgar/data/26172/", "calculatedOtherExpenses": 118000000, "calculatedOperatingExpenses": 1073000000, "calculatedNetInterest": 0, "calculatedOtherIncome": -21000000, "calculatedIncomeNonControlling": 0, "calculatedEbitda": 341000000}, {"date": "1994-12-31", "symbol": "CMI", "reportedCurrency": "USD", "cik": "0000026172", "fillingDate": "1995-03-10", "acceptedDate": "1995-03-10 00:00:00", "calendarYear": "1994", "period": "FY", "revenue": 4737200000, "costOfRevenue": 3550700000, "grossProfit": 1186500000, "grossProfitRatio": 0.2504644094, "researchAndDevelopmentExpenses": 237700000, "generalAndAdministrativeExpenses": 641300000, "sellingAndMarketingExpenses": 0, "sellingGeneralAndAdministrativeExpenses": 641300000, "otherExpenses": 0, "operatingExpenses": 879000000, "costAndExpenses": 4429700000, "interestIncome": 0, "interestExpense": 0, "depreciationAndAmortization": 127700000, "ebitda": 431700000, "ebitdaratio": 0.0911297813, "operatingIncome": 307500000, "operatingIncomeRatio": 0.0649117622, "totalOtherIncomeExpensesNet": 3500000, "incomeBeforeTax": 293400000, "incomeBeforeTaxRatio": 0.0619353204, "incomeTaxExpense": 40500000, "netIncome": 252900000, "netIncomeRatio": 0.0533859664, "eps": 1.53, "epsdiluted": 1.53, "weightedAverageShsOut": 165564648, "weightedAverageShsOutDil": 165564648, "link": "https://www.sec.gov/Archives/edgar/data/26172/000002617295000002/0000026172-95-000002-index.html", "finalLink": "https://www.sec.gov/Archives/edgar/data/26172/", "calculatedOtherExpenses": 0, "calculatedOperatingExpenses": 879000000, "calculatedNetInterest": 0, "calculatedOtherIncome": -14100000, "calculatedIncomeNonControlling": 0, "calculatedEbitda": 435200000}, {"date": "1993-12-31", "symbol": "CMI", "reportedCurrency": "USD", "cik": "0000026172", "fillingDate": "1994-03-10", "acceptedDate": "1994-03-10 00:00:00", "calendarYear": "1993", "period": "FY", "revenue": 4247900000, "costOfRevenue": 3085900000, "grossProfit": 1162000000, "grossProfitRatio": 0.2735469291, "researchAndDevelopmentExpenses": 0, "generalAndAdministrativeExpenses": 788800000, "sellingAndMarketingExpenses": 0, "sellingGeneralAndAdministrativeExpenses": 788800000, "otherExpenses": 125100000, "operatingExpenses": 913900000, "costAndExpenses": 3999800000, "interestIncome": 0, "interestExpense": 0, "depreciationAndAmortization": 125100000, "ebitda": 380000000, "ebitdaratio": 0.0894559665, "operatingIncome": 248100000, "operatingIncomeRatio": 0.0584053297, "totalOtherIncomeExpensesNet": -6800000, "incomeBeforeTax": 204900000, "incomeBeforeTaxRatio": 0.0482355988, "incomeTaxExpense": 22300000, "netIncome": 177100000, "netIncomeRatio": 0.0416911886, "eps": 1.25, "epsdiluted": 1.21, "weightedAverageShsOut": 141210856, "weightedAverageShsOutDil": 146090713, "link": "https://www.sec.gov/Archives/edgar/data/26172/000002617294000003/0000026172-94-000003-index.html", "finalLink": "https://www.sec.gov/Archives/edgar/data/26172/", "calculatedOtherExpenses": 125100000, "calculatedOperatingExpenses": 913900000, "calculatedNetInterest": 0, "calculatedOtherIncome": -43200000, "calculatedIncomeNonControlling": 5500000, "calculatedEbitda": 373200000}, {"date": "1992-12-31", "symbol": "CMI", "reportedCurrency": "USD", "cik": "0000026172", "fillingDate": "1992-12-31", "acceptedDate": "1992-12-30 19:00:00", "calendarYear": "1992", "period": "FY", "revenue": 3749200000, "costOfRevenue": 2784200000, "grossProfit": 965000000, "grossProfitRatio": 0.2573882428, "researchAndDevelopmentExpenses": 0, "generalAndAdministrativeExpenses": 712000000, "sellingAndMarketingExpenses": 0, "sellingGeneralAndAdministrativeExpenses": 712000000, "otherExpenses": 122500000, "operatingExpenses": 834500000, "costAndExpenses": 3618700000, "interestIncome": 0, "interestExpense": 0, "depreciationAndAmortization": 122500000, "ebitda": 266100000, "ebitdaratio": 0.0709751414, "operatingIncome": 130500000, "operatingIncomeRatio": 0.0348074256, "totalOtherIncomeExpensesNet": -13100000, "incomeBeforeTax": 76000000, "incomeBeforeTaxRatio": 0.0202709911, "incomeTaxExpense": 8900000, "netIncome": -189500000, "netIncomeRatio": -0.0505441161, "eps": -1.44, "epsdiluted": -1.44, "weightedAverageShsOut": 131447587, "weightedAverageShsOutDil": 131447587, "link": "", "finalLink": "", "calculatedOtherExpenses": 122500000, "calculatedOperatingExpenses": 834500000, "calculatedNetInterest": 0, "calculatedOtherIncome": -54500000, "calculatedIncomeNonControlling": 256600000, "calculatedEbitda": 253000000}, {"date": "1991-12-31", "symbol": "CMI", "reportedCurrency": "USD", "cik": "0000026172", "fillingDate": "1991-12-31", "acceptedDate": "1991-12-30 19:00:00", "calendarYear": "1991", "period": "FY", "revenue": 3405500000, "costOfRevenue": 2649500000, "grossProfit": 756000000, "grossProfitRatio": 0.2219938335, "researchAndDevelopmentExpenses": 0, "generalAndAdministrativeExpenses": 619300000, "sellingAndMarketingExpenses": 0, "sellingGeneralAndAdministrativeExpenses": 619300000, "otherExpenses": 127200000, "operatingExpenses": 746500000, "costAndExpenses": 3396000000, "interestIncome": 0, "interestExpense": 0, "depreciationAndAmortization": 127200000, "ebitda": 149400000, "ebitdaratio": 0.04387021, "operatingIncome": 9500000, "operatingIncomeRatio": 0.0027896051, "totalOtherIncomeExpensesNet": -12700000, "incomeBeforeTax": -48700000, "incomeBeforeTaxRatio": -0.0143003964, "incomeTaxExpense": 16900000, "netIncome": -65600000, "netIncomeRatio": -0.019262957, "eps": -0.55, "epsdiluted": -0.55, "weightedAverageShsOut": 118709677, "weightedAverageShsOutDil": 118709677, "link": "", "finalLink": "", "calculatedOtherExpenses": 127200000, "calculatedOperatingExpenses": 746500000, "calculatedNetInterest": 0, "calculatedOtherIncome": -58200000, "calculatedIncomeNonControlling": 0, "calculatedEbitda": 136700000}, {"date": "1990-12-31", "symbol": "CMI", "reportedCurrency": "USD", "cik": "0000026172", "fillingDate": "1990-12-31", "acceptedDate": "1990-12-30 19:00:00", "calendarYear": "1990", "period": "FY", "revenue": 3461800000, "costOfRevenue": 2713700000, "grossProfit": 748100000, "grossProfitRatio": 0.2161014501, "researchAndDevelopmentExpenses": 0, "generalAndAdministrativeExpenses": 631700000, "sellingAndMarketingExpenses": 0, "sellingGeneralAndAdministrativeExpenses": 631700000, "otherExpenses": 143400000, "operatingExpenses": 775100000, "costAndExpenses": 3488800000, "interestIncome": 0, "interestExpense": 0, "depreciationAndAmortization": 143400000, "ebitda": 187700000, "ebitdaratio": 0.0542203478, "operatingIncome": -27000000, "operatingIncomeRatio": -0.0077994107, "totalOtherIncomeExpensesNet": -71300000, "incomeBeforeTax": -140100000, "incomeBeforeTaxRatio": -0.0404702756, "incomeTaxExpense": 25000000, "netIncome": -165100000, "netIncomeRatio": -0.0476919522, "eps": -1.67, "epsdiluted": -1.67, "weightedAverageShsOut": 98784530, "weightedAverageShsOutDil": 98784530, "link": "", "finalLink": "", "calculatedOtherExpenses": 143400000, "calculatedOperatingExpenses": 775100000, "calculatedNetInterest": 0, "calculatedOtherIncome": -113100000, "calculatedIncomeNonControlling": 0, "calculatedEbitda": 116400000}, {"date": "1989-12-31", "symbol": "CMI", "reportedCurrency": "USD", "cik": "0000026172", "fillingDate": "1989-12-31", "acceptedDate": "1989-12-30 19:00:00", "calendarYear": "1989", "period": "FY", "revenue": 3510800000, "costOfRevenue": 2586900000, "grossProfit": 923900000, "grossProfitRatio": 0.2631593939, "researchAndDevelopmentExpenses": 0, "generalAndAdministrativeExpenses": 733700000, "sellingAndMarketingExpenses": 0, "sellingGeneralAndAdministrativeExpenses": 733700000, "otherExpenses": 135000000, "operatingExpenses": 868700000, "costAndExpenses": 3455600000, "interestIncome": 0, "interestExpense": 0, "depreciationAndAmortization": 135000000, "ebitda": 173100000, "ebitdaratio": 0.0493050017, "operatingIncome": 55200000, "operatingIncomeRatio": 0.0157229122, "totalOtherIncomeExpensesNet": 17100000, "incomeBeforeTax": 16100000, "incomeBeforeTaxRatio": 0.0045858494, "incomeTaxExpense": 22200000, "netIncome": -6100000, "netIncomeRatio": -0.0017374957, "eps": -0.0729, "epsdiluted": -0.0729, "weightedAverageShsOut": 83684211, "weightedAverageShsOutDil": 83684211, "link": "", "finalLink": "", "calculatedOtherExpenses": 135000000, "calculatedOperatingExpenses": 868700000, "calculatedNetInterest": 0, "calculatedOtherIncome": -39100000, "calculatedIncomeNonControlling": 0, "calculatedEbitda": 190200000}, {"date": "1988-12-31", "symbol": "CMI", "reportedCurrency": "USD", "cik": "0000026172", "fillingDate": "1988-12-31", "acceptedDate": "1988-12-30 19:00:00", "calendarYear": "1988", "period": "FY", "revenue": 3310100000, "costOfRevenue": 2422000000, "grossProfit": 888100000, "grossProfitRatio": 0.2683000514, "researchAndDevelopmentExpenses": 0, "generalAndAdministrativeExpenses": 695900000, "sellingAndMarketingExpenses": 0, "sellingGeneralAndAdministrativeExpenses": 695900000, "otherExpenses": 131800000, "operatingExpenses": 827700000, "costAndExpenses": 3249700000, "interestIncome": 0, "interestExpense": 0, "depreciationAndAmortization": 131800000, "ebitda": 247800000, "ebitdaratio": 0.0748617867, "operatingIncome": 60400000, "operatingIncomeRatio": 0.0182471829, "totalOtherIncomeExpensesNet": -55600000, "incomeBeforeTax": -49900000, "incomeBeforeTaxRatio": -0.0150750733, "incomeTaxExpense": 13500000, "netIncome": -63400000, "netIncomeRatio": -0.0191534999, "eps": -0.75, "epsdiluted": -0.75, "weightedAverageShsOut": 85000000, "weightedAverageShsOutDil": 85000000, "link": "", "finalLink": "", "calculatedOtherExpenses": 131800000, "calculatedOperatingExpenses": 827700000, "calculatedNetInterest": 0, "calculatedOtherIncome": -110300000, "calculatedIncomeNonControlling": 0, "calculatedEbitda": 192200000}, {"date": "1987-12-31", "symbol": "CMI", "reportedCurrency": "USD", "cik": "0000026172", "fillingDate": "1987-12-31", "acceptedDate": "1987-12-30 19:00:00", "calendarYear": "1987", "period": "FY", "revenue": 2767400000, "costOfRevenue": 1952000000, "grossProfit": 815400000, "grossProfitRatio": 0.2946447929, "researchAndDevelopmentExpenses": 0, "generalAndAdministrativeExpenses": 617000000, "sellingAndMarketingExpenses": 0, "sellingGeneralAndAdministrativeExpenses": 617000000, "otherExpenses": 119400000, "operatingExpenses": 736400000, "costAndExpenses": 2688400000, "interestIncome": 0, "interestExpense": 0, "depreciationAndAmortization": 119400000, "ebitda": 191400000, "ebitdaratio": 0.0691623907, "operatingIncome": 79000000, "operatingIncomeRatio": 0.0285466503, "totalOtherIncomeExpensesNet": 7000000, "incomeBeforeTax": 29500000, "incomeBeforeTaxRatio": 0.0106598251, "incomeTaxExpense": 15600000, "netIncome": 13900000, "netIncomeRatio": 0.0050227651, "eps": 0.17, "epsdiluted": 0.17, "weightedAverageShsOut": 82857143, "weightedAverageShsOutDil": 82857143, "link": "", "finalLink": "", "calculatedOtherExpenses": 119400000, "calculatedOperatingExpenses": 736400000, "calculatedNetInterest": 0, "calculatedOtherIncome": -49500000, "calculatedIncomeNonControlling": 0, "calculatedEbitda": 198400000}, {"date": "1986-12-31", "symbol": "CMI", "reportedCurrency": "USD", "cik": "0000026172", "fillingDate": "1986-12-31", "acceptedDate": "1986-12-30 19:00:00", "calendarYear": "1986", "period": "FY", "revenue": 2303700000, "costOfRevenue": 1607100000, "grossProfit": 696600000, "grossProfitRatio": 0.3023831228, "researchAndDevelopmentExpenses": 0, "generalAndAdministrativeExpenses": 585300000, "sellingAndMarketingExpenses": 0, "sellingGeneralAndAdministrativeExpenses": 585300000, "otherExpenses": 106600000, "operatingExpenses": 691900000, "costAndExpenses": 2299000000, "interestIncome": 0, "interestExpense": 0, "depreciationAndAmortization": 106600000, "ebitda": 228200000, "ebitdaratio": 0.0990580371, "operatingIncome": 4700000, "operatingIncomeRatio": 0.0020401962, "totalOtherIncomeExpensesNet": -116900000, "incomeBeforeTax": -159800000, "incomeBeforeTaxRatio": -0.069366671, "incomeTaxExpense": -52500000, "netIncome": -107300000, "netIncomeRatio": -0.0465772453, "eps": -1.31, "epsdiluted": -1.31, "weightedAverageShsOut": 82065010, "weightedAverageShsOutDil": 82065010, "link": "", "finalLink": "", "calculatedOtherExpenses": 106600000, "calculatedOperatingExpenses": 691900000, "calculatedNetInterest": 0, "calculatedOtherIncome": -164500000, "calculatedIncomeNonControlling": 0, "calculatedEbitda": 111300000}, {"date": "1985-12-31", "symbol": "CMI", "reportedCurrency": "USD", "cik": "0000026172", "fillingDate": "1985-12-31", "acceptedDate": "1985-12-30 19:00:00", "calendarYear": "1985", "period": "FY", "revenue": 2146300000, "costOfRevenue": 1458500000, "grossProfit": 687800000, "grossProfitRatio": 0.3204584634, "researchAndDevelopmentExpenses": 0, "generalAndAdministrativeExpenses": 497900000, "sellingAndMarketingExpenses": 0, "sellingGeneralAndAdministrativeExpenses": 497900000, "otherExpenses": 79200000, "operatingExpenses": 577100000, "costAndExpenses": 2035600000, "interestIncome": 0, "interestExpense": 0, "depreciationAndAmortization": 79200000, "ebitda": 211400000, "ebitdaratio": 0.0984950846, "operatingIncome": 110700000, "operatingIncomeRatio": 0.0515771327, "totalOtherIncomeExpensesNet": -21500000, "incomeBeforeTax": 61000000, "incomeBeforeTaxRatio": 0.0284210036, "incomeTaxExpense": 10600000, "netIncome": 50400000, "netIncomeRatio": 0.0234822718, "eps": 0.66, "epsdiluted": 0.65, "weightedAverageShsOut": 76363636, "weightedAverageShsOutDil": 77241379, "link": "", "finalLink": "", "calculatedOtherExpenses": 79200000, "calculatedOperatingExpenses": 577100000, "calculatedNetInterest": 0, "calculatedOtherIncome": -49700000, "calculatedIncomeNonControlling": 0, "calculatedEbitda": 189900000}]}