{"originalCurrency": "USD", "convertedCurrency": "USD", "report": [{"date": "2023-12-31", "symbol": "CMSA", "reportedCurrency": "USD", "cik": "0000811156", "fillingDate": "2024-02-08", "acceptedDate": "2024-02-08 09:28:11", "calendarYear": "2023", "period": "FY", "revenue": 7462000000, "costOfRevenue": 4600000000, "grossProfit": 2862000000, "grossProfitRatio": 0.383543286, "researchAndDevelopmentExpenses": 0, "generalAndAdministrativeExpenses": 0, "sellingAndMarketingExpenses": 0, "sellingGeneralAndAdministrativeExpenses": 180000000, "otherExpenses": 362000000, "operatingExpenses": 1627000000, "costAndExpenses": 6227000000, "interestIncome": 0, "interestExpense": 643000000, "depreciationAndAmortization": 1180000000, "ebitda": 2777000000, "ebitdaratio": 0.372152238, "operatingIncome": 1235000000, "operatingIncomeRatio": 0.1655052265, "totalOtherIncomeExpensesNet": 362000000, "incomeBeforeTax": 954000000, "incomeBeforeTaxRatio": 0.127847762, "incomeTaxExpense": 147000000, "netIncome": 887000000, "netIncomeRatio": 0.1188689359, "eps": 3.01, "epsdiluted": 3.01, "weightedAverageShsOut": 291200000, "weightedAverageShsOutDil": 291700000, "link": "https://www.sec.gov/Archives/edgar/data/811156/000081115624000044/0000811156-24-000044-index.htm", "finalLink": "https://www.sec.gov/Archives/edgar/data/201533/000081115624000044/cms-20231231.htm", "calculatedOtherExpenses": 1447000000, "calculatedOperatingExpenses": 1627000000, "calculatedNetInterest": -643000000, "calculatedOtherIncome": 362000000, "calculatedIncomeNonControlling": -80000000, "calculatedEbitda": 2415000000}, {"date": "2022-12-31", "symbol": "CMSA", "reportedCurrency": "USD", "cik": "0000811156", "fillingDate": "2023-02-09", "acceptedDate": "2023-02-09 09:11:10", "calendarYear": "2022", "period": "FY", "revenue": 8596000000, "costOfRevenue": 5834000000, "grossProfit": 2762000000, "grossProfitRatio": 0.3213122383, "researchAndDevelopmentExpenses": 0, "generalAndAdministrativeExpenses": 0, "sellingAndMarketingExpenses": 0, "sellingGeneralAndAdministrativeExpenses": 205000000, "otherExpenses": 7372000000, "operatingExpenses": 7372000000, "costAndExpenses": 7372000000, "interestIncome": 5000000, "interestExpense": 519000000, "depreciationAndAmortization": 1126000000, "ebitda": 1421000000, "ebitdaratio": 0.1653094463, "operatingIncome": 295000000, "operatingIncomeRatio": 0.0343182876, "totalOtherIncomeExpensesNet": 607000000, "incomeBeforeTax": 902000000, "incomeBeforeTaxRatio": 0.1049325268, "incomeTaxExpense": 93000000, "netIncome": 837000000, "netIncomeRatio": 0.0973708702, "eps": 2.86, "epsdiluted": 2.85, "weightedAverageShsOut": 289500000, "weightedAverageShsOutDil": 290000000, "link": "https://www.sec.gov/Archives/edgar/data/811156/000081115623000014/0000811156-23-000014-index.htm", "finalLink": "https://www.sec.gov/Archives/edgar/data/201533/000081115623000014/cms-20221231.htm", "calculatedOtherExpenses": 2262000000, "calculatedOperatingExpenses": 2467000000, "calculatedNetInterest": -514000000, "calculatedOtherIncome": 1121000000, "calculatedIncomeNonControlling": -28000000, "calculatedEbitda": 1421000000}, {"date": "2021-12-31", "symbol": "CMSA", "reportedCurrency": "USD", "cik": "0000811156", "fillingDate": "2022-02-10", "acceptedDate": "2022-02-10 10:13:23", "calendarYear": "2021", "period": "FY", "revenue": 7329000000, "costOfRevenue": 4680000000, "grossProfit": 2649000000, "grossProfitRatio": 0.3614408514, "researchAndDevelopmentExpenses": 0, "generalAndAdministrativeExpenses": 0, "sellingAndMarketingExpenses": 0, "sellingGeneralAndAdministrativeExpenses": 165000000, "otherExpenses": 6183000000, "operatingExpenses": 6183000000, "costAndExpenses": 6183000000, "interestIncome": 3000000, "interestExpense": 500000000, "depreciationAndAmortization": 1114000000, "ebitda": 1323000000, "ebitdaratio": 0.1805157593, "operatingIncome": 209000000, "operatingIncomeRatio": 0.0285168509, "totalOtherIncomeExpensesNet": 614000000, "incomeBeforeTax": 823000000, "incomeBeforeTaxRatio": 0.1122936281, "incomeTaxExpense": 95000000, "netIncome": 728000000, "netIncomeRatio": 0.0993314231, "eps": 2.52, "epsdiluted": 2.51, "weightedAverageShsOut": 289000000, "weightedAverageShsOutDil": 289500000, "link": "https://www.sec.gov/Archives/edgar/data/811156/000081115622000048/0000811156-22-000048-index.htm", "finalLink": "https://www.sec.gov/Archives/edgar/data/201533/000081115622000048/cms-20211231.htm", "calculatedOtherExpenses": 2275000000, "calculatedOperatingExpenses": 2440000000, "calculatedNetInterest": -497000000, "calculatedOtherIncome": 1111000000, "calculatedIncomeNonControlling": 0, "calculatedEbitda": 1323000000}, {"date": "2020-12-31", "symbol": "CMSA", "reportedCurrency": "USD", "cik": "0000811156", "fillingDate": "2021-02-11", "acceptedDate": "2021-02-11 08:20:56", "calendarYear": "2020", "period": "FY", "revenue": 6680000000, "costOfRevenue": 3911000000, "grossProfit": 2769000000, "grossProfitRatio": 0.4145209581, "researchAndDevelopmentExpenses": 0, "generalAndAdministrativeExpenses": 0, "sellingAndMarketingExpenses": 0, "sellingGeneralAndAdministrativeExpenses": 118000000, "otherExpenses": 5318000000, "operatingExpenses": 5318000000, "costAndExpenses": 5318000000, "interestIncome": 11000000, "interestExpense": 561000000, "depreciationAndAmortization": 1048000000, "ebitda": 1446000000, "ebitdaratio": 0.2164670659, "operatingIncome": 398000000, "operatingIncomeRatio": 0.0595808383, "totalOtherIncomeExpensesNet": 487000000, "incomeBeforeTax": 885000000, "incomeBeforeTaxRatio": 0.1324850299, "incomeTaxExpense": 133000000, "netIncome": 755000000, "netIncomeRatio": 0.1130239521, "eps": 2.65, "epsdiluted": 2.64, "weightedAverageShsOut": 285000000, "weightedAverageShsOutDil": 286300000, "link": "https://www.sec.gov/Archives/edgar/data/811156/000081115621000016/0000811156-21-000016-index.htm", "finalLink": "https://www.sec.gov/Archives/edgar/data/201533/000081115621000016/cms-20201231.htm", "calculatedOtherExpenses": 2253000000, "calculatedOperatingExpenses": 2371000000, "calculatedNetInterest": -550000000, "calculatedOtherIncome": 1037000000, "calculatedIncomeNonControlling": -3000000, "calculatedEbitda": 1446000000}, {"date": "2019-12-31", "symbol": "CMSA", "reportedCurrency": "USD", "cik": "0000811156", "fillingDate": "2020-02-06", "acceptedDate": "2020-02-06 08:59:52", "calendarYear": "2019", "period": "FY", "revenue": 6845000000, "costOfRevenue": 4281000000, "grossProfit": 2564000000, "grossProfitRatio": 0.3745799854, "researchAndDevelopmentExpenses": 0, "generalAndAdministrativeExpenses": 0, "sellingAndMarketingExpenses": 0, "sellingGeneralAndAdministrativeExpenses": 91000000, "otherExpenses": 5606000000, "operatingExpenses": 5606000000, "costAndExpenses": 5606000000, "interestIncome": 7000000, "interestExpense": 519000000, "depreciationAndAmortization": 992000000, "ebitda": 1348000000, "ebitdaratio": 0.1969320672, "operatingIncome": 356000000, "operatingIncomeRatio": 0.0520087655, "totalOtherIncomeExpensesNet": 473000000, "incomeBeforeTax": 829000000, "incomeBeforeTaxRatio": 0.1211102995, "incomeTaxExpense": 147000000, "netIncome": 680000000, "netIncomeRatio": 0.0993425858, "eps": 2.4, "epsdiluted": 2.39, "weightedAverageShsOut": 283000000, "weightedAverageShsOutDil": 284300000, "link": "https://www.sec.gov/Archives/edgar/data/811156/000081115620000004/0000811156-20-000004-index.htm", "finalLink": "https://www.sec.gov/Archives/edgar/data/201533/000081115620000004/a2019form10-kxcmsenerg.htm", "calculatedOtherExpenses": 2117000000, "calculatedOperatingExpenses": 2208000000, "calculatedNetInterest": -512000000, "calculatedOtherIncome": 985000000, "calculatedIncomeNonControlling": 2000000, "calculatedEbitda": 1348000000}, {"date": "2018-12-31", "symbol": "CMSA", "reportedCurrency": "USD", "cik": "0000811156", "fillingDate": "2019-02-05", "acceptedDate": "2019-02-05 07:05:06", "calendarYear": "2018", "period": "FY", "revenue": 6873000000, "costOfRevenue": 4475000000, "grossProfit": 2398000000, "grossProfitRatio": 0.3489014986, "researchAndDevelopmentExpenses": 0, "generalAndAdministrativeExpenses": 0, "sellingAndMarketingExpenses": 0, "sellingGeneralAndAdministrativeExpenses": 90000000, "otherExpenses": 70000000, "operatingExpenses": 5711000000, "costAndExpenses": 5711000000, "interestIncome": 11000000, "interestExpense": 458000000, "depreciationAndAmortization": 933000000, "ebitda": 1232000000, "ebitdaratio": 0.1792521461, "operatingIncome": 1162000000, "operatingIncomeRatio": 0.1690673651, "totalOtherIncomeExpensesNet": 70000000, "incomeBeforeTax": 774000000, "incomeBeforeTaxRatio": 0.1126145788, "incomeTaxExpense": 115000000, "netIncome": 657000000, "netIncomeRatio": 0.0955914448, "eps": 2.33, "epsdiluted": 2.32, "weightedAverageShsOut": 282200000, "weightedAverageShsOutDil": 282900000, "link": "https://www.sec.gov/Archives/edgar/data/811156/000081115619000003/0000811156-19-000003-index.htm", "finalLink": "https://www.sec.gov/Archives/edgar/data/201533/000081115619000003/consumersenergy10k12312018.htm", "calculatedOtherExpenses": 1146000000, "calculatedOperatingExpenses": 1236000000, "calculatedNetInterest": -447000000, "calculatedOtherIncome": 59000000, "calculatedIncomeNonControlling": 2000000, "calculatedEbitda": 2095000000}, {"date": "2017-12-31", "symbol": "CMSA", "reportedCurrency": "USD", "cik": "0000811156", "fillingDate": "2018-02-14", "acceptedDate": "2018-02-14 10:22:00", "calendarYear": "2017", "period": "FY", "revenue": 6583000000, "costOfRevenue": 4080000000, "grossProfit": 2503000000, "grossProfitRatio": 0.3802217834, "researchAndDevelopmentExpenses": 0, "generalAndAdministrativeExpenses": 0, "sellingAndMarketingExpenses": 0, "sellingGeneralAndAdministrativeExpenses": 24000000, "otherExpenses": -14000000, "operatingExpenses": 5245000000, "costAndExpenses": 5245000000, "interestIncome": 12000000, "interestExpense": 438000000, "depreciationAndAmortization": 881000000, "ebitda": 1324000000, "ebitdaratio": 0.2011241075, "operatingIncome": 1338000000, "operatingIncomeRatio": 0.2032507975, "totalOtherIncomeExpensesNet": -14000000, "incomeBeforeTax": 886000000, "incomeBeforeTaxRatio": 0.1345890931, "incomeTaxExpense": 424000000, "netIncome": 460000000, "netIncomeRatio": 0.0698769558, "eps": 1.64, "epsdiluted": 1.64, "weightedAverageShsOut": 280000000, "weightedAverageShsOutDil": 280800000, "link": "https://www.sec.gov/Archives/edgar/data/811156/000110465918009493/0001104659-18-009493-index.htm", "finalLink": "https://www.sec.gov/Archives/edgar/data/201533/000110465918009493/a18-1030_110k.htm", "calculatedOtherExpenses": 1141000000, "calculatedOperatingExpenses": 1165000000, "calculatedNetInterest": -426000000, "calculatedOtherIncome": -26000000, "calculatedIncomeNonControlling": 2000000, "calculatedEbitda": 2219000000}, {"date": "2016-12-31", "symbol": "CMSA", "reportedCurrency": "USD", "cik": "0000811156", "fillingDate": "2017-02-07", "acceptedDate": "2017-02-07 10:08:29", "calendarYear": "2016", "period": "FY", "revenue": 6399000000, "costOfRevenue": 4010000000, "grossProfit": 2389000000, "grossProfitRatio": 0.3733395843, "researchAndDevelopmentExpenses": 0, "generalAndAdministrativeExpenses": 0, "sellingAndMarketingExpenses": 0, "sellingGeneralAndAdministrativeExpenses": 41000000, "otherExpenses": -36000000, "operatingExpenses": 5102000000, "costAndExpenses": 5102000000, "interestIncome": 6000000, "interestExpense": 435000000, "depreciationAndAmortization": 811000000, "ebitda": 1261000000, "ebitdaratio": 0.1970620409, "operatingIncome": 1297000000, "operatingIncomeRatio": 0.20268792, "totalOtherIncomeExpensesNet": -36000000, "incomeBeforeTax": 826000000, "incomeBeforeTaxRatio": 0.1290826692, "incomeTaxExpense": 273000000, "netIncome": 551000000, "netIncomeRatio": 0.0861072043, "eps": 1.99, "epsdiluted": 1.98, "weightedAverageShsOut": 278000000, "weightedAverageShsOutDil": 279000000, "link": "https://www.sec.gov/Archives/edgar/data/811156/000110465917006823/0001104659-17-006823-index.htm", "finalLink": "https://www.sec.gov/Archives/edgar/data/201533/000110465917006823/a17-1055_110k.htm", "calculatedOtherExpenses": 1051000000, "calculatedOperatingExpenses": 1092000000, "calculatedNetInterest": -429000000, "calculatedOtherIncome": -42000000, "calculatedIncomeNonControlling": 2000000, "calculatedEbitda": 2108000000}, {"date": "2015-12-31", "symbol": "CMSA", "reportedCurrency": "USD", "cik": "0000811156", "fillingDate": "2016-02-11", "acceptedDate": "2016-02-11 09:30:53", "calendarYear": "2015", "period": "FY", "revenue": 6456000000, "costOfRevenue": 4281000000, "grossProfit": 2175000000, "grossProfitRatio": 0.3368959108, "researchAndDevelopmentExpenses": 0, "generalAndAdministrativeExpenses": 0, "sellingAndMarketingExpenses": 0, "sellingGeneralAndAdministrativeExpenses": 15000000, "otherExpenses": 29000000, "operatingExpenses": 5293000000, "costAndExpenses": 5293000000, "interestIncome": 12000000, "interestExpense": 396000000, "depreciationAndAmortization": 750000000, "ebitda": 1192000000, "ebitdaratio": 0.1846344486, "operatingIncome": 1163000000, "operatingIncomeRatio": 0.1801425031, "totalOtherIncomeExpensesNet": 29000000, "incomeBeforeTax": 796000000, "incomeBeforeTaxRatio": 0.1232961586, "incomeTaxExpense": 271000000, "netIncome": 523000000, "netIncomeRatio": 0.0810099133, "eps": 1.9, "epsdiluted": 1.89, "weightedAverageShsOut": 276000000, "weightedAverageShsOutDil": 276000000, "link": "https://www.sec.gov/Archives/edgar/data/811156/000110465916095725/0001104659-16-095725-index.htm", "finalLink": "https://www.sec.gov/Archives/edgar/data/201533/000110465916095725/a15-23273_110k.htm", "calculatedOtherExpenses": 997000000, "calculatedOperatingExpenses": 1012000000, "calculatedNetInterest": -384000000, "calculatedOtherIncome": 17000000, "calculatedIncomeNonControlling": 2000000, "calculatedEbitda": 1913000000}, {"date": "2014-12-31", "symbol": "CMSA", "reportedCurrency": "USD", "cik": "0000811156", "fillingDate": "2015-02-05", "acceptedDate": "2015-02-05 08:41:56", "calendarYear": "2014", "period": "FY", "revenue": 7179000000, "costOfRevenue": 5090000000, "grossProfit": 2089000000, "grossProfitRatio": 0.2909876027, "researchAndDevelopmentExpenses": 0, "generalAndAdministrativeExpenses": 0, "sellingAndMarketingExpenses": 0, "sellingGeneralAndAdministrativeExpenses": 0, "otherExpenses": -16000000, "operatingExpenses": 6027000000, "costAndExpenses": 6027000000, "interestIncome": 5000000, "interestExpense": 407000000, "depreciationAndAmortization": 685000000, "ebitda": 1136000000, "ebitdaratio": 0.1582393091, "operatingIncome": 1152000000, "operatingIncomeRatio": 0.1604680318, "totalOtherIncomeExpensesNet": -16000000, "incomeBeforeTax": 729000000, "incomeBeforeTaxRatio": 0.1015461763, "incomeTaxExpense": 250000000, "netIncome": 477000000, "netIncomeRatio": 0.0664437944, "eps": 1.76, "epsdiluted": 1.74, "weightedAverageShsOut": 271000000, "weightedAverageShsOutDil": 275000000, "link": "https://www.sec.gov/Archives/edgar/data/811156/000110465915006843/0001104659-15-006843-index.htm", "finalLink": "https://www.sec.gov/Archives/edgar/data/201533/000110465915006843/a15-1932_110k.htm", "calculatedOtherExpenses": 937000000, "calculatedOperatingExpenses": 937000000, "calculatedNetInterest": -402000000, "calculatedOtherIncome": -21000000, "calculatedIncomeNonControlling": 2000000, "calculatedEbitda": 1837000000}, {"date": "2013-12-31", "symbol": "CMSA", "reportedCurrency": "USD", "cik": "0000811156", "fillingDate": "2014-02-06", "acceptedDate": "2014-02-06 09:01:23", "calendarYear": "2013", "period": "FY", "revenue": 6566000000, "costOfRevenue": 4562000000, "grossProfit": 2004000000, "grossProfitRatio": 0.3052086506, "researchAndDevelopmentExpenses": 0, "generalAndAdministrativeExpenses": 0, "sellingAndMarketingExpenses": 0, "sellingGeneralAndAdministrativeExpenses": 0, "otherExpenses": 12000000, "operatingExpenses": 5424000000, "costAndExpenses": 5424000000, "interestIncome": 3000000, "interestExpense": 398000000, "depreciationAndAmortization": 628000000, "ebitda": 1154000000, "ebitdaratio": 0.1757538836, "operatingIncome": 1142000000, "operatingIncomeRatio": 0.1739262869, "totalOtherIncomeExpensesNet": 12000000, "incomeBeforeTax": 756000000, "incomeBeforeTaxRatio": 0.1151385928, "incomeTaxExpense": 302000000, "netIncome": 452000000, "netIncomeRatio": 0.0688394761, "eps": 1.71, "epsdiluted": 1.66, "weightedAverageShsOut": 265000000, "weightedAverageShsOutDil": 272000000, "link": "https://www.sec.gov/Archives/edgar/data/811156/000110465914006974/0001104659-14-006974-index.htm", "finalLink": "https://www.sec.gov/Archives/edgar/data/201533/000110465914006974/a14-1343_210k.htm", "calculatedOtherExpenses": 862000000, "calculatedOperatingExpenses": 862000000, "calculatedNetInterest": -395000000, "calculatedOtherIncome": 9000000, "calculatedIncomeNonControlling": 2000000, "calculatedEbitda": 1770000000}, {"date": "2012-12-31", "symbol": "CMSA", "reportedCurrency": "USD", "cik": "0000811156", "fillingDate": "2013-02-21", "acceptedDate": "2013-02-21 12:46:29", "calendarYear": "2012", "period": "FY", "revenue": 6253000000, "costOfRevenue": 4424000000, "grossProfit": 1829000000, "grossProfitRatio": 0.2924996002, "researchAndDevelopmentExpenses": 0, "generalAndAdministrativeExpenses": 0, "sellingAndMarketingExpenses": 0, "sellingGeneralAndAdministrativeExpenses": 0, "otherExpenses": -22000000, "operatingExpenses": 827000000, "costAndExpenses": 5251000000, "interestIncome": 5000000, "interestExpense": 389000000, "depreciationAndAmortization": 598000000, "ebitda": 1600000000, "ebitdaratio": 0.255877179, "operatingIncome": 1003000000, "operatingIncomeRatio": 0.1604030066, "totalOtherIncomeExpensesNet": 4000000, "incomeBeforeTax": 622000000, "incomeBeforeTaxRatio": 0.0994722533, "incomeTaxExpense": 245000000, "netIncome": 382000000, "netIncomeRatio": 0.0610906765, "eps": 1.43, "epsdiluted": 1.39, "weightedAverageShsOut": 260700000, "weightedAverageShsOutDil": 268600000, "link": "https://www.sec.gov/Archives/edgar/data/811156/000104746913001373/0001047469-13-001373-index.htm", "finalLink": "https://www.sec.gov/Archives/edgar/data/201533/000104746913001373/a2212663z10-k.htm", "calculatedOtherExpenses": 826000000, "calculatedOperatingExpenses": 826000000, "calculatedNetInterest": -384000000, "calculatedOtherIncome": 3000000, "calculatedIncomeNonControlling": -5000000, "calculatedEbitda": 1601000000}, {"date": "2011-12-31", "symbol": "CMSA", "reportedCurrency": "USD", "cik": "0000811156", "fillingDate": "2012-02-23", "acceptedDate": "2012-02-23 10:03:21", "calendarYear": "2011", "period": "FY", "revenue": 6503000000, "costOfRevenue": 3512000000, "grossProfit": 2991000000, "grossProfitRatio": 0.4599415654, "researchAndDevelopmentExpenses": 0, "generalAndAdministrativeExpenses": 0, "sellingAndMarketingExpenses": 0, "sellingGeneralAndAdministrativeExpenses": 0, "otherExpenses": 1988000000, "operatingExpenses": 1988000000, "costAndExpenses": 5500000000, "interestIncome": 9000000, "interestExpense": 415000000, "depreciationAndAmortization": 546000000, "ebitda": 1567000000, "ebitdaratio": 0.2409657081, "operatingIncome": 1003000000, "operatingIncomeRatio": 0.1542365062, "totalOtherIncomeExpensesNet": 9000000, "incomeBeforeTax": 606000000, "incomeBeforeTaxRatio": 0.0931877595, "incomeTaxExpense": 191000000, "netIncome": 415000000, "netIncomeRatio": 0.0638167, "eps": 1.65, "epsdiluted": 1.57, "weightedAverageShsOut": 250800000, "weightedAverageShsOutDil": 263400000, "link": "https://www.sec.gov/Archives/edgar/data/811156/000119312512074276/0001193125-12-074276-index.htm", "finalLink": "https://www.sec.gov/Archives/edgar/data/201533/000119312512074276/d287367d10k.htm", "calculatedOtherExpenses": 1988000000, "calculatedOperatingExpenses": 1988000000, "calculatedNetInterest": -406000000, "calculatedOtherIncome": 9000000, "calculatedIncomeNonControlling": 0, "calculatedEbitda": 1549000000}, {"date": "2010-12-31", "symbol": "CMSA", "reportedCurrency": "USD", "cik": "0000811156", "fillingDate": "2011-02-24", "acceptedDate": "2011-02-24 17:21:57", "calendarYear": "2010", "period": "FY", "revenue": 6432000000, "costOfRevenue": 3518000000, "grossProfit": 2914000000, "grossProfitRatio": 0.4530472637, "researchAndDevelopmentExpenses": 0, "generalAndAdministrativeExpenses": 0, "sellingAndMarketingExpenses": 0, "sellingGeneralAndAdministrativeExpenses": 0, "otherExpenses": 1936000000, "operatingExpenses": 1936000000, "costAndExpenses": 5454000000, "interestIncome": 19000000, "interestExpense": 431000000, "depreciationAndAmortization": 576000000, "ebitda": 1584000000, "ebitdaratio": 0.2462686567, "operatingIncome": 978000000, "operatingIncomeRatio": 0.1520522388, "totalOtherIncomeExpensesNet": 24000000, "incomeBeforeTax": 590000000, "incomeBeforeTaxRatio": 0.0917288557, "incomeTaxExpense": 224000000, "netIncome": 340000000, "netIncomeRatio": 0.0528606965, "eps": 1.4, "epsdiluted": 1.28, "weightedAverageShsOut": 231500000, "weightedAverageShsOutDil": 252900000, "link": "https://www.sec.gov/Archives/edgar/data/811156/000095012311017966/0000950123-11-017966-index.htm", "finalLink": "https://www.sec.gov/Archives/edgar/data/201533/000095012311017966/k50057e10vk.htm", "calculatedOtherExpenses": 1936000000, "calculatedOperatingExpenses": 1936000000, "calculatedNetInterest": -412000000, "calculatedOtherIncome": 24000000, "calculatedIncomeNonControlling": 26000000, "calculatedEbitda": 1554000000}, {"date": "2009-12-31", "symbol": "CMSA", "reportedCurrency": "USD", "cik": "0000811156", "fillingDate": "2010-03-01", "acceptedDate": "2010-02-26 18:41:11", "calendarYear": "2009", "period": "FY", "revenue": 6205000000, "costOfRevenue": 3570000000, "grossProfit": 2635000000, "grossProfitRatio": 0.4246575342, "researchAndDevelopmentExpenses": 0, "generalAndAdministrativeExpenses": 0, "sellingAndMarketingExpenses": 0, "sellingGeneralAndAdministrativeExpenses": 0, "otherExpenses": 1937000000, "operatingExpenses": 1937000000, "costAndExpenses": 5507000000, "interestIncome": 24000000, "interestExpense": 435000000, "depreciationAndAmortization": 570000000, "ebitda": 1290000000, "ebitdaratio": 0.2078968574, "operatingIncome": 696000000, "operatingIncomeRatio": 0.1121676068, "totalOtherIncomeExpensesNet": 50000000, "incomeBeforeTax": 335000000, "incomeBeforeTaxRatio": 0.0539887188, "incomeTaxExpense": 115000000, "netIncome": 229000000, "netIncomeRatio": 0.0369057212, "eps": 0.96, "epsdiluted": 0.91, "weightedAverageShsOut": 227200000, "weightedAverageShsOutDil": 237900000, "link": "https://www.sec.gov/Archives/edgar/data/811156/000095012310018474/0000950123-10-018474-index.htm", "finalLink": "https://www.sec.gov/Archives/edgar/data/201533/000095012310018474/k48861e10vk.htm", "calculatedOtherExpenses": 1939000000, "calculatedOperatingExpenses": 1939000000, "calculatedNetInterest": -411000000, "calculatedOtherIncome": 50000000, "calculatedIncomeNonControlling": -9000000, "calculatedEbitda": 1266000000}, {"date": "2008-12-31", "symbol": "CMSA", "reportedCurrency": "USD", "cik": "0000811156", "fillingDate": "2009-02-25", "acceptedDate": "2009-02-25 17:31:23", "calendarYear": "2008", "period": "FY", "revenue": 6821000000, "costOfRevenue": 4212000000, "grossProfit": 2609000000, "grossProfitRatio": 0.3824952353, "researchAndDevelopmentExpenses": 0, "generalAndAdministrativeExpenses": 0, "sellingAndMarketingExpenses": 0, "sellingGeneralAndAdministrativeExpenses": 0, "otherExpenses": 1823000000, "operatingExpenses": 1823000000, "costAndExpenses": 6035000000, "interestIncome": 0, "interestExpense": 0, "depreciationAndAmortization": 589000000, "ebitda": 1350000000, "ebitdaratio": 0.1979181938, "operatingIncome": 786000000, "operatingIncomeRatio": 0.1152323706, "totalOtherIncomeExpensesNet": 25000000, "incomeBeforeTax": 442000000, "incomeBeforeTaxRatio": 0.0647998827, "incomeTaxExpense": 142000000, "netIncome": 300000000, "netIncomeRatio": 0.0439818208, "eps": 1.25, "epsdiluted": 1.2, "weightedAverageShsOut": 225700000, "weightedAverageShsOutDil": 236200000, "link": "https://www.sec.gov/Archives/edgar/data/811156/000095015209001765/0000950152-09-001765-index.htm", "finalLink": "https://www.sec.gov/Archives/edgar/data/201533/000095015209001765/k47328e10vk.htm", "calculatedOtherExpenses": 1823000000, "calculatedOperatingExpenses": 1823000000, "calculatedNetInterest": 0, "calculatedOtherIncome": -344000000, "calculatedIncomeNonControlling": 0, "calculatedEbitda": 1375000000}, {"date": "2007-12-31", "symbol": "CMSA", "reportedCurrency": "USD", "cik": "0000811156", "fillingDate": "2008-02-21", "acceptedDate": "2008-02-21 17:21:38", "calendarYear": "2007", "period": "FY", "revenue": 6464000000, "costOfRevenue": 4102000000, "grossProfit": 2362000000, "grossProfitRatio": 0.3654084158, "researchAndDevelopmentExpenses": 0, "generalAndAdministrativeExpenses": 0, "sellingAndMarketingExpenses": 0, "sellingGeneralAndAdministrativeExpenses": 0, "otherExpenses": 2450000000, "operatingExpenses": 2450000000, "costAndExpenses": 6552000000, "interestIncome": 0, "interestExpense": 0, "depreciationAndAmortization": 545000000, "ebitda": 335000000, "ebitdaratio": 0.051825495, "operatingIncome": -88000000, "operatingIncomeRatio": -0.0136138614, "totalOtherIncomeExpensesNet": 122000000, "incomeBeforeTax": -321000000, "incomeBeforeTaxRatio": -0.0496596535, "incomeTaxExpense": -195000000, "netIncome": -215000000, "netIncomeRatio": -0.0332611386, "eps": -0.97, "epsdiluted": -0.97, "weightedAverageShsOut": 222549020, "weightedAverageShsOutDil": 222549020, "link": "https://www.sec.gov/Archives/edgar/data/811156/000095012408000749/0000950124-08-000749-index.htm", "finalLink": "https://www.sec.gov/Archives/edgar/data/201533/000095012408000749/k23633e10vk.htm", "calculatedOtherExpenses": 2450000000, "calculatedOperatingExpenses": 2450000000, "calculatedNetInterest": 0, "calculatedOtherIncome": -233000000, "calculatedIncomeNonControlling": 89000000, "calculatedEbitda": 457000000}, {"date": "2006-12-31", "symbol": "CMSA", "reportedCurrency": "USD", "cik": "0000811156", "fillingDate": "2007-02-23", "acceptedDate": "2007-02-23 17:21:35", "calendarYear": "2006", "period": "FY", "revenue": 6810000000, "costOfRevenue": 4148000000, "grossProfit": 2662000000, "grossProfitRatio": 0.3908957416, "researchAndDevelopmentExpenses": 0, "generalAndAdministrativeExpenses": 0, "sellingAndMarketingExpenses": 0, "sellingGeneralAndAdministrativeExpenses": 0, "otherExpenses": 2788000000, "operatingExpenses": 2788000000, "costAndExpenses": 6936000000, "interestIncome": 0, "interestExpense": 0, "depreciationAndAmortization": 576000000, "ebitda": 242000000, "ebitdaratio": 0.0355359765, "operatingIncome": -126000000, "operatingIncomeRatio": -0.0185022026, "totalOtherIncomeExpensesNet": 208000000, "incomeBeforeTax": -243000000, "incomeBeforeTaxRatio": -0.0356828194, "incomeTaxExpense": -158000000, "netIncome": -79000000, "netIncomeRatio": -0.0116005874, "eps": -0.36, "epsdiluted": -0.36, "weightedAverageShsOut": 219512195, "weightedAverageShsOutDil": 219512195, "link": "https://www.sec.gov/Archives/edgar/data/811156/000095012407001061/0000950124-07-001061-index.htm", "finalLink": "https://www.sec.gov/Archives/edgar/data/201533/000095012407001061/k12475e10vk.txt", "calculatedOtherExpenses": 2788000000, "calculatedOperatingExpenses": 2788000000, "calculatedNetInterest": 0, "calculatedOtherIncome": -117000000, "calculatedIncomeNonControlling": -6000000, "calculatedEbitda": 450000000}, {"date": "2005-12-31", "symbol": "CMSA", "reportedCurrency": "USD", "cik": "0000811156", "fillingDate": "2006-02-24", "acceptedDate": "2006-02-24 17:21:32", "calendarYear": "2005", "period": "FY", "revenue": 6288000000, "costOfRevenue": 1066000000, "grossProfit": 5222000000, "grossProfitRatio": 0.8304707379, "researchAndDevelopmentExpenses": 0, "generalAndAdministrativeExpenses": 0, "sellingAndMarketingExpenses": 0, "sellingGeneralAndAdministrativeExpenses": 0, "otherExpenses": 5617000000, "operatingExpenses": 5617000000, "costAndExpenses": 6683000000, "interestIncome": 0, "interestExpense": 0, "depreciationAndAmortization": 525000000, "ebitda": 18000000, "ebitdaratio": 0.0028625954, "operatingIncome": -395000000, "operatingIncomeRatio": -0.0628180662, "totalOtherIncomeExpensesNet": 112000000, "incomeBeforeTax": -266000000, "incomeBeforeTaxRatio": -0.042302799, "incomeTaxExpense": -168000000, "netIncome": -84000000, "netIncomeRatio": -0.0133587786, "eps": -0.39, "epsdiluted": -0.39, "weightedAverageShsOut": 213636364, "weightedAverageShsOutDil": 213636364, "link": "https://www.sec.gov/Archives/edgar/data/811156/000095012406000851/0000950124-06-000851-index.htm", "finalLink": "https://www.sec.gov/Archives/edgar/data/201533/000095012406000851/k02628e10vk.txt", "calculatedOtherExpenses": 5617000000, "calculatedOperatingExpenses": 5617000000, "calculatedNetInterest": 0, "calculatedOtherIncome": 129000000, "calculatedIncomeNonControlling": -14000000, "calculatedEbitda": 130000000}, {"date": "2004-12-31", "symbol": "CMSA", "reportedCurrency": "USD", "cik": "0000811156", "fillingDate": "2005-03-10", "acceptedDate": "2005-03-10 16:08:04", "calendarYear": "2004", "period": "FY", "revenue": 5472000000, "costOfRevenue": 1137000000, "grossProfit": 4335000000, "grossProfitRatio": 0.7922149123, "researchAndDevelopmentExpenses": 0, "generalAndAdministrativeExpenses": 0, "sellingAndMarketingExpenses": 0, "sellingGeneralAndAdministrativeExpenses": 0, "otherExpenses": 3744000000, "operatingExpenses": 3744000000, "costAndExpenses": 4881000000, "interestIncome": 0, "interestExpense": 0, "depreciationAndAmortization": 431000000, "ebitda": 869000000, "ebitdaratio": 0.1588084795, "operatingIncome": 591000000, "operatingIncomeRatio": 0.108004386, "totalOtherIncomeExpensesNet": 153000000, "incomeBeforeTax": 122000000, "incomeBeforeTaxRatio": 0.0222953216, "incomeTaxExpense": -5000000, "netIncome": 121000000, "netIncomeRatio": 0.0221125731, "eps": 0.65, "epsdiluted": 0.64, "weightedAverageShsOut": 169230769, "weightedAverageShsOutDil": 171875000, "link": "https://www.sec.gov/Archives/edgar/data/811156/000095012405001425/0000950124-05-001425-index.htm", "finalLink": "https://www.sec.gov/Archives/edgar/data/201533/000095012405001425/k91832e10vk.txt", "calculatedOtherExpenses": 3744000000, "calculatedOperatingExpenses": 3744000000, "calculatedNetInterest": 0, "calculatedOtherIncome": -469000000, "calculatedIncomeNonControlling": 6000000, "calculatedEbitda": 1022000000}, {"date": "2003-12-31", "symbol": "CMSA", "reportedCurrency": "USD", "cik": "0000811156", "fillingDate": "2004-03-12", "acceptedDate": "2004-03-12 08:25:20", "calendarYear": "2003", "period": "FY", "revenue": 5513000000, "costOfRevenue": 1400000000, "grossProfit": 4113000000, "grossProfitRatio": 0.7460547796, "researchAndDevelopmentExpenses": 0, "generalAndAdministrativeExpenses": 0, "sellingAndMarketingExpenses": 0, "sellingGeneralAndAdministrativeExpenses": 0, "otherExpenses": 3682000000, "operatingExpenses": 3682000000, "costAndExpenses": 5082000000, "interestIncome": 0, "interestExpense": 0, "depreciationAndAmortization": 462000000, "ebitda": 743000000, "ebitdaratio": 0.1347723562, "operatingIncome": 431000000, "operatingIncomeRatio": 0.07817885, "totalOtherIncomeExpensesNet": 150000000, "incomeBeforeTax": 15000000, "incomeBeforeTaxRatio": 0.0027208416, "incomeTaxExpense": 58000000, "netIncome": -44000000, "netIncomeRatio": -0.0079811355, "eps": -0.29, "epsdiluted": -0.29, "weightedAverageShsOut": 153333333, "weightedAverageShsOutDil": 153333333, "link": "https://www.sec.gov/Archives/edgar/data/811156/000095012404000855/0000950124-04-000855-index.htm", "finalLink": "https://www.sec.gov/Archives/edgar/data/811156/000095012404000855/k82154e10vk.txt", "calculatedOtherExpenses": 3682000000, "calculatedOperatingExpenses": 3682000000, "calculatedNetInterest": 0, "calculatedOtherIncome": -416000000, "calculatedIncomeNonControlling": 1000000, "calculatedEbitda": 893000000}, {"date": "2002-12-31", "symbol": "CMSA", "reportedCurrency": "USD", "cik": "0000811156", "fillingDate": "2003-03-31", "acceptedDate": "2003-03-31 17:25:11", "calendarYear": "2002", "period": "FY", "revenue": 8687000000, "costOfRevenue": 3535000000, "grossProfit": 5152000000, "grossProfitRatio": 0.5930701048, "researchAndDevelopmentExpenses": 0, "generalAndAdministrativeExpenses": 0, "sellingAndMarketingExpenses": 0, "sellingGeneralAndAdministrativeExpenses": 0, "otherExpenses": 5053000000, "operatingExpenses": 5053000000, "costAndExpenses": 8588000000, "interestIncome": 0, "interestExpense": 0, "depreciationAndAmortization": 515000000, "ebitda": 612000000, "ebitdaratio": 0.0704500978, "operatingIncome": 99000000, "operatingIncomeRatio": 0.0113963394, "totalOtherIncomeExpensesNet": 2000000, "incomeBeforeTax": -403000000, "incomeBeforeTaxRatio": -0.0463911592, "incomeTaxExpense": 13000000, "netIncome": -620000000, "netIncomeRatio": -0.0713710142, "eps": -4.46, "epsdiluted": -4.46, "weightedAverageShsOut": 138888889, "weightedAverageShsOutDil": 138888889, "link": "https://www.sec.gov/Archives/edgar/data/811156/000095012403001055/0000950124-03-001055-index.htm", "finalLink": "https://www.sec.gov/Archives/edgar/data/811156/000095012403001055/k74289e10vk.txt", "calculatedOtherExpenses": 5053000000, "calculatedOperatingExpenses": 5053000000, "calculatedNetInterest": 0, "calculatedOtherIncome": -502000000, "calculatedIncomeNonControlling": 204000000, "calculatedEbitda": 614000000}, {"date": "2001-12-31", "symbol": "CMSA", "reportedCurrency": "USD", "cik": "0000811156", "fillingDate": "2002-03-29", "acceptedDate": "2002-03-29 00:00:00", "calendarYear": "2001", "period": "FY", "revenue": 9597000000, "costOfRevenue": 2856000000, "grossProfit": 6741000000, "grossProfitRatio": 0.7024070022, "researchAndDevelopmentExpenses": 0, "generalAndAdministrativeExpenses": 0, "sellingAndMarketingExpenses": 0, "sellingGeneralAndAdministrativeExpenses": 0, "otherExpenses": 6440000000, "operatingExpenses": 6440000000, "costAndExpenses": 9296000000, "interestIncome": 0, "interestExpense": 0, "depreciationAndAmortization": 524000000, "ebitda": 842000000, "ebitdaratio": 0.0877357508, "operatingIncome": 301000000, "operatingIncomeRatio": 0.0313639679, "totalOtherIncomeExpensesNet": -11000000, "incomeBeforeTax": -404000000, "incomeBeforeTaxRatio": -0.0420964885, "incomeTaxExpense": -73000000, "netIncome": -545000000, "netIncomeRatio": -0.0567885798, "eps": -4.19, "epsdiluted": -4.17, "weightedAverageShsOut": 130000000, "weightedAverageShsOutDil": 130769231, "link": "https://www.sec.gov/Archives/edgar/data/811156/000095012402001143/0000950124-02-001143-index.htm", "finalLink": "https://www.sec.gov/Archives/edgar/data/76063/000095012402001143/k67879e10-k.txt", "calculatedOtherExpenses": 6440000000, "calculatedOperatingExpenses": 6440000000, "calculatedNetInterest": 0, "calculatedOtherIncome": -705000000, "calculatedIncomeNonControlling": 214000000, "calculatedEbitda": 825000000}, {"date": "2000-12-31", "symbol": "CMSA", "reportedCurrency": "USD", "cik": "0000811156", "fillingDate": "2001-03-23", "acceptedDate": "2001-03-23 00:00:00", "calendarYear": "2000", "period": "FY", "revenue": 8998000000, "costOfRevenue": 2949000000, "grossProfit": 6049000000, "grossProfitRatio": 0.6722605023, "researchAndDevelopmentExpenses": 0, "generalAndAdministrativeExpenses": 0, "sellingAndMarketingExpenses": 0, "sellingGeneralAndAdministrativeExpenses": 0, "otherExpenses": 5322000000, "operatingExpenses": 5322000000, "costAndExpenses": 8271000000, "interestIncome": 0, "interestExpense": 0, "depreciationAndAmortization": 637000000, "ebitda": 1302000000, "ebitdaratio": 0.144698822, "operatingIncome": 727000000, "operatingIncomeRatio": 0.0807957324, "totalOtherIncomeExpensesNet": 62000000, "incomeBeforeTax": 101000000, "incomeBeforeTaxRatio": 0.0112247166, "incomeTaxExpense": 60000000, "netIncome": 36000000, "netIncomeRatio": 0.0040008891, "eps": 0.04, "epsdiluted": 0.04, "weightedAverageShsOut": 111000000, "weightedAverageShsOutDil": 111917098, "link": "https://www.sec.gov/Archives/edgar/data/811156/000095012401001548/0000950124-01-001548-index.htm", "finalLink": "https://www.sec.gov/Archives/edgar/data/76063/000095012401001548/k60932e10-k.txt", "calculatedOtherExpenses": 5322000000, "calculatedOperatingExpenses": 5322000000, "calculatedNetInterest": 0, "calculatedOtherIncome": -626000000, "calculatedIncomeNonControlling": 5000000, "calculatedEbitda": 1364000000}, {"date": "1999-12-31", "symbol": "CMSA", "reportedCurrency": "USD", "cik": "0000811156", "fillingDate": "2000-03-30", "acceptedDate": "2000-03-30 00:00:00", "calendarYear": "1999", "period": "FY", "revenue": 6103000000, "costOfRevenue": 4042000000, "grossProfit": 2061000000, "grossProfitRatio": 0.3377027691, "researchAndDevelopmentExpenses": 0, "generalAndAdministrativeExpenses": 0, "sellingAndMarketingExpenses": 0, "sellingGeneralAndAdministrativeExpenses": 0, "otherExpenses": 1149000000, "operatingExpenses": 1149000000, "costAndExpenses": 5191000000, "interestIncome": 0, "interestExpense": 0, "depreciationAndAmortization": 630000000, "ebitda": 1532000000, "ebitdaratio": 0.2510240865, "operatingIncome": 912000000, "operatingIncomeRatio": 0.1494347042, "totalOtherIncomeExpensesNet": 10000000, "incomeBeforeTax": 341000000, "incomeBeforeTaxRatio": 0.0558741602, "incomeTaxExpense": 64000000, "netIncome": 277000000, "netIncomeRatio": 0.0453875143, "eps": 2.18, "epsdiluted": 2.17, "weightedAverageShsOut": 110100000, "weightedAverageShsOutDil": 114700000, "link": "https://www.sec.gov/Archives/edgar/data/811156/000095012400001799/0000950124-00-001799-index.html", "finalLink": "https://www.sec.gov/Archives/edgar/data/76063/000095012400001799/", "calculatedOtherExpenses": 1149000000, "calculatedOperatingExpenses": 1149000000, "calculatedNetInterest": 0, "calculatedOtherIncome": -571000000, "calculatedIncomeNonControlling": 0, "calculatedEbitda": 1542000000}, {"date": "1998-12-31", "symbol": "CMSA", "reportedCurrency": "USD", "cik": "0000811156", "fillingDate": "1999-03-31", "acceptedDate": "1999-03-31 00:00:00", "calendarYear": "1998", "period": "FY", "revenue": 5141000000, "costOfRevenue": 3491000000, "grossProfit": 1650000000, "grossProfitRatio": 0.3209492317, "researchAndDevelopmentExpenses": 0, "generalAndAdministrativeExpenses": 0, "sellingAndMarketingExpenses": 0, "sellingGeneralAndAdministrativeExpenses": 0, "otherExpenses": 912000000, "operatingExpenses": 912000000, "costAndExpenses": 4403000000, "interestIncome": 0, "interestExpense": 0, "depreciationAndAmortization": 544000000, "ebitda": 1282000000, "ebitdaratio": 0.2493678273, "operatingIncome": 738000000, "operatingIncomeRatio": 0.1435518382, "totalOtherIncomeExpensesNet": -9000000, "incomeBeforeTax": 342000000, "incomeBeforeTaxRatio": 0.0665240226, "incomeTaxExpense": 100000000, "netIncome": 285000000, "netIncomeRatio": 0.0554366855, "eps": 2.45, "epsdiluted": 2.45, "weightedAverageShsOut": 107746479, "weightedAverageShsOutDil": 108778626, "link": "https://www.sec.gov/Archives/edgar/data/811156/000095012499002252/0000950124-99-002252-index.html", "finalLink": "https://www.sec.gov/Archives/edgar/data/201533/", "calculatedOtherExpenses": 912000000, "calculatedOperatingExpenses": 912000000, "calculatedNetInterest": 0, "calculatedOtherIncome": -396000000, "calculatedIncomeNonControlling": -43000000, "calculatedEbitda": 1282000000}, {"date": "1997-12-31", "symbol": "CMSA", "reportedCurrency": "USD", "cik": "0000811156", "fillingDate": "1998-03-26", "acceptedDate": "1998-03-26 00:00:00", "calendarYear": "1997", "period": "FY", "revenue": 4787000000, "costOfRevenue": 3179000000, "grossProfit": 1608000000, "grossProfitRatio": 0.3359097556, "researchAndDevelopmentExpenses": 0, "generalAndAdministrativeExpenses": 0, "sellingAndMarketingExpenses": 0, "sellingGeneralAndAdministrativeExpenses": 0, "otherExpenses": 862000000, "operatingExpenses": 862000000, "costAndExpenses": 4041000000, "interestIncome": 0, "interestExpense": 0, "depreciationAndAmortization": 533000000, "ebitda": 1279000000, "ebitdaratio": 0.2671819511, "operatingIncome": 746000000, "operatingIncomeRatio": 0.1558387299, "totalOtherIncomeExpensesNet": -12000000, "incomeBeforeTax": 385000000, "incomeBeforeTaxRatio": 0.0804261542, "incomeTaxExpense": 117000000, "netIncome": 268000000, "netIncomeRatio": 0.0559849593, "eps": 2.63, "epsdiluted": 2.61, "weightedAverageShsOut": 92775665, "weightedAverageShsOutDil": 93486590, "link": "https://www.sec.gov/Archives/edgar/data/811156/000020153398000042/0000201533-98-000042-index.html", "finalLink": "https://www.sec.gov/Archives/edgar/data/201533/", "calculatedOtherExpenses": 862000000, "calculatedOperatingExpenses": 862000000, "calculatedNetInterest": 0, "calculatedOtherIncome": -361000000, "calculatedIncomeNonControlling": 0, "calculatedEbitda": 1279000000}, {"date": "1996-12-31", "symbol": "CMSA", "reportedCurrency": "USD", "cik": "0000811156", "fillingDate": "1997-03-14", "acceptedDate": "1997-03-14 00:00:00", "calendarYear": "1996", "period": "FY", "revenue": 4333000000, "costOfRevenue": 2835000000, "grossProfit": 1498000000, "grossProfitRatio": 0.3457189015, "researchAndDevelopmentExpenses": 0, "generalAndAdministrativeExpenses": 0, "sellingAndMarketingExpenses": 0, "sellingGeneralAndAdministrativeExpenses": 0, "otherExpenses": 821000000, "operatingExpenses": 821000000, "costAndExpenses": 3656000000, "interestIncome": 0, "interestExpense": 0, "depreciationAndAmortization": 493000000, "ebitda": 1170000000, "ebitdaratio": 0.2700207708, "operatingIncome": 677000000, "operatingIncomeRatio": 0.1562427879, "totalOtherIncomeExpensesNet": -11000000, "incomeBeforeTax": 379000000, "incomeBeforeTaxRatio": 0.0874682668, "incomeTaxExpense": 139000000, "netIncome": 240000000, "netIncomeRatio": 0.0553888761, "eps": 2.45, "epsdiluted": 2.44, "weightedAverageShsOut": 91428571, "weightedAverageShsOutDil": 91803279, "link": "https://www.sec.gov/Archives/edgar/data/811156/000020153397000016/0000201533-97-000016-index.html", "finalLink": "https://www.sec.gov/Archives/edgar/data/201533/", "calculatedOtherExpenses": 821000000, "calculatedOperatingExpenses": 821000000, "calculatedNetInterest": 0, "calculatedOtherIncome": -298000000, "calculatedIncomeNonControlling": 0, "calculatedEbitda": 1170000000}, {"date": "1995-12-31", "symbol": "CMSA", "reportedCurrency": "USD", "cik": "0000811156", "fillingDate": "1996-03-14", "acceptedDate": "1996-03-14 00:00:00", "calendarYear": "1995", "period": "FY", "revenue": 3890000000, "costOfRevenue": 2489000000, "grossProfit": 1401000000, "grossProfitRatio": 0.3601542416, "researchAndDevelopmentExpenses": 0, "generalAndAdministrativeExpenses": 0, "sellingAndMarketingExpenses": 0, "sellingGeneralAndAdministrativeExpenses": 0, "otherExpenses": 798000000, "operatingExpenses": 798000000, "costAndExpenses": 3287000000, "interestIncome": 0, "interestExpense": 0, "depreciationAndAmortization": 475000000, "ebitda": 1078000000, "ebitdaratio": 0.2771208226, "operatingIncome": 603000000, "operatingIncomeRatio": 0.1550128535, "totalOtherIncomeExpensesNet": 2000000, "incomeBeforeTax": 334000000, "incomeBeforeTaxRatio": 0.0858611825, "incomeTaxExpense": 130000000, "netIncome": 204000000, "netIncomeRatio": 0.0524421594, "eps": 2.27, "epsdiluted": 2.26, "weightedAverageShsOut": 89867841, "weightedAverageShsOutDil": 90265487, "link": "https://www.sec.gov/Archives/edgar/data/811156/000020153396000043/0000201533-96-000043-index.html", "finalLink": "https://www.sec.gov/Archives/edgar/data/201533/", "calculatedOtherExpenses": 798000000, "calculatedOperatingExpenses": 798000000, "calculatedNetInterest": 0, "calculatedOtherIncome": -269000000, "calculatedIncomeNonControlling": 0, "calculatedEbitda": 1078000000}, {"date": "1994-12-31", "symbol": "CMSA", "reportedCurrency": "USD", "cik": "0000811156", "fillingDate": "1995-03-15", "acceptedDate": "1995-03-15 00:00:00", "calendarYear": "1994", "period": "FY", "revenue": 3619000000, "costOfRevenue": 2360000000, "grossProfit": 1259000000, "grossProfitRatio": 0.3478861564, "researchAndDevelopmentExpenses": 0, "generalAndAdministrativeExpenses": 0, "sellingAndMarketingExpenses": 0, "sellingGeneralAndAdministrativeExpenses": 0, "otherExpenses": 755000000, "operatingExpenses": 755000000, "costAndExpenses": 3115000000, "interestIncome": 0, "interestExpense": 0, "depreciationAndAmortization": 444000000, "ebitda": 948000000, "ebitdaratio": 0.2619508151, "operatingIncome": 504000000, "operatingIncomeRatio": 0.1392649903, "totalOtherIncomeExpensesNet": 8000000, "incomeBeforeTax": 283000000, "incomeBeforeTaxRatio": 0.0781983973, "incomeTaxExpense": 104000000, "netIncome": 179000000, "netIncomeRatio": 0.0494611771, "eps": 2.09, "epsdiluted": 2.08, "weightedAverageShsOut": 85645933, "weightedAverageShsOutDil": 86057692, "link": "https://www.sec.gov/Archives/edgar/data/811156/000020153395000029/0000201533-95-000029-index.html", "finalLink": "https://www.sec.gov/Archives/edgar/data/201533/", "calculatedOtherExpenses": 755000000, "calculatedOperatingExpenses": 755000000, "calculatedNetInterest": 0, "calculatedOtherIncome": -221000000, "calculatedIncomeNonControlling": 0, "calculatedEbitda": 948000000}, {"date": "1993-12-31", "symbol": "CMSA", "reportedCurrency": "USD", "cik": "0000811156", "fillingDate": "1994-03-18", "acceptedDate": "1994-03-18 00:00:00", "calendarYear": "1993", "period": "FY", "revenue": 3482000000, "costOfRevenue": 0, "grossProfit": 3482000000, "grossProfitRatio": 1, "researchAndDevelopmentExpenses": 0, "generalAndAdministrativeExpenses": 0, "sellingAndMarketingExpenses": 0, "sellingGeneralAndAdministrativeExpenses": 0, "otherExpenses": 0, "operatingExpenses": 0, "costAndExpenses": 0, "interestIncome": 0, "interestExpense": 0, "depreciationAndAmortization": 0, "ebitda": 3482000000, "ebitdaratio": 1, "operatingIncome": 3482000000, "operatingIncomeRatio": 1, "totalOtherIncomeExpensesNet": 0, "incomeBeforeTax": 0, "incomeBeforeTaxRatio": 0, "incomeTaxExpense": -155000000, "netIncome": 155000000, "netIncomeRatio": 0.0445146468, "eps": 1.9, "epsdiluted": 1.9, "weightedAverageShsOut": 81578947, "weightedAverageShsOutDil": 81578947, "link": "https://www.sec.gov/Archives/edgar/data/811156/000020153394000020/0000201533-94-000020-index.html", "finalLink": "https://www.sec.gov/Archives/edgar/data/201533/", "calculatedOtherExpenses": 0, "calculatedOperatingExpenses": 0, "calculatedNetInterest": 0, "calculatedOtherIncome": -3482000000, "calculatedIncomeNonControlling": 0, "calculatedEbitda": 3482000000}, {"date": "1992-12-31", "symbol": "CMSA", "reportedCurrency": "USD", "cik": "0000811156", "fillingDate": "1992-12-31", "acceptedDate": "1992-12-30 19:00:00", "calendarYear": "1992", "period": "FY", "revenue": 3073000000, "costOfRevenue": 0, "grossProfit": 3073000000, "grossProfitRatio": 1, "researchAndDevelopmentExpenses": 0, "generalAndAdministrativeExpenses": 0, "sellingAndMarketingExpenses": 0, "sellingGeneralAndAdministrativeExpenses": 0, "otherExpenses": 0, "operatingExpenses": 0, "costAndExpenses": 0, "interestIncome": 0, "interestExpense": 0, "depreciationAndAmortization": 0, "ebitda": 3073000000, "ebitdaratio": 1, "operatingIncome": 3073000000, "operatingIncomeRatio": 1, "totalOtherIncomeExpensesNet": 0, "incomeBeforeTax": 0, "incomeBeforeTaxRatio": 0, "incomeTaxExpense": 297000000, "netIncome": -297000000, "netIncomeRatio": -0.0966482265, "eps": -3.72, "epsdiluted": -3.72, "weightedAverageShsOut": 79838710, "weightedAverageShsOutDil": 79838710, "link": "", "finalLink": "", "calculatedOtherExpenses": 0, "calculatedOperatingExpenses": 0, "calculatedNetInterest": 0, "calculatedOtherIncome": -3073000000, "calculatedIncomeNonControlling": 0, "calculatedEbitda": 3073000000}, {"date": "1991-12-31", "symbol": "CMSA", "reportedCurrency": "USD", "cik": "0000811156", "fillingDate": "1991-12-31", "acceptedDate": "1991-12-30 19:00:00", "calendarYear": "1991", "period": "FY", "revenue": 2941000000, "costOfRevenue": 0, "grossProfit": 2941000000, "grossProfitRatio": 1, "researchAndDevelopmentExpenses": 0, "generalAndAdministrativeExpenses": 0, "sellingAndMarketingExpenses": 0, "sellingGeneralAndAdministrativeExpenses": 0, "otherExpenses": 0, "operatingExpenses": 0, "costAndExpenses": 0, "interestIncome": 0, "interestExpense": 0, "depreciationAndAmortization": 0, "ebitda": 2941000000, "ebitdaratio": 1, "operatingIncome": 2941000000, "operatingIncomeRatio": 1, "totalOtherIncomeExpensesNet": 0, "incomeBeforeTax": 0, "incomeBeforeTaxRatio": 0, "incomeTaxExpense": 262000000, "netIncome": -262000000, "netIncomeRatio": -0.0890853451, "eps": -3.26, "epsdiluted": -3.26, "weightedAverageShsOut": 80368098, "weightedAverageShsOutDil": 80368098, "link": "", "finalLink": "", "calculatedOtherExpenses": 0, "calculatedOperatingExpenses": 0, "calculatedNetInterest": 0, "calculatedOtherIncome": -2941000000, "calculatedIncomeNonControlling": 0, "calculatedEbitda": 2941000000}, {"date": "1990-12-31", "symbol": "CMSA", "reportedCurrency": "USD", "cik": "0000811156", "fillingDate": "1990-12-31", "acceptedDate": "1990-12-30 19:00:00", "calendarYear": "1990", "period": "FY", "revenue": 2977000000, "costOfRevenue": 0, "grossProfit": 2977000000, "grossProfitRatio": 1, "researchAndDevelopmentExpenses": 0, "generalAndAdministrativeExpenses": 0, "sellingAndMarketingExpenses": 0, "sellingGeneralAndAdministrativeExpenses": 0, "otherExpenses": 0, "operatingExpenses": 0, "costAndExpenses": 0, "interestIncome": 0, "interestExpense": 0, "depreciationAndAmortization": 0, "ebitda": 2977000000, "ebitdaratio": 1, "operatingIncome": 2977000000, "operatingIncomeRatio": 1, "totalOtherIncomeExpensesNet": 0, "incomeBeforeTax": 0, "incomeBeforeTaxRatio": 0, "incomeTaxExpense": 494000000, "netIncome": -494000000, "netIncomeRatio": -0.1659388646, "eps": -6.07, "epsdiluted": -6.07, "weightedAverageShsOut": 81383855, "weightedAverageShsOutDil": 81383855, "link": "", "finalLink": "", "calculatedOtherExpenses": 0, "calculatedOperatingExpenses": 0, "calculatedNetInterest": 0, "calculatedOtherIncome": -2977000000, "calculatedIncomeNonControlling": 0, "calculatedEbitda": 2977000000}, {"date": "1989-12-31", "symbol": "CMSA", "reportedCurrency": "USD", "cik": "0000811156", "fillingDate": "1989-12-31", "acceptedDate": "1989-12-30 19:00:00", "calendarYear": "1989", "period": "FY", "revenue": 2961100000, "costOfRevenue": 0, "grossProfit": 2961100000, "grossProfitRatio": 1, "researchAndDevelopmentExpenses": 0, "generalAndAdministrativeExpenses": 0, "sellingAndMarketingExpenses": 0, "sellingGeneralAndAdministrativeExpenses": 0, "otherExpenses": 0, "operatingExpenses": 0, "costAndExpenses": 0, "interestIncome": 0, "interestExpense": 0, "depreciationAndAmortization": 0, "ebitda": 2961100000, "ebitdaratio": 1, "operatingIncome": 2961100000, "operatingIncomeRatio": 1, "totalOtherIncomeExpensesNet": 0, "incomeBeforeTax": 0, "incomeBeforeTaxRatio": 0, "incomeTaxExpense": -312100000, "netIncome": 312100000, "netIncomeRatio": 0.1054000203, "eps": 3.8, "epsdiluted": 3.8, "weightedAverageShsOut": 82131579, "weightedAverageShsOutDil": 82131579, "link": "", "finalLink": "", "calculatedOtherExpenses": 0, "calculatedOperatingExpenses": 0, "calculatedNetInterest": 0, "calculatedOtherIncome": -2961100000, "calculatedIncomeNonControlling": 0, "calculatedEbitda": 2961100000}, {"date": "1988-12-31", "symbol": "CMSA", "reportedCurrency": "USD", "cik": "0000811156", "fillingDate": "1988-12-31", "acceptedDate": "1988-12-30 19:00:00", "calendarYear": "1988", "period": "FY", "revenue": 2942700000, "costOfRevenue": 0, "grossProfit": 2942700000, "grossProfitRatio": 1, "researchAndDevelopmentExpenses": 0, "generalAndAdministrativeExpenses": 0, "sellingAndMarketingExpenses": 0, "sellingGeneralAndAdministrativeExpenses": 0, "otherExpenses": 0, "operatingExpenses": 0, "costAndExpenses": 0, "interestIncome": 0, "interestExpense": 0, "depreciationAndAmortization": 0, "ebitda": 2942700000, "ebitdaratio": 1, "operatingIncome": 2942700000, "operatingIncomeRatio": 1, "totalOtherIncomeExpensesNet": 0, "incomeBeforeTax": 0, "incomeBeforeTaxRatio": 0, "incomeTaxExpense": -271600000, "netIncome": 271600000, "netIncomeRatio": 0.0922961906, "eps": 3.31, "epsdiluted": 3.31, "weightedAverageShsOut": 82054381, "weightedAverageShsOutDil": 82054381, "link": "", "finalLink": "", "calculatedOtherExpenses": 0, "calculatedOperatingExpenses": 0, "calculatedNetInterest": 0, "calculatedOtherIncome": -2942700000, "calculatedIncomeNonControlling": 0, "calculatedEbitda": 2942700000}, {"date": "1987-12-31", "symbol": "CMSA", "reportedCurrency": "USD", "cik": "0000811156", "fillingDate": "1987-12-31", "acceptedDate": "1987-12-30 19:00:00", "calendarYear": "1987", "period": "FY", "revenue": 2800500000, "costOfRevenue": 0, "grossProfit": 2800500000, "grossProfitRatio": 1, "researchAndDevelopmentExpenses": 0, "generalAndAdministrativeExpenses": 0, "sellingAndMarketingExpenses": 0, "sellingGeneralAndAdministrativeExpenses": 0, "otherExpenses": 0, "operatingExpenses": 0, "costAndExpenses": 0, "interestIncome": 0, "interestExpense": 0, "depreciationAndAmortization": 0, "ebitda": 2800500000, "ebitdaratio": 1, "operatingIncome": 2800500000, "operatingIncomeRatio": 1, "totalOtherIncomeExpensesNet": 0, "incomeBeforeTax": 0, "incomeBeforeTaxRatio": 0, "incomeTaxExpense": -186900000, "netIncome": 186900000, "netIncomeRatio": 0.0667380825, "eps": 2.19, "epsdiluted": 2.19, "weightedAverageShsOut": 85342466, "weightedAverageShsOutDil": 85342466, "link": "", "finalLink": "", "calculatedOtherExpenses": 0, "calculatedOperatingExpenses": 0, "calculatedNetInterest": 0, "calculatedOtherIncome": -2800500000, "calculatedIncomeNonControlling": 0, "calculatedEbitda": 2800500000}, {"date": "1986-12-31", "symbol": "CMSA", "reportedCurrency": "USD", "cik": "0000811156", "fillingDate": "1986-12-31", "acceptedDate": "1986-12-30 19:00:00", "calendarYear": "1986", "period": "FY", "revenue": 3108400000, "costOfRevenue": 0, "grossProfit": 3108400000, "grossProfitRatio": 1, "researchAndDevelopmentExpenses": 0, "generalAndAdministrativeExpenses": 0, "sellingAndMarketingExpenses": 0, "sellingGeneralAndAdministrativeExpenses": 0, "otherExpenses": 0, "operatingExpenses": 0, "costAndExpenses": 0, "interestIncome": 0, "interestExpense": 0, "depreciationAndAmortization": 0, "ebitda": 3108400000, "ebitdaratio": 1, "operatingIncome": 3108400000, "operatingIncomeRatio": 1, "totalOtherIncomeExpensesNet": 0, "incomeBeforeTax": 0, "incomeBeforeTaxRatio": 0, "incomeTaxExpense": -177800000, "netIncome": 177800000, "netIncomeRatio": 0.0571998456, "eps": 0.74, "epsdiluted": 0.74, "weightedAverageShsOut": 87837838, "weightedAverageShsOutDil": 87837838, "link": "", "finalLink": "", "calculatedOtherExpenses": 0, "calculatedOperatingExpenses": 0, "calculatedNetInterest": 0, "calculatedOtherIncome": -3108400000, "calculatedIncomeNonControlling": 0, "calculatedEbitda": 3108400000}, {"date": "1985-12-31", "symbol": "CMSA", "reportedCurrency": "USD", "cik": "0000811156", "fillingDate": "1985-12-31", "acceptedDate": "1985-12-30 19:00:00", "calendarYear": "1985", "period": "FY", "revenue": 3298300000, "costOfRevenue": 0, "grossProfit": 3298300000, "grossProfitRatio": 1, "researchAndDevelopmentExpenses": 0, "generalAndAdministrativeExpenses": 0, "sellingAndMarketingExpenses": 0, "sellingGeneralAndAdministrativeExpenses": 0, "otherExpenses": 0, "operatingExpenses": 0, "costAndExpenses": 0, "interestIncome": 0, "interestExpense": 0, "depreciationAndAmortization": 0, "ebitda": 3298300000, "ebitdaratio": 1, "operatingIncome": 3298300000, "operatingIncomeRatio": 1, "totalOtherIncomeExpensesNet": 0, "incomeBeforeTax": 0, "incomeBeforeTaxRatio": 0, "incomeTaxExpense": 269800000, "netIncome": -269800000, "netIncomeRatio": -0.081799715, "eps": -3.06, "epsdiluted": -3.06, "weightedAverageShsOut": 88144796, "weightedAverageShsOutDil": 88144796, "link": "", "finalLink": "", "calculatedOtherExpenses": 0, "calculatedOperatingExpenses": 0, "calculatedNetInterest": 0, "calculatedOtherIncome": -3298300000, "calculatedIncomeNonControlling": 0, "calculatedEbitda": 3298300000}]}