{"originalCurrency": "USD", "convertedCurrency": "USD", "report": [{"date": "2023-12-31", "symbol": "CNA", "reportedCurrency": "USD", "cik": "0000021175", "fillingDate": "2024-02-06", "acceptedDate": "2024-02-06 07:33:17", "calendarYear": "2024", "period": "FY", "revenue": 13125000000, "costOfRevenue": 0, "grossProfit": 13125000000, "grossProfitRatio": 1, "researchAndDevelopmentExpenses": 0, "generalAndAdministrativeExpenses": 0, "sellingAndMarketingExpenses": 0, "sellingGeneralAndAdministrativeExpenses": 0, "otherExpenses": -13261000000, "operatingExpenses": -13261000000, "costAndExpenses": 11607000000, "interestIncome": 0, "interestExpense": 127000000, "depreciationAndAmortization": 73000000, "ebitda": -63000000, "ebitdaratio": -0.0048, "operatingIncome": -136000000, "operatingIncomeRatio": -0.0103619048, "totalOtherIncomeExpensesNet": 1654000000, "incomeBeforeTax": 1518000000, "incomeBeforeTaxRatio": 0.1156571429, "incomeTaxExpense": 313000000, "netIncome": 1205000000, "netIncomeRatio": 0.0918095238, "eps": 4.44, "epsdiluted": 4.43, "weightedAverageShsOut": 271300000, "weightedAverageShsOutDil": 272200000, "link": "https://www.sec.gov/Archives/edgar/data/21175/000002117524000007/0000021175-24-000007-index.htm", "finalLink": "https://www.sec.gov/Archives/edgar/data/21175/000002117524000007/cna-20231231.htm", "calculatedOtherExpenses": 13261000000, "calculatedOperatingExpenses": 13261000000, "calculatedNetInterest": -127000000, "calculatedOtherIncome": 1781000000, "calculatedIncomeNonControlling": 0, "calculatedEbitda": -63000000}, {"date": "2022-12-31", "symbol": "CNA", "reportedCurrency": "USD", "cik": "0000021175", "fillingDate": "2023-02-07", "acceptedDate": "2023-02-07 16:39:12", "calendarYear": "2023", "period": "FY", "revenue": 11879000000, "costOfRevenue": 0, "grossProfit": 11879000000, "grossProfitRatio": 1, "researchAndDevelopmentExpenses": 0, "generalAndAdministrativeExpenses": 0, "sellingAndMarketingExpenses": 0, "sellingGeneralAndAdministrativeExpenses": 0, "otherExpenses": -12404000000, "operatingExpenses": -12404000000, "costAndExpenses": 10798000000, "interestIncome": 112000000, "interestExpense": 112000000, "depreciationAndAmortization": 51000000, "ebitda": -474000000, "ebitdaratio": -0.0399023487, "operatingIncome": -525000000, "operatingIncomeRatio": -0.0441956394, "totalOtherIncomeExpensesNet": 1606000000, "incomeBeforeTax": 1081000000, "incomeBeforeTaxRatio": 0.091000926, "incomeTaxExpense": 187000000, "netIncome": 682000000, "netIncomeRatio": 0.0574122401, "eps": 3.29, "epsdiluted": 3.28, "weightedAverageShsOut": 271600000, "weightedAverageShsOutDil": 272500000, "link": "https://www.sec.gov/Archives/edgar/data/21175/000002117523000006/0000021175-23-000006-index.htm", "finalLink": "https://www.sec.gov/Archives/edgar/data/21175/000002117523000006/cna-20221231.htm", "calculatedOtherExpenses": 12404000000, "calculatedOperatingExpenses": 12404000000, "calculatedNetInterest": 0, "calculatedOtherIncome": 1606000000, "calculatedIncomeNonControlling": 212000000, "calculatedEbitda": -474000000}, {"date": "2021-12-31", "symbol": "CNA", "reportedCurrency": "USD", "cik": "0000021175", "fillingDate": "2022-02-08", "acceptedDate": "2022-02-08 15:15:39", "calendarYear": "2022", "period": "FY", "revenue": 11879000000, "costOfRevenue": 0, "grossProfit": 11879000000, "grossProfitRatio": 1, "researchAndDevelopmentExpenses": 0, "generalAndAdministrativeExpenses": 0, "sellingAndMarketingExpenses": 0, "sellingGeneralAndAdministrativeExpenses": 0, "otherExpenses": -10737000000, "operatingExpenses": -10737000000, "costAndExpenses": 10798000000, "interestIncome": 113000000, "interestExpense": 112000000, "depreciationAndAmortization": 51000000, "ebitda": 1193000000, "ebitdaratio": 0.1004293291, "operatingIncome": 1142000000, "operatingIncomeRatio": 0.0961360384, "totalOtherIncomeExpensesNet": -61000000, "incomeBeforeTax": 1081000000, "incomeBeforeTaxRatio": 0.091000926, "incomeTaxExpense": 187000000, "netIncome": 894000000, "netIncomeRatio": 0.0752588602, "eps": 3.29, "epsdiluted": 3.28, "weightedAverageShsOut": 271800000, "weightedAverageShsOutDil": 272500000, "link": "https://www.sec.gov/Archives/edgar/data/21175/000002117522000016/0000021175-22-000016-index.htm", "finalLink": "https://www.sec.gov/Archives/edgar/data/21175/000002117522000016/cna-20211231.htm", "calculatedOtherExpenses": 10737000000, "calculatedOperatingExpenses": 10737000000, "calculatedNetInterest": 1000000, "calculatedOtherIncome": -62000000, "calculatedIncomeNonControlling": 0, "calculatedEbitda": 1193000000}, {"date": "2020-12-31", "symbol": "CNA", "reportedCurrency": "USD", "cik": "0000021175", "fillingDate": "2021-02-09", "acceptedDate": "2021-02-09 10:46:15", "calendarYear": "2021", "period": "FY", "revenue": 11908000000, "costOfRevenue": 0, "grossProfit": 11908000000, "grossProfitRatio": 1, "researchAndDevelopmentExpenses": 0, "generalAndAdministrativeExpenses": 0, "sellingAndMarketingExpenses": 0, "sellingGeneralAndAdministrativeExpenses": 0, "otherExpenses": -11878000000, "operatingExpenses": -11878000000, "costAndExpenses": 10424000000, "interestIncome": 122000000, "interestExpense": 113000000, "depreciationAndAmortization": 54000000, "ebitda": 84000000, "ebitdaratio": 0.0070540813, "operatingIncome": 30000000, "operatingIncomeRatio": 0.0025193147, "totalOtherIncomeExpensesNet": 1454000000, "incomeBeforeTax": 1484000000, "incomeBeforeTaxRatio": 0.1246221028, "incomeTaxExpense": 282000000, "netIncome": 1202000000, "netIncomeRatio": 0.1009405442, "eps": 4.43, "epsdiluted": 4.41, "weightedAverageShsOut": 271600000, "weightedAverageShsOutDil": 272800000, "link": "https://www.sec.gov/Archives/edgar/data/21175/000002117521000022/0000021175-21-000022-index.htm", "finalLink": "https://www.sec.gov/Archives/edgar/data/21175/000002117521000022/cna-20201231.htm", "calculatedOtherExpenses": 11878000000, "calculatedOperatingExpenses": 11878000000, "calculatedNetInterest": 9000000, "calculatedOtherIncome": 1445000000, "calculatedIncomeNonControlling": 0, "calculatedEbitda": 84000000}, {"date": "2019-12-31", "symbol": "CNA", "reportedCurrency": "USD", "cik": "0000021175", "fillingDate": "2020-02-11", "acceptedDate": "2020-02-11 12:45:08", "calendarYear": "2020", "period": "FY", "revenue": 10808000000, "costOfRevenue": 0, "grossProfit": 10808000000, "grossProfitRatio": 1, "researchAndDevelopmentExpenses": 0, "generalAndAdministrativeExpenses": 0, "sellingAndMarketingExpenses": 0, "sellingGeneralAndAdministrativeExpenses": 0, "otherExpenses": -11265000000, "operatingExpenses": -11265000000, "costAndExpenses": 9987000000, "interestIncome": 131000000, "interestExpense": 122000000, "depreciationAndAmortization": 60000000, "ebitda": -397000000, "ebitdaratio": -0.0367320503, "operatingIncome": -457000000, "operatingIncomeRatio": -0.0422834937, "totalOtherIncomeExpensesNet": 1278000000, "incomeBeforeTax": 821000000, "incomeBeforeTaxRatio": 0.0759622502, "incomeTaxExpense": 131000000, "netIncome": 690000000, "netIncomeRatio": 0.0638415988, "eps": 2.54, "epsdiluted": 2.53, "weightedAverageShsOut": 271600000, "weightedAverageShsOutDil": 272400000, "link": "https://www.sec.gov/Archives/edgar/data/21175/000002117520000017/0000021175-20-000017-index.htm", "finalLink": "https://www.sec.gov/Archives/edgar/data/21175/000002117520000017/cna2019q4.htm", "calculatedOtherExpenses": 11265000000, "calculatedOperatingExpenses": 11265000000, "calculatedNetInterest": 9000000, "calculatedOtherIncome": 1269000000, "calculatedIncomeNonControlling": 0, "calculatedEbitda": -397000000}, {"date": "2018-12-31", "symbol": "CNA", "reportedCurrency": "USD", "cik": "0000021175", "fillingDate": "2019-02-13", "acceptedDate": "2019-02-13 14:46:00", "calendarYear": "2019", "period": "FY", "revenue": 10134000000, "costOfRevenue": 0, "grossProfit": 10134000000, "grossProfitRatio": 1, "researchAndDevelopmentExpenses": 0, "generalAndAdministrativeExpenses": 0, "sellingAndMarketingExpenses": 0, "sellingGeneralAndAdministrativeExpenses": 0, "otherExpenses": 9032000000, "operatingExpenses": 9032000000, "costAndExpenses": 9170000000, "interestIncome": 0, "interestExpense": 138000000, "depreciationAndAmortization": 79000000, "ebitda": 1181000000, "ebitdaratio": 0.1165383856, "operatingIncome": 1102000000, "operatingIncomeRatio": 0.1087428459, "totalOtherIncomeExpensesNet": 1057000000, "incomeBeforeTax": 964000000, "incomeBeforeTaxRatio": 0.0951253207, "incomeTaxExpense": 151000000, "netIncome": 813000000, "netIncomeRatio": 0.0802249852, "eps": 2.99, "epsdiluted": 2.98, "weightedAverageShsOut": 271500000, "weightedAverageShsOutDil": 272500000, "link": "https://www.sec.gov/Archives/edgar/data/21175/000002117519000022/0000021175-19-000022-index.htm", "finalLink": "https://www.sec.gov/Archives/edgar/data/21175/000002117519000022/cna2018q4.htm", "calculatedOtherExpenses": 9032000000, "calculatedOperatingExpenses": 9032000000, "calculatedNetInterest": -138000000, "calculatedOtherIncome": 0, "calculatedIncomeNonControlling": 0, "calculatedEbitda": 1181000000}, {"date": "2017-12-31", "symbol": "CNA", "reportedCurrency": "USD", "cik": "0000021175", "fillingDate": "2018-02-14", "acceptedDate": "2018-02-14 11:37:48", "calendarYear": "2018", "period": "FY", "revenue": 9542000000, "costOfRevenue": 0, "grossProfit": 9542000000, "grossProfitRatio": 1, "researchAndDevelopmentExpenses": 0, "generalAndAdministrativeExpenses": 0, "sellingAndMarketingExpenses": 0, "sellingGeneralAndAdministrativeExpenses": 0, "otherExpenses": 8071000000, "operatingExpenses": 8071000000, "costAndExpenses": 8232000000, "interestIncome": 0, "interestExpense": 161000000, "depreciationAndAmortization": 88000000, "ebitda": 1559000000, "ebitdaratio": 0.1633829386, "operatingIncome": 1471000000, "operatingIncomeRatio": 0.1541605533, "totalOtherIncomeExpensesNet": 427000000, "incomeBeforeTax": 1310000000, "incomeBeforeTaxRatio": 0.1372877803, "incomeTaxExpense": 411000000, "netIncome": 899000000, "netIncomeRatio": 0.0942150493, "eps": 3.32, "epsdiluted": 3.3, "weightedAverageShsOut": 271100000, "weightedAverageShsOutDil": 272100000, "link": "https://www.sec.gov/Archives/edgar/data/21175/000002117518000019/0000021175-18-000019-index.htm", "finalLink": "https://www.sec.gov/Archives/edgar/data/21175/000002117518000019/cna2017q4.htm", "calculatedOtherExpenses": 8071000000, "calculatedOperatingExpenses": 8071000000, "calculatedNetInterest": -161000000, "calculatedOtherIncome": 0, "calculatedIncomeNonControlling": 0, "calculatedEbitda": 1559000000}, {"date": "2016-12-31", "symbol": "CNA", "reportedCurrency": "USD", "cik": "0000021175", "fillingDate": "2017-02-15", "acceptedDate": "2017-02-15 15:46:36", "calendarYear": "2017", "period": "FY", "revenue": 9366000000, "costOfRevenue": 0, "grossProfit": 9366000000, "grossProfitRatio": 1, "researchAndDevelopmentExpenses": 0, "generalAndAdministrativeExpenses": 0, "sellingAndMarketingExpenses": 0, "sellingGeneralAndAdministrativeExpenses": 0, "otherExpenses": 8070000000, "operatingExpenses": 8070000000, "costAndExpenses": 8229000000, "interestIncome": 0, "interestExpense": 159000000, "depreciationAndAmortization": 77000000, "ebitda": 1373000000, "ebitdaratio": 0.1465940636, "operatingIncome": 1296000000, "operatingIncomeRatio": 0.1383728379, "totalOtherIncomeExpensesNet": 404000000, "incomeBeforeTax": 1137000000, "incomeBeforeTaxRatio": 0.1213965407, "incomeTaxExpense": 278000000, "netIncome": 859000000, "netIncomeRatio": 0.0917147128, "eps": 3.18, "epsdiluted": 3.17, "weightedAverageShsOut": 270400000, "weightedAverageShsOutDil": 271100000, "link": "https://www.sec.gov/Archives/edgar/data/21175/000002117517000040/0000021175-17-000040-index.htm", "finalLink": "https://www.sec.gov/Archives/edgar/data/21175/000002117517000040/cna2016q4.htm", "calculatedOtherExpenses": 8070000000, "calculatedOperatingExpenses": 8070000000, "calculatedNetInterest": -159000000, "calculatedOtherIncome": 0, "calculatedIncomeNonControlling": 0, "calculatedEbitda": 1373000000}, {"date": "2015-12-31", "symbol": "CNA", "reportedCurrency": "USD", "cik": "0000021175", "fillingDate": "2016-02-17", "acceptedDate": "2016-02-17 16:27:01", "calendarYear": "2016", "period": "FY", "revenue": 9101000000, "costOfRevenue": 0, "grossProfit": 9101000000, "grossProfitRatio": 1, "researchAndDevelopmentExpenses": 0, "generalAndAdministrativeExpenses": 0, "sellingAndMarketingExpenses": 0, "sellingGeneralAndAdministrativeExpenses": 0, "otherExpenses": 8397000000, "operatingExpenses": 8397000000, "costAndExpenses": 8552000000, "interestIncome": 0, "interestExpense": 155000000, "depreciationAndAmortization": 84000000, "ebitda": 788000000, "ebitdaratio": 0.0865838919, "operatingIncome": 704000000, "operatingIncomeRatio": 0.0773541369, "totalOtherIncomeExpensesNet": 407000000, "incomeBeforeTax": 549000000, "incomeBeforeTaxRatio": 0.0603230414, "incomeTaxExpense": 70000000, "netIncome": 479000000, "netIncomeRatio": 0.0526315789, "eps": 1.77, "epsdiluted": 1.77, "weightedAverageShsOut": 270200000, "weightedAverageShsOutDil": 270700000, "link": "https://www.sec.gov/Archives/edgar/data/21175/000002117516000135/0000021175-16-000135-index.htm", "finalLink": "https://www.sec.gov/Archives/edgar/data/21175/000002117516000135/cna2015q4.htm", "calculatedOtherExpenses": 8397000000, "calculatedOperatingExpenses": 8397000000, "calculatedNetInterest": -155000000, "calculatedOtherIncome": 0, "calculatedIncomeNonControlling": 0, "calculatedEbitda": 788000000}, {"date": "2014-12-31", "symbol": "CNA", "reportedCurrency": "USD", "cik": "0000021175", "fillingDate": "2015-02-23", "acceptedDate": "2015-02-23 14:20:21", "calendarYear": "2015", "period": "FY", "revenue": 9692000000, "costOfRevenue": 0, "grossProfit": 9692000000, "grossProfitRatio": 1, "researchAndDevelopmentExpenses": 0, "generalAndAdministrativeExpenses": 0, "sellingAndMarketingExpenses": 0, "sellingGeneralAndAdministrativeExpenses": 0, "otherExpenses": 8302000000, "operatingExpenses": 8302000000, "costAndExpenses": 8485000000, "interestIncome": 0, "interestExpense": 183000000, "depreciationAndAmortization": 83000000, "ebitda": 1276000000, "ebitdaratio": 0.1316549732, "operatingIncome": 1193000000, "operatingIncomeRatio": 0.1230912092, "totalOtherIncomeExpensesNet": 356000000, "incomeBeforeTax": 1207000000, "incomeBeforeTaxRatio": 0.1245356995, "incomeTaxExpense": 319000000, "netIncome": 691000000, "netIncomeRatio": 0.0712959142, "eps": 2.56, "epsdiluted": 2.55, "weightedAverageShsOut": 269900000, "weightedAverageShsOutDil": 270600000, "link": "https://www.sec.gov/Archives/edgar/data/21175/000002117515000027/0000021175-15-000027-index.htm", "finalLink": "https://www.sec.gov/Archives/edgar/data/21175/000002117515000027/cna2014q4.htm", "calculatedOtherExpenses": 8499000000, "calculatedOperatingExpenses": 8499000000, "calculatedNetInterest": -183000000, "calculatedOtherIncome": 197000000, "calculatedIncomeNonControlling": 197000000, "calculatedEbitda": 1276000000}, {"date": "2013-12-31", "symbol": "CNA", "reportedCurrency": "USD", "cik": "0000021175", "fillingDate": "2014-02-19", "acceptedDate": "2014-02-19 16:19:47", "calendarYear": "2014", "period": "FY", "revenue": 10113000000, "costOfRevenue": 0, "grossProfit": 10113000000, "grossProfitRatio": 1, "researchAndDevelopmentExpenses": 0, "generalAndAdministrativeExpenses": 0, "sellingAndMarketingExpenses": 0, "sellingGeneralAndAdministrativeExpenses": 0, "otherExpenses": 8490000000, "operatingExpenses": 8490000000, "costAndExpenses": 8800000000, "interestIncome": 0, "interestExpense": 166000000, "depreciationAndAmortization": 101000000, "ebitda": 1580000000, "ebitdaratio": 0.1562345496, "operatingIncome": 1479000000, "operatingIncomeRatio": 0.1462474043, "totalOtherIncomeExpensesNet": 361000000, "incomeBeforeTax": 1313000000, "incomeBeforeTaxRatio": 0.1298328884, "incomeTaxExpense": 376000000, "netIncome": 937000000, "netIncomeRatio": 0.0926530209, "eps": 3.48, "epsdiluted": 3.47, "weightedAverageShsOut": 269700000, "weightedAverageShsOutDil": 270200000, "link": "https://www.sec.gov/Archives/edgar/data/21175/000002117514000021/0000021175-14-000021-index.htm", "finalLink": "https://www.sec.gov/Archives/edgar/data/21175/000002117514000021/cna2013q4.htm", "calculatedOtherExpenses": 8634000000, "calculatedOperatingExpenses": 8634000000, "calculatedNetInterest": -166000000, "calculatedOtherIncome": 0, "calculatedIncomeNonControlling": 0, "calculatedEbitda": 1580000000}, {"date": "2012-12-31", "symbol": "CNA", "reportedCurrency": "USD", "cik": "0000021175", "fillingDate": "2013-02-21", "acceptedDate": "2013-02-20 18:13:39", "calendarYear": "2013", "period": "FY", "revenue": 9547000000, "costOfRevenue": 0, "grossProfit": 9547000000, "grossProfitRatio": 1, "researchAndDevelopmentExpenses": 0, "generalAndAdministrativeExpenses": 0, "sellingAndMarketingExpenses": 0, "sellingGeneralAndAdministrativeExpenses": 0, "otherExpenses": 8335000000, "operatingExpenses": 8335000000, "costAndExpenses": 8675000000, "interestIncome": 0, "interestExpense": 170000000, "depreciationAndAmortization": 125000000, "ebitda": 1167000000, "ebitdaratio": 0.122237352, "operatingIncome": 1042000000, "operatingIncomeRatio": 0.1091442338, "totalOtherIncomeExpensesNet": 320000000, "incomeBeforeTax": 872000000, "incomeBeforeTaxRatio": 0.091337593, "incomeTaxExpense": 244000000, "netIncome": 628000000, "netIncomeRatio": 0.0657798261, "eps": 2.33, "epsdiluted": 2.33, "weightedAverageShsOut": 269400000, "weightedAverageShsOutDil": 269800000, "link": "https://www.sec.gov/Archives/edgar/data/21175/000002117513000009/0000021175-13-000009-index.htm", "finalLink": "https://www.sec.gov/Archives/edgar/data/21175/000002117513000009/cna2012q4.htm", "calculatedOtherExpenses": 8505000000, "calculatedOperatingExpenses": 8505000000, "calculatedNetInterest": -170000000, "calculatedOtherIncome": 0, "calculatedIncomeNonControlling": 0, "calculatedEbitda": 1167000000}, {"date": "2011-12-31", "symbol": "CNA", "reportedCurrency": "USD", "cik": "0000021175", "fillingDate": "2012-02-21", "acceptedDate": "2012-02-21 12:28:42", "calendarYear": "2012", "period": "FY", "revenue": 8947000000, "costOfRevenue": 0, "grossProfit": 8947000000, "grossProfitRatio": 1, "researchAndDevelopmentExpenses": 0, "generalAndAdministrativeExpenses": 996000000, "sellingAndMarketingExpenses": 0, "sellingGeneralAndAdministrativeExpenses": 996000000, "otherExpenses": 6907000000, "operatingExpenses": 7903000000, "costAndExpenses": 8070000000, "interestIncome": 0, "interestExpense": 175000000, "depreciationAndAmortization": 79000000, "ebitda": 1114000000, "ebitdaratio": 0.1245110093, "operatingIncome": 1035000000, "operatingIncomeRatio": 0.1156812339, "totalOtherIncomeExpensesNet": 294000000, "incomeBeforeTax": 877000000, "incomeBeforeTaxRatio": 0.0980216832, "incomeTaxExpense": 246000000, "netIncome": 614000000, "netIncomeRatio": 0.0686263552, "eps": 2.27, "epsdiluted": 2.27, "weightedAverageShsOut": 269300000, "weightedAverageShsOutDil": 269600000, "link": "https://www.sec.gov/Archives/edgar/data/21175/000002117512000009/0000021175-12-000009-index.htm", "finalLink": "https://www.sec.gov/Archives/edgar/data/21175/000002117512000009/cna2011q4.htm", "calculatedOtherExpenses": 6916000000, "calculatedOperatingExpenses": 7912000000, "calculatedNetInterest": -175000000, "calculatedOtherIncome": 17000000, "calculatedIncomeNonControlling": 17000000, "calculatedEbitda": 1114000000}, {"date": "2010-12-31", "symbol": "CNA", "reportedCurrency": "USD", "cik": "0000021175", "fillingDate": "2011-02-22", "acceptedDate": "2011-02-22 12:23:36", "calendarYear": "2011", "period": "FY", "revenue": 9209000000, "costOfRevenue": 0, "grossProfit": 9209000000, "grossProfitRatio": 1, "researchAndDevelopmentExpenses": 0, "generalAndAdministrativeExpenses": 1568000000, "sellingAndMarketingExpenses": 0, "sellingGeneralAndAdministrativeExpenses": 1568000000, "otherExpenses": 6372000000, "operatingExpenses": 7940000000, "costAndExpenses": 8097000000, "interestIncome": 0, "interestExpense": 157000000, "depreciationAndAmortization": 78000000, "ebitda": 1258000000, "ebitdaratio": 0.1366054946, "operatingIncome": 1180000000, "operatingIncomeRatio": 0.1281355196, "totalOtherIncomeExpensesNet": 292000000, "incomeBeforeTax": 1112000000, "incomeBeforeTaxRatio": 0.1207514388, "incomeTaxExpense": 333000000, "netIncome": 690000000, "netIncomeRatio": 0.0749267021, "eps": 2.28, "epsdiluted": 2.28, "weightedAverageShsOut": 269100000, "weightedAverageShsOutDil": 269500000, "link": "https://www.sec.gov/Archives/edgar/data/21175/000095012311016340/0000950123-11-016340-index.htm", "finalLink": "https://www.sec.gov/Archives/edgar/data/21175/000095012311016340/c62207e10vk.htm", "calculatedOtherExpenses": 6461000000, "calculatedOperatingExpenses": 8029000000, "calculatedNetInterest": -157000000, "calculatedOtherIncome": 89000000, "calculatedIncomeNonControlling": 89000000, "calculatedEbitda": 1258000000}, {"date": "2009-12-31", "symbol": "CNA", "reportedCurrency": "USD", "cik": "0000021175", "fillingDate": "2010-02-23", "acceptedDate": "2010-02-23 13:19:41", "calendarYear": "2010", "period": "FY", "revenue": 8472000000, "costOfRevenue": 0, "grossProfit": 8472000000, "grossProfitRatio": 1, "researchAndDevelopmentExpenses": 0, "generalAndAdministrativeExpenses": 1097000000, "sellingAndMarketingExpenses": 0, "sellingGeneralAndAdministrativeExpenses": 1097000000, "otherExpenses": 6707000000, "operatingExpenses": 7804000000, "costAndExpenses": 7932000000, "interestIncome": 0, "interestExpense": 128000000, "depreciationAndAmortization": 86000000, "ebitda": 690000000, "ebitdaratio": 0.0814447592, "operatingIncome": 604000000, "operatingIncomeRatio": 0.0712936733, "totalOtherIncomeExpensesNet": 288000000, "incomeBeforeTax": 540000000, "incomeBeforeTaxRatio": 0.0637393768, "incomeTaxExpense": 57000000, "netIncome": 419000000, "netIncomeRatio": 0.0494570349, "eps": 1.1, "epsdiluted": 1.1, "weightedAverageShsOut": 269000000, "weightedAverageShsOutDil": 269100000, "link": "https://www.sec.gov/Archives/edgar/data/21175/000095012310015622/0000950123-10-015622-index.htm", "finalLink": "https://www.sec.gov/Archives/edgar/data/21175/000095012310015622/c56164e10vk.htm", "calculatedOtherExpenses": 6771000000, "calculatedOperatingExpenses": 7868000000, "calculatedNetInterest": -128000000, "calculatedOtherIncome": 64000000, "calculatedIncomeNonControlling": 64000000, "calculatedEbitda": 690000000}, {"date": "2008-12-31", "symbol": "CNA", "reportedCurrency": "USD", "cik": "0000021175", "fillingDate": "2009-02-24", "acceptedDate": "2009-02-24 12:40:46", "calendarYear": "2009", "period": "FY", "revenue": 7799000000, "costOfRevenue": 0, "grossProfit": 7799000000, "grossProfitRatio": 1, "researchAndDevelopmentExpenses": 0, "generalAndAdministrativeExpenses": 1037000000, "sellingAndMarketingExpenses": 0, "sellingGeneralAndAdministrativeExpenses": 1037000000, "otherExpenses": 7190000000, "operatingExpenses": 8227000000, "costAndExpenses": 8361000000, "interestIncome": 0, "interestExpense": 134000000, "depreciationAndAmortization": 78000000, "ebitda": -398000000, "ebitdaratio": -0.0510321836, "operatingIncome": -476000000, "operatingIncomeRatio": -0.0610334658, "totalOtherIncomeExpensesNet": -971000000, "incomeBeforeTax": -562000000, "incomeBeforeTaxRatio": -0.0720605206, "incomeTaxExpense": -311000000, "netIncome": -299000000, "netIncomeRatio": -0.0383382485, "eps": -1.11, "epsdiluted": -1.11, "weightedAverageShsOut": 269400000, "weightedAverageShsOutDil": 269400000, "link": "https://www.sec.gov/Archives/edgar/data/21175/000095013709001250/0000950137-09-001250-index.htm", "finalLink": "https://www.sec.gov/Archives/edgar/data/21175/000095013709001250/c48758e10vk.htm", "calculatedOtherExpenses": 7238000000, "calculatedOperatingExpenses": 8275000000, "calculatedNetInterest": -134000000, "calculatedOtherIncome": 48000000, "calculatedIncomeNonControlling": 48000000, "calculatedEbitda": -398000000}, {"date": "2007-12-31", "symbol": "CNA", "reportedCurrency": "USD", "cik": "0000021175", "fillingDate": "2008-02-26", "acceptedDate": "2008-02-25 18:48:45", "calendarYear": "2008", "period": "FY", "revenue": 9885000000, "costOfRevenue": 0, "grossProfit": 9885000000, "grossProfitRatio": 1, "researchAndDevelopmentExpenses": 0, "generalAndAdministrativeExpenses": 0, "sellingAndMarketingExpenses": 0, "sellingGeneralAndAdministrativeExpenses": 0, "otherExpenses": 8523000000, "operatingExpenses": 8523000000, "costAndExpenses": 8663000000, "interestIncome": 0, "interestExpense": 140000000, "depreciationAndAmortization": -188000000, "ebitda": 1120000000, "ebitdaratio": 0.1133029843, "operatingIncome": 1308000000, "operatingIncomeRatio": 0.1323216995, "totalOtherIncomeExpensesNet": 279000000, "incomeBeforeTax": 1222000000, "incomeBeforeTaxRatio": 0.123621649, "incomeTaxExpense": 317000000, "netIncome": 851000000, "netIncomeRatio": 0.0860900354, "eps": 3.13, "epsdiluted": 3.13, "weightedAverageShsOut": 271500000, "weightedAverageShsOutDil": 271800000, "link": "https://www.sec.gov/Archives/edgar/data/21175/000095013708002701/0000950137-08-002701-index.htm", "finalLink": "https://www.sec.gov/Archives/edgar/data/21175/000095013708002701/c23921e10vk.htm", "calculatedOtherExpenses": 8577000000, "calculatedOperatingExpenses": 8577000000, "calculatedNetInterest": -140000000, "calculatedOtherIncome": 54000000, "calculatedIncomeNonControlling": 54000000, "calculatedEbitda": 1120000000}, {"date": "2006-12-31", "symbol": "CNA", "reportedCurrency": "USD", "cik": "0000021175", "fillingDate": "2007-02-23", "acceptedDate": "2007-02-23 12:53:48", "calendarYear": "2007", "period": "FY", "revenue": 10376000000, "costOfRevenue": 0, "grossProfit": 10376000000, "grossProfitRatio": 1, "researchAndDevelopmentExpenses": 0, "generalAndAdministrativeExpenses": 0, "sellingAndMarketingExpenses": 0, "sellingGeneralAndAdministrativeExpenses": 0, "otherExpenses": 8608000000, "operatingExpenses": 8608000000, "costAndExpenses": 8726000000, "interestIncome": 0, "interestExpense": 131000000, "depreciationAndAmortization": -226000000, "ebitda": 1482000000, "ebitdaratio": 0.1428296068, "operatingIncome": 1708000000, "operatingIncomeRatio": 0.1646106399, "totalOtherIncomeExpensesNet": 275000000, "incomeBeforeTax": 1650000000, "incomeBeforeTaxRatio": 0.1590208173, "incomeTaxExpense": 469000000, "netIncome": 1108000000, "netIncomeRatio": 0.1067848882, "eps": 4.06, "epsdiluted": 4.05, "weightedAverageShsOut": 262100000, "weightedAverageShsOutDil": 262300000, "link": "https://www.sec.gov/Archives/edgar/data/21175/000095013707002661/0000950137-07-002661-index.htm", "finalLink": "https://www.sec.gov/Archives/edgar/data/21175/000095013707002661/c12423e10vk.htm", "calculatedOtherExpenses": 8668000000, "calculatedOperatingExpenses": 8668000000, "calculatedNetInterest": -131000000, "calculatedOtherIncome": 73000000, "calculatedIncomeNonControlling": 73000000, "calculatedEbitda": 1482000000}, {"date": "2005-12-31", "symbol": "CNA", "reportedCurrency": "USD", "cik": "0000021175", "fillingDate": "2006-03-08", "acceptedDate": "2006-03-08 16:29:41", "calendarYear": "2006", "period": "FY", "revenue": 9862000000, "costOfRevenue": 0, "grossProfit": 9862000000, "grossProfitRatio": 1, "researchAndDevelopmentExpenses": 0, "generalAndAdministrativeExpenses": 0, "sellingAndMarketingExpenses": 0, "sellingGeneralAndAdministrativeExpenses": 0, "otherExpenses": 9576000000, "operatingExpenses": 9576000000, "costAndExpenses": 9700000000, "interestIncome": 0, "interestExpense": 124000000, "depreciationAndAmortization": -99000000, "ebitda": 184000000, "ebitdaratio": 0.0186574731, "operatingIncome": 283000000, "operatingIncomeRatio": 0.0286960049, "totalOtherIncomeExpensesNet": 411000000, "incomeBeforeTax": 162000000, "incomeBeforeTaxRatio": 0.0164266883, "incomeTaxExpense": -105000000, "netIncome": 264000000, "netIncomeRatio": 0.026769418, "eps": 0.76, "epsdiluted": 0.76, "weightedAverageShsOut": 256000000, "weightedAverageShsOutDil": 256000000, "link": "https://www.sec.gov/Archives/edgar/data/21175/000095013706002738/0000950137-06-002738-index.htm", "finalLink": "https://www.sec.gov/Archives/edgar/data/21175/000095013706002738/c03056e10vk.htm", "calculatedOtherExpenses": 9579000000, "calculatedOperatingExpenses": 9579000000, "calculatedNetInterest": -124000000, "calculatedOtherIncome": 3000000, "calculatedIncomeNonControlling": 3000000, "calculatedEbitda": 184000000}, {"date": "2004-12-31", "symbol": "CNA", "reportedCurrency": "USD", "cik": "0000021175", "fillingDate": "2005-02-28", "acceptedDate": "2005-02-28 17:15:02", "calendarYear": "2005", "period": "FY", "revenue": 9930000000, "costOfRevenue": 0, "grossProfit": 9930000000, "grossProfitRatio": 1, "researchAndDevelopmentExpenses": 0, "generalAndAdministrativeExpenses": 0, "sellingAndMarketingExpenses": 0, "sellingGeneralAndAdministrativeExpenses": 0, "otherExpenses": -9336000000, "operatingExpenses": -9336000000, "costAndExpenses": 9433000000, "interestIncome": 0, "interestExpense": 124000000, "depreciationAndAmortization": 84000000, "ebitda": 678000000, "ebitdaratio": 0.0682779456, "operatingIncome": 594000000, "operatingIncomeRatio": 0.0598187311, "totalOtherIncomeExpensesNet": 295000000, "incomeBeforeTax": 497000000, "incomeBeforeTaxRatio": 0.0500503525, "incomeTaxExpense": 29000000, "netIncome": 441000000, "netIncomeRatio": 0.0444108761, "eps": 1.4, "epsdiluted": 1.4, "weightedAverageShsOut": 256000000, "weightedAverageShsOutDil": 256000000, "link": "https://www.sec.gov/Archives/edgar/data/21175/000095013705002420/0000950137-05-002420-index.htm", "finalLink": "https://www.sec.gov/Archives/edgar/data/21175/000095013705002420/c92483e10vk.htm", "calculatedOtherExpenses": 9336000000, "calculatedOperatingExpenses": 9336000000, "calculatedNetInterest": -124000000, "calculatedOtherIncome": 27000000, "calculatedIncomeNonControlling": 27000000, "calculatedEbitda": 678000000}, {"date": "2003-12-31", "symbol": "CNA", "reportedCurrency": "USD", "cik": "0000021175", "fillingDate": "2004-02-27", "acceptedDate": "2004-02-27 17:28:15", "calendarYear": "2004", "period": "FY", "revenue": 11716000000, "costOfRevenue": 0, "grossProfit": 11716000000, "grossProfitRatio": 1, "researchAndDevelopmentExpenses": 0, "generalAndAdministrativeExpenses": 0, "sellingAndMarketingExpenses": 0, "sellingGeneralAndAdministrativeExpenses": 0, "otherExpenses": -13932000000, "operatingExpenses": -13932000000, "costAndExpenses": 14068000000, "interestIncome": 0, "interestExpense": 130000000, "depreciationAndAmortization": 7000000, "ebitda": -2209000000, "ebitdaratio": -0.1885455787, "operatingIncome": -2216000000, "operatingIncomeRatio": -0.1891430522, "totalOtherIncomeExpensesNet": 395000000, "incomeBeforeTax": -2352000000, "incomeBeforeTaxRatio": -0.2007511096, "incomeTaxExpense": -913000000, "netIncome": -1433000000, "netIncomeRatio": -0.1223113691, "eps": -6.32, "epsdiluted": -6.32, "weightedAverageShsOut": 226881720, "weightedAverageShsOutDil": 226881720, "link": "https://www.sec.gov/Archives/edgar/data/21175/000095012404000588/0000950124-04-000588-index.htm", "finalLink": "https://www.sec.gov/Archives/edgar/data/21175/000095012404000588/c83244e10vk.htm", "calculatedOtherExpenses": 13932000000, "calculatedOperatingExpenses": 13932000000, "calculatedNetInterest": -130000000, "calculatedOtherIncome": -6000000, "calculatedIncomeNonControlling": -6000000, "calculatedEbitda": -2209000000}, {"date": "2002-12-31", "symbol": "CNA", "reportedCurrency": "USD", "cik": "0000021175", "fillingDate": "2003-03-26", "acceptedDate": "2003-03-25 18:03:55", "calendarYear": "2003", "period": "FY", "revenue": 12286000000, "costOfRevenue": 0, "grossProfit": 12286000000, "grossProfitRatio": 1, "researchAndDevelopmentExpenses": 0, "generalAndAdministrativeExpenses": 0, "sellingAndMarketingExpenses": 0, "sellingGeneralAndAdministrativeExpenses": 0, "otherExpenses": -11913000000, "operatingExpenses": -11913000000, "costAndExpenses": 11945000000, "interestIncome": 0, "interestExpense": 150000000, "depreciationAndAmortization": -45000000, "ebitda": 328000000, "ebitdaratio": 0.0266970536, "operatingIncome": 373000000, "operatingIncomeRatio": 0.0303597591, "totalOtherIncomeExpensesNet": 595000000, "incomeBeforeTax": 341000000, "incomeBeforeTaxRatio": 0.0277551685, "incomeTaxExpense": 68000000, "netIncome": 155000000, "netIncomeRatio": 0.0126159857, "eps": 0.72, "epsdiluted": 0.72, "weightedAverageShsOut": 226388889, "weightedAverageShsOutDil": 226388889, "link": "https://www.sec.gov/Archives/edgar/data/21175/000095013703001707/0000950137-03-001707-index.htm", "finalLink": "https://www.sec.gov/Archives/edgar/data/21175/000095013703001707/c75546e10vk.htm", "calculatedOtherExpenses": 11913000000, "calculatedOperatingExpenses": 11913000000, "calculatedNetInterest": -150000000, "calculatedOtherIncome": 118000000, "calculatedIncomeNonControlling": 118000000, "calculatedEbitda": 328000000}, {"date": "2001-12-31", "symbol": "CNA", "reportedCurrency": "USD", "cik": "0000021175", "fillingDate": "2002-03-08", "acceptedDate": "2002-03-08 00:00:00", "calendarYear": "2002", "period": "FY", "revenue": 13203000000, "costOfRevenue": 0, "grossProfit": 13203000000, "grossProfitRatio": 1, "researchAndDevelopmentExpenses": 0, "generalAndAdministrativeExpenses": 0, "sellingAndMarketingExpenses": 0, "sellingGeneralAndAdministrativeExpenses": 0, "otherExpenses": -15433000000, "operatingExpenses": -15433000000, "costAndExpenses": 15508000000, "interestIncome": 0, "interestExpense": 157000000, "depreciationAndAmortization": -115000000, "ebitda": -2345000000, "ebitdaratio": -0.177611149, "operatingIncome": -2230000000, "operatingIncomeRatio": -0.1689010073, "totalOtherIncomeExpensesNet": 676000000, "incomeBeforeTax": -2305000000, "incomeBeforeTaxRatio": -0.1745815345, "incomeTaxExpense": -743000000, "netIncome": -1644000000, "netIncomeRatio": -0.1245171552, "eps": -8.18, "epsdiluted": -8.18, "weightedAverageShsOut": 200876095, "weightedAverageShsOutDil": 200876095, "link": "https://www.sec.gov/Archives/edgar/data/21175/000095013702001172/0000950137-02-001172-index.htm", "finalLink": "https://www.sec.gov/Archives/edgar/data/21175/000095013702001172/c67951ke10-k405.htm", "calculatedOtherExpenses": 15433000000, "calculatedOperatingExpenses": 15433000000, "calculatedNetInterest": -157000000, "calculatedOtherIncome": 82000000, "calculatedIncomeNonControlling": 82000000, "calculatedEbitda": -2345000000}, {"date": "2000-12-31", "symbol": "CNA", "reportedCurrency": "USD", "cik": "0000021175", "fillingDate": "2001-03-16", "acceptedDate": "2001-03-16 00:00:00", "calendarYear": "2001", "period": "FY", "revenue": 15614000000, "costOfRevenue": 0, "grossProfit": 15614000000, "grossProfitRatio": 1, "researchAndDevelopmentExpenses": 0, "generalAndAdministrativeExpenses": 0, "sellingAndMarketingExpenses": 0, "sellingGeneralAndAdministrativeExpenses": 0, "otherExpenses": -13626000000, "operatingExpenses": -13626000000, "costAndExpenses": 13804000000, "interestIncome": 0, "interestExpense": 206000000, "depreciationAndAmortization": -133000000, "ebitda": 1855000000, "ebitdaratio": 0.1188036378, "operatingIncome": 1988000000, "operatingIncomeRatio": 0.1273216344, "totalOtherIncomeExpensesNet": 739000000, "incomeBeforeTax": 1810000000, "incomeBeforeTaxRatio": 0.1159216088, "incomeTaxExpense": 568000000, "netIncome": 1214000000, "netIncomeRatio": 0.0777507365, "eps": 6.4, "epsdiluted": 6.4, "weightedAverageShsOut": 184531250, "weightedAverageShsOutDil": 184531250, "link": "https://www.sec.gov/Archives/edgar/data/21175/000089155401501431/0000891554-01-501431-index.htm", "finalLink": "https://www.sec.gov/Archives/edgar/data/21175/000089155401501431/d25096_10k.txt", "calculatedOtherExpenses": 13626000000, "calculatedOperatingExpenses": 13626000000, "calculatedNetInterest": -206000000, "calculatedOtherIncome": 28000000, "calculatedIncomeNonControlling": 28000000, "calculatedEbitda": 1855000000}, {"date": "1999-12-31", "symbol": "CNA", "reportedCurrency": "USD", "cik": "0000021175", "fillingDate": "2000-03-29", "acceptedDate": "2000-03-29 00:00:00", "calendarYear": "2000", "period": "FY", "revenue": 16403000000, "costOfRevenue": 0, "grossProfit": 16403000000, "grossProfitRatio": 1, "researchAndDevelopmentExpenses": 0, "generalAndAdministrativeExpenses": 0, "sellingAndMarketingExpenses": 0, "sellingGeneralAndAdministrativeExpenses": 0, "otherExpenses": -16419000000, "operatingExpenses": -16419000000, "costAndExpenses": 16414000000, "interestIncome": 0, "interestExpense": 202000000, "depreciationAndAmortization": 169000000, "ebitda": 153000000, "ebitdaratio": 0.009327562, "operatingIncome": -16000000, "operatingIncomeRatio": -0.0009754313, "totalOtherIncomeExpensesNet": 705000000, "incomeBeforeTax": -11000000, "incomeBeforeTaxRatio": -0.000670609, "incomeTaxExpense": -88000000, "netIncome": -130000000, "netIncomeRatio": -0.0079253795, "eps": -0.68, "epsdiluted": -0.68, "weightedAverageShsOut": 190109890, "weightedAverageShsOutDil": 190109890, "link": "https://www.sec.gov/Archives/edgar/data/21175/000002117500000021/0000021175-00-000021-index.html", "finalLink": "https://www.sec.gov/Archives/edgar/data/21175/000002117500000021/", "calculatedOtherExpenses": 16419000000, "calculatedOperatingExpenses": 16419000000, "calculatedNetInterest": -202000000, "calculatedOtherIncome": 207000000, "calculatedIncomeNonControlling": 207000000, "calculatedEbitda": 153000000}, {"date": "1998-12-31", "symbol": "CNA", "reportedCurrency": "USD", "cik": "0000021175", "fillingDate": "1999-03-31", "acceptedDate": "1999-03-31 00:00:00", "calendarYear": "1999", "period": "FY", "revenue": 17074000000, "costOfRevenue": 0, "grossProfit": 17074000000, "grossProfitRatio": 1, "researchAndDevelopmentExpenses": 0, "generalAndAdministrativeExpenses": 0, "sellingAndMarketingExpenses": 0, "sellingGeneralAndAdministrativeExpenses": 0, "otherExpenses": -16526000000, "operatingExpenses": -16526000000, "costAndExpenses": 16725000000, "interestIncome": 0, "interestExpense": 219000000, "depreciationAndAmortization": 51000000, "ebitda": 599000000, "ebitdaratio": 0.0350825817, "operatingIncome": 548000000, "operatingIncomeRatio": 0.0320955839, "totalOtherIncomeExpensesNet": 858000000, "incomeBeforeTax": 349000000, "incomeBeforeTaxRatio": 0.0204404358, "incomeTaxExpense": 47000000, "netIncome": 282000000, "netIncomeRatio": 0.0165163406, "eps": 1.19, "epsdiluted": 1.19, "weightedAverageShsOut": 185714286, "weightedAverageShsOutDil": 185714286, "link": "https://www.sec.gov/Archives/edgar/data/21175/000002117599000014/0000021175-99-000014-index.htm", "finalLink": "https://www.sec.gov/Archives/edgar/data/21175/", "calculatedOtherExpenses": 16526000000, "calculatedOperatingExpenses": 16526000000, "calculatedNetInterest": -219000000, "calculatedOtherIncome": 20000000, "calculatedIncomeNonControlling": 20000000, "calculatedEbitda": 599000000}, {"date": "1997-12-31", "symbol": "CNA", "reportedCurrency": "USD", "cik": "0000021175", "fillingDate": "1998-03-31", "acceptedDate": "1998-03-31 00:00:00", "calendarYear": "1998", "period": "FY", "revenue": 17072000000, "costOfRevenue": 0, "grossProfit": 17072000000, "grossProfitRatio": 1, "researchAndDevelopmentExpenses": 0, "generalAndAdministrativeExpenses": 0, "sellingAndMarketingExpenses": 0, "sellingGeneralAndAdministrativeExpenses": 0, "otherExpenses": -15516000000, "operatingExpenses": -15516000000, "costAndExpenses": 15714000000, "interestIncome": 0, "interestExpense": 198000000, "depreciationAndAmortization": 88000000, "ebitda": 1644000000, "ebitdaratio": 0.0962980319, "operatingIncome": 1556000000, "operatingIncomeRatio": 0.0911433927, "totalOtherIncomeExpensesNet": 748000000, "incomeBeforeTax": 1358000000, "incomeBeforeTaxRatio": 0.0795454545, "incomeTaxExpense": 392000000, "netIncome": 966000000, "netIncomeRatio": 0.05658388, "eps": 1.72, "epsdiluted": 1.72, "weightedAverageShsOut": 556200000, "weightedAverageShsOutDil": 556200000, "link": "https://www.sec.gov/Archives/edgar/data/21175/000002117598000006/0000021175-98-000006-index.htm", "finalLink": "https://www.sec.gov/Archives/edgar/data/21175/", "calculatedOtherExpenses": 15516000000, "calculatedOperatingExpenses": 15516000000, "calculatedNetInterest": -198000000, "calculatedOtherIncome": 0, "calculatedIncomeNonControlling": 0, "calculatedEbitda": 1644000000}, {"date": "1996-12-31", "symbol": "CNA", "reportedCurrency": "USD", "cik": "0000021175", "fillingDate": "1997-03-31", "acceptedDate": "1997-03-31 00:00:00", "calendarYear": "1997", "period": "FY", "revenue": 16987800000, "costOfRevenue": 0, "grossProfit": 16987800000, "grossProfitRatio": 1, "researchAndDevelopmentExpenses": 0, "generalAndAdministrativeExpenses": 0, "sellingAndMarketingExpenses": 0, "sellingGeneralAndAdministrativeExpenses": 0, "otherExpenses": -15442400000, "operatingExpenses": -15442400000, "costAndExpenses": 15642800000, "interestIncome": 0, "interestExpense": 200400000, "depreciationAndAmortization": -14300000, "ebitda": 1531100000, "ebitdaratio": 0.090129387, "operatingIncome": 1545400000, "operatingIncomeRatio": 0.0909711675, "totalOtherIncomeExpensesNet": 614200000, "incomeBeforeTax": 1345000000, "incomeBeforeTaxRatio": 0.0791744664, "incomeTaxExpense": 380200000, "netIncome": 964800000, "netIncomeRatio": 0.056793699, "eps": 1.72, "epsdiluted": 1.72, "weightedAverageShsOut": 185586000, "weightedAverageShsOutDil": 185586000, "link": "https://www.sec.gov/Archives/edgar/data/21175/000002117597000016/0000021175-97-000016-index.html", "finalLink": "https://www.sec.gov/Archives/edgar/data/21175/", "calculatedOtherExpenses": 15442400000, "calculatedOperatingExpenses": 15442400000, "calculatedNetInterest": -200400000, "calculatedOtherIncome": 0, "calculatedIncomeNonControlling": 0, "calculatedEbitda": 1531100000}, {"date": "1995-12-31", "symbol": "CNA", "reportedCurrency": "USD", "cik": "0000021175", "fillingDate": "1996-04-01", "acceptedDate": "1996-04-01 00:00:00", "calendarYear": "1996", "period": "FY", "revenue": 14699700000, "costOfRevenue": 0, "grossProfit": 14699700000, "grossProfitRatio": 1, "researchAndDevelopmentExpenses": 0, "generalAndAdministrativeExpenses": 0, "sellingAndMarketingExpenses": 0, "sellingGeneralAndAdministrativeExpenses": 0, "otherExpenses": -13475000000, "operatingExpenses": -13475000000, "costAndExpenses": 13657300000, "interestIncome": 0, "interestExpense": 182300000, "depreciationAndAmortization": -22800000, "ebitda": 1201900000, "ebitdaratio": 0.0817635734, "operatingIncome": 1224700000, "operatingIncomeRatio": 0.0833146255, "totalOtherIncomeExpensesNet": 424200000, "incomeBeforeTax": 1042400000, "incomeBeforeTaxRatio": 0.0709130118, "incomeTaxExpense": 285400000, "netIncome": 757000000, "netIncomeRatio": 0.0514976496, "eps": 4.05, "epsdiluted": 4.05, "weightedAverageShsOut": 187067545, "weightedAverageShsOutDil": 187067545, "link": "https://www.sec.gov/Archives/edgar/data/21175/000002117596000003/0000021175-96-000003-index.htm", "finalLink": "https://www.sec.gov/Archives/edgar/data/21175/0000021175-96-000003.txt", "calculatedOtherExpenses": 13475000000, "calculatedOperatingExpenses": 13475000000, "calculatedNetInterest": -182300000, "calculatedOtherIncome": 0, "calculatedIncomeNonControlling": 0, "calculatedEbitda": 1201900000}, {"date": "1994-12-31", "symbol": "CNA", "reportedCurrency": "USD", "cik": "0000021175", "fillingDate": "1995-03-30", "acceptedDate": "1995-03-30 00:00:00", "calendarYear": "1995", "period": "FY", "revenue": 10999500000, "costOfRevenue": 0, "grossProfit": 10999500000, "grossProfitRatio": 1, "researchAndDevelopmentExpenses": 0, "generalAndAdministrativeExpenses": 0, "sellingAndMarketingExpenses": 0, "sellingGeneralAndAdministrativeExpenses": 0, "otherExpenses": -11063000000, "operatingExpenses": -11063000000, "costAndExpenses": 11133500000, "interestIncome": 0, "interestExpense": 70500000, "depreciationAndAmortization": -29400000, "ebitda": -92900000, "ebitdaratio": -0.0084458384, "operatingIncome": -63500000, "operatingIncomeRatio": -0.0057729897, "totalOtherIncomeExpensesNet": 220100000, "incomeBeforeTax": -134000000, "incomeBeforeTaxRatio": -0.0121823719, "incomeTaxExpense": -170500000, "netIncome": 36500000, "netIncomeRatio": 0.0033183327, "eps": 0.17, "epsdiluted": 0.17, "weightedAverageShsOut": 214705882, "weightedAverageShsOutDil": 214705882, "link": "https://www.sec.gov/Archives/edgar/data/21175/000002117595000005/0000021175-95-000005-index.htm", "finalLink": "https://www.sec.gov/Archives/edgar/data/21175/0000021175-95-000005.txt", "calculatedOtherExpenses": 11063000000, "calculatedOperatingExpenses": 11063000000, "calculatedNetInterest": -70500000, "calculatedOtherIncome": 0, "calculatedIncomeNonControlling": 0, "calculatedEbitda": -92900000}, {"date": "1993-12-31", "symbol": "CNA", "reportedCurrency": "USD", "cik": "0000021175", "fillingDate": "1994-03-30", "acceptedDate": "1994-03-30 00:00:00", "calendarYear": "1994", "period": "FY", "revenue": 11010800000, "costOfRevenue": 0, "grossProfit": 11010800000, "grossProfitRatio": 1, "researchAndDevelopmentExpenses": 0, "generalAndAdministrativeExpenses": 0, "sellingAndMarketingExpenses": 0, "sellingGeneralAndAdministrativeExpenses": 0, "otherExpenses": -10876600000, "operatingExpenses": -10876600000, "costAndExpenses": 8597300000, "interestIncome": 0, "interestExpense": 40800000, "depreciationAndAmortization": -41500000, "ebitda": 92700000, "ebitdaratio": 0.0084190068, "operatingIncome": 134200000, "operatingIncomeRatio": 0.0121880336, "totalOtherIncomeExpensesNet": 2322000000, "incomeBeforeTax": 2456200000, "incomeBeforeTaxRatio": 0.2230718931, "incomeTaxExpense": -174100000, "netIncome": 267500000, "netIncomeRatio": 0.0242943292, "eps": 0.47, "epsdiluted": 0.47, "weightedAverageShsOut": 185712000, "weightedAverageShsOutDil": 185712000, "link": "https://www.sec.gov/Archives/edgar/data/21175/000002117594000005/0000021175-94-000005-index.htm", "finalLink": "https://www.sec.gov/Archives/edgar/data/21175/0000021175-94-000005.txt", "calculatedOtherExpenses": 10876600000, "calculatedOperatingExpenses": 10876600000, "calculatedNetInterest": -40800000, "calculatedOtherIncome": 2362800000, "calculatedIncomeNonControlling": 2362800000, "calculatedEbitda": 92700000}, {"date": "1992-12-31", "symbol": "CNA", "reportedCurrency": "USD", "cik": "0000021175", "fillingDate": "1992-12-31", "acceptedDate": "1992-12-30 19:00:00", "calendarYear": "1993", "period": "FY", "revenue": 10793400000, "costOfRevenue": 0, "grossProfit": 10793400000, "grossProfitRatio": 1, "researchAndDevelopmentExpenses": 0, "generalAndAdministrativeExpenses": 0, "sellingAndMarketingExpenses": 0, "sellingGeneralAndAdministrativeExpenses": 0, "otherExpenses": -11799700000, "operatingExpenses": -11799700000, "costAndExpenses": 9907300000, "interestIncome": 0, "interestExpense": 36700000, "depreciationAndAmortization": 39800000, "ebitda": -966500000, "ebitdaratio": -0.089545463, "operatingIncome": -1006300000, "operatingIncomeRatio": -0.0932329016, "totalOtherIncomeExpensesNet": 2025400000, "incomeBeforeTax": 1019100000, "incomeBeforeTaxRatio": 0.0944188115, "incomeTaxExpense": -712500000, "netIncome": -330500000, "netIncomeRatio": -0.0306205644, "eps": -1.78, "epsdiluted": -1.78, "weightedAverageShsOut": 185580000, "weightedAverageShsOutDil": 185580000, "link": "", "finalLink": "", "calculatedOtherExpenses": 11799700000, "calculatedOperatingExpenses": 11799700000, "calculatedNetInterest": -36700000, "calculatedOtherIncome": 2062100000, "calculatedIncomeNonControlling": 2062100000, "calculatedEbitda": -966500000}, {"date": "1991-12-31", "symbol": "CNA", "reportedCurrency": "USD", "cik": "0000021175", "fillingDate": "1991-12-31", "acceptedDate": "1991-12-30 19:00:00", "calendarYear": "1992", "period": "FY", "revenue": 11131400000, "costOfRevenue": 0, "grossProfit": 11131400000, "grossProfitRatio": 1, "researchAndDevelopmentExpenses": 0, "generalAndAdministrativeExpenses": 0, "sellingAndMarketingExpenses": 0, "sellingGeneralAndAdministrativeExpenses": 0, "otherExpenses": -10537200000, "operatingExpenses": -10537200000, "costAndExpenses": 8280500000, "interestIncome": 0, "interestExpense": 38300000, "depreciationAndAmortization": 38100000, "ebitda": 632300000, "ebitdaratio": 0.0568032772, "operatingIncome": 594200000, "operatingIncomeRatio": 0.0533805272, "totalOtherIncomeExpensesNet": 2185000000, "incomeBeforeTax": 2779200000, "incomeBeforeTaxRatio": 0.2496720987, "incomeTaxExpense": -56600000, "netIncome": 612500000, "netIncomeRatio": 0.0550245252, "eps": 1.09, "epsdiluted": 1.09, "weightedAverageShsOut": 185565000, "weightedAverageShsOutDil": 185565000, "link": "", "finalLink": "", "calculatedOtherExpenses": 10537200000, "calculatedOperatingExpenses": 10537200000, "calculatedNetInterest": -38300000, "calculatedOtherIncome": 2223300000, "calculatedIncomeNonControlling": 2223300000, "calculatedEbitda": 632300000}, {"date": "1990-12-31", "symbol": "CNA", "reportedCurrency": "USD", "cik": "0000021175", "fillingDate": "1990-12-31", "acceptedDate": "1990-12-30 19:00:00", "calendarYear": "1991", "period": "FY", "revenue": 9944400000, "costOfRevenue": 0, "grossProfit": 9944400000, "grossProfitRatio": 1, "researchAndDevelopmentExpenses": 0, "generalAndAdministrativeExpenses": 0, "sellingAndMarketingExpenses": 0, "sellingGeneralAndAdministrativeExpenses": 0, "otherExpenses": -9823500000, "operatingExpenses": -9823500000, "costAndExpenses": 19900000, "interestIncome": 0, "interestExpense": 19900000, "depreciationAndAmortization": -74100000, "ebitda": 46800000, "ebitdaratio": 0.0047061663, "operatingIncome": 120900000, "operatingIncomeRatio": 0.0121575962, "totalOtherIncomeExpensesNet": 1545000000, "incomeBeforeTax": 1665900000, "incomeBeforeTaxRatio": 0.1675214191, "incomeTaxExpense": -265500000, "netIncome": 366500000, "netIncomeRatio": 0.0368549133, "eps": 0.64, "epsdiluted": 0.64, "weightedAverageShsOut": 185565000, "weightedAverageShsOutDil": 185565000, "link": "", "finalLink": "", "calculatedOtherExpenses": 9823500000, "calculatedOperatingExpenses": 9823500000, "calculatedNetInterest": -19900000, "calculatedOtherIncome": 1564900000, "calculatedIncomeNonControlling": 1564900000, "calculatedEbitda": 46800000}, {"date": "1989-12-31", "symbol": "CNA", "reportedCurrency": "USD", "cik": "0000021175", "fillingDate": "1989-12-31", "acceptedDate": "1989-12-30 19:00:00", "calendarYear": "1990", "period": "FY", "revenue": 9084000000, "costOfRevenue": 0, "grossProfit": 9084000000, "grossProfitRatio": 1, "researchAndDevelopmentExpenses": 0, "generalAndAdministrativeExpenses": 0, "sellingAndMarketingExpenses": 0, "sellingGeneralAndAdministrativeExpenses": 0, "otherExpenses": -8761800000, "operatingExpenses": -8761800000, "costAndExpenses": 2800000, "interestIncome": 0, "interestExpense": 2800000, "depreciationAndAmortization": -63900000, "ebitda": 258300000, "ebitdaratio": 0.0284346103, "operatingIncome": 322200000, "operatingIncomeRatio": 0.0354689564, "totalOtherIncomeExpensesNet": 1630000000, "incomeBeforeTax": 1952200000, "incomeBeforeTaxRatio": 0.214905328, "incomeTaxExpense": -294100000, "netIncome": 613500000, "netIncomeRatio": 0.0675363276, "eps": 1.08, "epsdiluted": 1.08, "weightedAverageShsOut": 185712000, "weightedAverageShsOutDil": 185712000, "link": "", "finalLink": "", "calculatedOtherExpenses": 8761800000, "calculatedOperatingExpenses": 8761800000, "calculatedNetInterest": -2800000, "calculatedOtherIncome": 1632800000, "calculatedIncomeNonControlling": 1632800000, "calculatedEbitda": 258300000}, {"date": "1988-12-31", "symbol": "CNA", "reportedCurrency": "USD", "cik": "0000021175", "fillingDate": "1988-12-31", "acceptedDate": "1988-12-30 19:00:00", "calendarYear": "1989", "period": "FY", "revenue": 8346000000, "costOfRevenue": 0, "grossProfit": 8346000000, "grossProfitRatio": 1, "researchAndDevelopmentExpenses": 0, "generalAndAdministrativeExpenses": 0, "sellingAndMarketingExpenses": 0, "sellingGeneralAndAdministrativeExpenses": 0, "otherExpenses": -7850800000, "operatingExpenses": -7850800000, "costAndExpenses": 3000000, "interestIncome": 0, "interestExpense": 3000000, "depreciationAndAmortization": 0, "ebitda": 495200000, "ebitdaratio": 0.0593338126, "operatingIncome": 495200000, "operatingIncomeRatio": 0.0593338126, "totalOtherIncomeExpensesNet": 0, "incomeBeforeTax": 0, "incomeBeforeTaxRatio": 0, "incomeTaxExpense": -53900000, "netIncome": 546100000, "netIncomeRatio": 0.0654325425, "eps": 0.95, "epsdiluted": 0.95, "weightedAverageShsOut": 187045000, "weightedAverageShsOutDil": 187045000, "link": "", "finalLink": "", "calculatedOtherExpenses": 7850800000, "calculatedOperatingExpenses": 7850800000, "calculatedNetInterest": -3000000, "calculatedOtherIncome": -492200000, "calculatedIncomeNonControlling": -492200000, "calculatedEbitda": 495200000}, {"date": "1987-12-31", "symbol": "CNA", "reportedCurrency": "USD", "cik": "0000021175", "fillingDate": "1987-12-31", "acceptedDate": "1987-12-30 19:00:00", "calendarYear": "1988", "period": "FY", "revenue": 7121200000, "costOfRevenue": 0, "grossProfit": 7121200000, "grossProfitRatio": 1, "researchAndDevelopmentExpenses": 0, "generalAndAdministrativeExpenses": 0, "sellingAndMarketingExpenses": 0, "sellingGeneralAndAdministrativeExpenses": 0, "otherExpenses": -6982100000, "operatingExpenses": -6982100000, "costAndExpenses": 7200000, "interestIncome": 0, "interestExpense": 7200000, "depreciationAndAmortization": 0, "ebitda": 139100000, "ebitdaratio": 0.0195332247, "operatingIncome": 139100000, "operatingIncomeRatio": 0.0195332247, "totalOtherIncomeExpensesNet": 0, "incomeBeforeTax": 0, "incomeBeforeTaxRatio": 0, "incomeTaxExpense": -289300000, "netIncome": 421200000, "netIncomeRatio": 0.0591473347, "eps": 0.72, "epsdiluted": 0.72, "weightedAverageShsOut": 188168000, "weightedAverageShsOutDil": 188168000, "link": "", "finalLink": "", "calculatedOtherExpenses": 6982100000, "calculatedOperatingExpenses": 6982100000, "calculatedNetInterest": -7200000, "calculatedOtherIncome": -131900000, "calculatedIncomeNonControlling": -131900000, "calculatedEbitda": 139100000}, {"date": "1986-12-31", "symbol": "CNA", "reportedCurrency": "USD", "cik": "0000021175", "fillingDate": "1986-12-31", "acceptedDate": "1986-12-30 19:00:00", "calendarYear": "1987", "period": "FY", "revenue": 6392300000, "costOfRevenue": 0, "grossProfit": 6392300000, "grossProfitRatio": 1, "researchAndDevelopmentExpenses": 0, "generalAndAdministrativeExpenses": 0, "sellingAndMarketingExpenses": 0, "sellingGeneralAndAdministrativeExpenses": 0, "otherExpenses": -6399600000, "operatingExpenses": -6399600000, "costAndExpenses": 2600000, "interestIncome": 0, "interestExpense": 2600000, "depreciationAndAmortization": 0, "ebitda": -7300000, "ebitdaratio": -0.001141999, "operatingIncome": -7300000, "operatingIncomeRatio": -0.001141999, "totalOtherIncomeExpensesNet": 0, "incomeBeforeTax": 0, "incomeBeforeTaxRatio": 0, "incomeTaxExpense": -270500000, "netIncome": 260600000, "netIncomeRatio": 0.0407677988, "eps": 0.45, "epsdiluted": 0.45, "weightedAverageShsOut": 192547000, "weightedAverageShsOutDil": 192547000, "link": "", "finalLink": "", "calculatedOtherExpenses": 6399600000, "calculatedOperatingExpenses": 6399600000, "calculatedNetInterest": -2600000, "calculatedOtherIncome": 9900000, "calculatedIncomeNonControlling": 9900000, "calculatedEbitda": -7300000}, {"date": "1985-12-31", "symbol": "CNA", "reportedCurrency": "USD", "cik": "0000021175", "fillingDate": "1985-12-31", "acceptedDate": "1985-12-30 19:00:00", "calendarYear": "1986", "period": "FY", "revenue": 4605200000, "costOfRevenue": 0, "grossProfit": 4605200000, "grossProfitRatio": 1, "researchAndDevelopmentExpenses": 0, "generalAndAdministrativeExpenses": 0, "sellingAndMarketingExpenses": 0, "sellingGeneralAndAdministrativeExpenses": 0, "otherExpenses": -4623100000, "operatingExpenses": -4623100000, "costAndExpenses": 2600000, "interestIncome": 0, "interestExpense": 2600000, "depreciationAndAmortization": 0, "ebitda": -17900000, "ebitdaratio": -0.0038869104, "operatingIncome": -17900000, "operatingIncomeRatio": -0.0038869104, "totalOtherIncomeExpensesNet": 0, "incomeBeforeTax": 0, "incomeBeforeTaxRatio": 0, "incomeTaxExpense": -200600000, "netIncome": 180100000, "netIncomeRatio": 0.0391079649, "eps": 0.33, "epsdiluted": 0.33, "weightedAverageShsOut": 186541000, "weightedAverageShsOutDil": 186541000, "link": "", "finalLink": "", "calculatedOtherExpenses": 4623100000, "calculatedOperatingExpenses": 4623100000, "calculatedNetInterest": -2600000, "calculatedOtherIncome": 20500000, "calculatedIncomeNonControlling": 20500000, "calculatedEbitda": -17900000}]}