{"originalCurrency": "USD", "convertedCurrency": "USD", "report": [{"date": "2023-12-31", "symbol": "CNC", "reportedCurrency": "USD", "cik": "0001071739", "fillingDate": "2024-02-20", "acceptedDate": "2024-02-20 16:34:20", "calendarYear": "2023", "period": "FY", "revenue": 153999000000, "costOfRevenue": 122458000000, "grossProfit": 31541000000, "grossProfitRatio": 0.2048130183, "researchAndDevelopmentExpenses": 0, "generalAndAdministrativeExpenses": 0, "sellingAndMarketingExpenses": 0, "sellingGeneralAndAdministrativeExpenses": 12563000000, "otherExpenses": 16048000000, "operatingExpenses": 28611000000, "costAndExpenses": 151069000000, "interestIncome": 0, "interestExpense": -725000000, "depreciationAndAmortization": 1293000000, "ebitda": 2930000000, "ebitdaratio": 0.0190260976, "operatingIncome": 2930000000, "operatingIncomeRatio": 0.0190260976, "totalOtherIncomeExpensesNet": 668000000, "incomeBeforeTax": 3598000000, "incomeBeforeTaxRatio": 0.0233637881, "incomeTaxExpense": 899000000, "netIncome": 2702000000, "netIncomeRatio": 0.0175455685, "eps": 4.97, "epsdiluted": 4.95, "weightedAverageShsOut": 543319000, "weightedAverageShsOutDil": 545704000, "link": "https://www.sec.gov/Archives/edgar/data/1071739/000107173924000037/0001071739-24-000037-index.htm", "finalLink": "https://www.sec.gov/Archives/edgar/data/1071739/000107173924000037/cnc-20231231.htm", "calculatedOtherExpenses": 16048000000, "calculatedOperatingExpenses": 28611000000, "calculatedNetInterest": 725000000, "calculatedOtherIncome": -57000000, "calculatedIncomeNonControlling": -3000000, "calculatedEbitda": 4223000000}, {"date": "2022-12-31", "symbol": "CNC", "reportedCurrency": "USD", "cik": "0001071739", "fillingDate": "2023-02-21", "acceptedDate": "2023-02-21 16:29:25", "calendarYear": "2022", "period": "FY", "revenue": 144547000000, "costOfRevenue": 127891000000, "grossProfit": 16656000000, "grossProfitRatio": 0.1152289567, "researchAndDevelopmentExpenses": 0, "generalAndAdministrativeExpenses": 0, "sellingAndMarketingExpenses": 0, "sellingGeneralAndAdministrativeExpenses": 11589000000, "otherExpenses": 1431000000, "operatingExpenses": 13020000000, "costAndExpenses": 140911000000, "interestIncome": 665000000, "interestExpense": 665000000, "depreciationAndAmortization": 1553000000, "ebitda": 5189000000, "ebitdaratio": 0.0358983583, "operatingIncome": 3636000000, "operatingIncomeRatio": 0.025154448, "totalOtherIncomeExpensesNet": -1674000000, "incomeBeforeTax": 1962000000, "incomeBeforeTaxRatio": 0.0135734398, "incomeTaxExpense": 760000000, "netIncome": 1202000000, "netIncomeRatio": 0.0083156344, "eps": 2.09, "epsdiluted": 2.07, "weightedAverageShsOut": 575191000, "weightedAverageShsOutDil": 582040000, "link": "https://www.sec.gov/Archives/edgar/data/1071739/000107173923000047/0001071739-23-000047-index.htm", "finalLink": "https://www.sec.gov/Archives/edgar/data/1071739/000107173923000047/cnc-20221231.htm", "calculatedOtherExpenses": 1431000000, "calculatedOperatingExpenses": 13020000000, "calculatedNetInterest": 0, "calculatedOtherIncome": -1674000000, "calculatedIncomeNonControlling": 0, "calculatedEbitda": 5189000000}, {"date": "2021-12-31", "symbol": "CNC", "reportedCurrency": "USD", "cik": "0001071739", "fillingDate": "2022-02-22", "acceptedDate": "2022-02-22 16:58:11", "calendarYear": "2021", "period": "FY", "revenue": 125982000000, "costOfRevenue": 111783000000, "grossProfit": 14199000000, "grossProfitRatio": 0.1127065771, "researchAndDevelopmentExpenses": 0, "generalAndAdministrativeExpenses": 10166000000, "sellingAndMarketingExpenses": 0, "sellingGeneralAndAdministrativeExpenses": 10166000000, "otherExpenses": 770000000, "operatingExpenses": 10936000000, "costAndExpenses": 122719000000, "interestIncome": 665000000, "interestExpense": 665000000, "depreciationAndAmortization": 1476000000, "ebitda": 4739000000, "ebitdaratio": 0.0376164849, "operatingIncome": 3263000000, "operatingIncomeRatio": 0.0259005255, "totalOtherIncomeExpensesNet": -1450000000, "incomeBeforeTax": 1813000000, "incomeBeforeTaxRatio": 0.0143909447, "incomeTaxExpense": 477000000, "netIncome": 1347000000, "netIncomeRatio": 0.0106920036, "eps": 2.31, "epsdiluted": 2.28, "weightedAverageShsOut": 582832000, "weightedAverageShsOutDil": 590516000, "link": "https://www.sec.gov/Archives/edgar/data/1071739/000107173922000071/0001071739-22-000071-index.htm", "finalLink": "https://www.sec.gov/Archives/edgar/data/1071739/000107173922000071/cnc-20211231.htm", "calculatedOtherExpenses": 770000000, "calculatedOperatingExpenses": 10936000000, "calculatedNetInterest": 0, "calculatedOtherIncome": -1450000000, "calculatedIncomeNonControlling": -11000000, "calculatedEbitda": 4739000000}, {"date": "2020-12-31", "symbol": "CNC", "reportedCurrency": "USD", "cik": "0001071739", "fillingDate": "2021-02-22", "acceptedDate": "2021-02-22 16:43:34", "calendarYear": "2020", "period": "FY", "revenue": 111115000000, "costOfRevenue": 95899000000, "grossProfit": 15216000000, "grossProfitRatio": 0.1369392071, "researchAndDevelopmentExpenses": 0, "generalAndAdministrativeExpenses": 11343000000, "sellingAndMarketingExpenses": 0, "sellingGeneralAndAdministrativeExpenses": 11343000000, "otherExpenses": 719000000, "operatingExpenses": 12062000000, "costAndExpenses": 107961000000, "interestIncome": 376000000, "interestExpense": 728000000, "depreciationAndAmortization": 1331000000, "ebitda": 4413000000, "ebitdaratio": 0.03971561, "operatingIncome": 3082000000, "operatingIncomeRatio": 0.0277370292, "totalOtherIncomeExpensesNet": -309000000, "incomeBeforeTax": 2773000000, "incomeBeforeTaxRatio": 0.0249561265, "incomeTaxExpense": 979000000, "netIncome": 1808000000, "netIncomeRatio": 0.0162714305, "eps": 3.17, "epsdiluted": 3.12, "weightedAverageShsOut": 570722000, "weightedAverageShsOutDil": 579135000, "link": "https://www.sec.gov/Archives/edgar/data/1071739/000107173921000039/0001071739-21-000039-index.htm", "finalLink": "https://www.sec.gov/Archives/edgar/data/1071739/000107173921000039/cnc-20201231.htm", "calculatedOtherExpenses": 791000000, "calculatedOperatingExpenses": 12134000000, "calculatedNetInterest": -352000000, "calculatedOtherIncome": 43000000, "calculatedIncomeNonControlling": -14000000, "calculatedEbitda": 4413000000}, {"date": "2019-12-31", "symbol": "CNC", "reportedCurrency": "USD", "cik": "0001071739", "fillingDate": "2020-02-18", "acceptedDate": "2020-02-18 17:17:30", "calendarYear": "2019", "period": "FY", "revenue": 74639000000, "costOfRevenue": 65796000000, "grossProfit": 8843000000, "grossProfitRatio": 0.1184769357, "researchAndDevelopmentExpenses": 0, "generalAndAdministrativeExpenses": 6533000000, "sellingAndMarketingExpenses": 0, "sellingGeneralAndAdministrativeExpenses": 6533000000, "otherExpenses": 258000000, "operatingExpenses": 6791000000, "costAndExpenses": 72587000000, "interestIncome": 443000000, "interestExpense": 412000000, "depreciationAndAmortization": 914000000, "ebitda": 2695000000, "ebitdaratio": 0.036107129, "operatingIncome": 1781000000, "operatingIncomeRatio": 0.0238615201, "totalOtherIncomeExpensesNet": 1000000, "incomeBeforeTax": 1782000000, "incomeBeforeTaxRatio": 0.0238749179, "incomeTaxExpense": 473000000, "netIncome": 1321000000, "netIncomeRatio": 0.0176985222, "eps": 3.19, "epsdiluted": 3.14, "weightedAverageShsOut": 413487000, "weightedAverageShsOutDil": 420409000, "link": "https://www.sec.gov/Archives/edgar/data/1071739/000107173920000060/0001071739-20-000060-index.htm", "finalLink": "https://www.sec.gov/Archives/edgar/data/1071739/000107173920000060/form10k.htm", "calculatedOtherExpenses": 529000000, "calculatedOperatingExpenses": 7062000000, "calculatedNetInterest": 31000000, "calculatedOtherIncome": -30000000, "calculatedIncomeNonControlling": -12000000, "calculatedEbitda": 2695000000}, {"date": "2018-12-31", "symbol": "CNC", "reportedCurrency": "USD", "cik": "0001071739", "fillingDate": "2019-02-19", "acceptedDate": "2019-02-19 17:08:14", "calendarYear": "2018", "period": "FY", "revenue": 60116000000, "costOfRevenue": 51695000000, "grossProfit": 8421000000, "grossProfitRatio": 0.1400791803, "researchAndDevelopmentExpenses": 0, "generalAndAdministrativeExpenses": 6752000000, "sellingAndMarketingExpenses": 0, "sellingGeneralAndAdministrativeExpenses": 6752000000, "otherExpenses": 211000000, "operatingExpenses": 6963000000, "costAndExpenses": 58658000000, "interestIncome": 0, "interestExpense": 343000000, "depreciationAndAmortization": 495000000, "ebitda": 1953000000, "ebitdaratio": 0.0324871914, "operatingIncome": 1458000000, "operatingIncomeRatio": 0.0242531107, "totalOtherIncomeExpensesNet": 253000000, "incomeBeforeTax": 1368000000, "incomeBeforeTaxRatio": 0.0227560051, "incomeTaxExpense": 474000000, "netIncome": 900000000, "netIncomeRatio": 0.014971056, "eps": 2.31, "epsdiluted": 2.26, "weightedAverageShsOut": 390248000, "weightedAverageShsOutDil": 398506000, "link": "https://www.sec.gov/Archives/edgar/data/1071739/000107173919000032/0001071739-19-000032-index.htm", "finalLink": "https://www.sec.gov/Archives/edgar/data/1071739/000107173919000032/form10-k.htm", "calculatedOtherExpenses": 211000000, "calculatedOperatingExpenses": 6963000000, "calculatedNetInterest": -343000000, "calculatedOtherIncome": 253000000, "calculatedIncomeNonControlling": -6000000, "calculatedEbitda": 1953000000}, {"date": "2017-12-31", "symbol": "CNC", "reportedCurrency": "USD", "cik": "0001071739", "fillingDate": "2018-02-20", "acceptedDate": "2018-02-20 16:27:58", "calendarYear": "2017", "period": "FY", "revenue": 48382000000, "costOfRevenue": 42581000000, "grossProfit": 5801000000, "grossProfitRatio": 0.1198999628, "researchAndDevelopmentExpenses": 0, "generalAndAdministrativeExpenses": 4446000000, "sellingAndMarketingExpenses": 0, "sellingGeneralAndAdministrativeExpenses": 4446000000, "otherExpenses": 156000000, "operatingExpenses": 4602000000, "costAndExpenses": 47183000000, "interestIncome": 0, "interestExpense": 255000000, "depreciationAndAmortization": 361000000, "ebitda": 1560000000, "ebitdaratio": 0.0322433963, "operatingIncome": 1199000000, "operatingIncomeRatio": 0.0247819437, "totalOtherIncomeExpensesNet": 190000000, "incomeBeforeTax": 1134000000, "incomeBeforeTaxRatio": 0.0234384689, "incomeTaxExpense": 326000000, "netIncome": 828000000, "netIncomeRatio": 0.0171138027, "eps": 2.4, "epsdiluted": 2.35, "weightedAverageShsOut": 345000000, "weightedAverageShsOutDil": 353091684, "link": "https://www.sec.gov/Archives/edgar/data/1071739/000107173918000030/0001071739-18-000030-index.htm", "finalLink": "https://www.sec.gov/Archives/edgar/data/1071739/000107173918000030/form10-k.htm", "calculatedOtherExpenses": 156000000, "calculatedOperatingExpenses": 4602000000, "calculatedNetInterest": -255000000, "calculatedOtherIncome": 190000000, "calculatedIncomeNonControlling": -20000000, "calculatedEbitda": 1560000000}, {"date": "2016-12-31", "symbol": "CNC", "reportedCurrency": "USD", "cik": "0001071739", "fillingDate": "2017-02-21", "acceptedDate": "2017-02-21 16:40:20", "calendarYear": "2016", "period": "FY", "revenue": 40607000000, "costOfRevenue": 35063000000, "grossProfit": 5544000000, "grossProfitRatio": 0.1365281848, "researchAndDevelopmentExpenses": 0, "generalAndAdministrativeExpenses": 4137000000, "sellingAndMarketingExpenses": 0, "sellingGeneralAndAdministrativeExpenses": 4137000000, "otherExpenses": 147000000, "operatingExpenses": 4284000000, "costAndExpenses": 39347000000, "interestIncome": 0, "interestExpense": 217000000, "depreciationAndAmortization": 278000000, "ebitda": 1538000000, "ebitdaratio": 0.0378752432, "operatingIncome": 1260000000, "operatingIncomeRatio": 0.0310291329, "totalOtherIncomeExpensesNet": 114000000, "incomeBeforeTax": 1157000000, "incomeBeforeTaxRatio": 0.0284926244, "incomeTaxExpense": 599000000, "netIncome": 562000000, "netIncomeRatio": 0.0138399783, "eps": 1.76, "epsdiluted": 1.72, "weightedAverageShsOut": 319135214, "weightedAverageShsOutDil": 327950814, "link": "https://www.sec.gov/Archives/edgar/data/1071739/000107173917000018/0001071739-17-000018-index.htm", "finalLink": "https://www.sec.gov/Archives/edgar/data/1071739/000107173917000018/form10-k.htm", "calculatedOtherExpenses": 147000000, "calculatedOperatingExpenses": 4284000000, "calculatedNetInterest": -217000000, "calculatedOtherIncome": 114000000, "calculatedIncomeNonControlling": -4000000, "calculatedEbitda": 1538000000}, {"date": "2015-12-31", "symbol": "CNC", "reportedCurrency": "USD", "cik": "0001071739", "fillingDate": "2016-02-22", "acceptedDate": "2016-02-22 10:30:51", "calendarYear": "2015", "period": "FY", "revenue": 22760000000, "costOfRevenue": 20014000000, "grossProfit": 2746000000, "grossProfitRatio": 0.1206502636, "researchAndDevelopmentExpenses": 0, "generalAndAdministrativeExpenses": 2041000000, "sellingAndMarketingExpenses": 0, "sellingGeneralAndAdministrativeExpenses": 2041000000, "otherExpenses": 1366000000, "operatingExpenses": 2041000000, "costAndExpenses": 22055000000, "interestIncome": 0, "interestExpense": 43000000, "depreciationAndAmortization": 111000000, "ebitda": 816000000, "ebitdaratio": 0.0358523726, "operatingIncome": 705000000, "operatingIncomeRatio": 0.0309753954, "totalOtherIncomeExpensesNet": 35000000, "incomeBeforeTax": 697000000, "incomeBeforeTaxRatio": 0.0306239016, "incomeTaxExpense": 339000000, "netIncome": 355000000, "netIncomeRatio": 0.0155975395, "eps": 1.49, "epsdiluted": 1.44, "weightedAverageShsOut": 238201488, "weightedAverageShsOutDil": 246132740, "link": "https://www.sec.gov/Archives/edgar/data/1071739/000107173916000192/0001071739-16-000192-index.htm", "finalLink": "https://www.sec.gov/Archives/edgar/data/1071739/000107173916000192/form10k.htm", "calculatedOtherExpenses": 0, "calculatedOperatingExpenses": 2041000000, "calculatedNetInterest": -43000000, "calculatedOtherIncome": 35000000, "calculatedIncomeNonControlling": 3000000, "calculatedEbitda": 816000000}, {"date": "2014-12-31", "symbol": "CNC", "reportedCurrency": "USD", "cik": "0001071739", "fillingDate": "2015-02-23", "acceptedDate": "2015-02-23 16:11:57", "calendarYear": "2014", "period": "FY", "revenue": 16560000000, "costOfRevenue": 14656000000, "grossProfit": 1904000000, "grossProfitRatio": 0.1149758454, "researchAndDevelopmentExpenses": 0, "generalAndAdministrativeExpenses": 1440000000, "sellingAndMarketingExpenses": 0, "sellingGeneralAndAdministrativeExpenses": 1440000000, "otherExpenses": 824000000, "operatingExpenses": 1440000000, "costAndExpenses": 16096000000, "interestIncome": 0, "interestExpense": 35000000, "depreciationAndAmortization": 89000000, "ebitda": 553000000, "ebitdaratio": 0.0333937198, "operatingIncome": 464000000, "operatingIncomeRatio": 0.0280193237, "totalOtherIncomeExpensesNet": 28000000, "incomeBeforeTax": 457000000, "incomeBeforeTaxRatio": 0.0275966184, "incomeTaxExpense": 196000000, "netIncome": 271000000, "netIncomeRatio": 0.0163647343, "eps": 1.17, "epsdiluted": 1.13, "weightedAverageShsOut": 232691528, "weightedAverageShsOutDil": 240720424, "link": "https://www.sec.gov/Archives/edgar/data/1071739/000107173915000034/0001071739-15-000034-index.htm", "finalLink": "https://www.sec.gov/Archives/edgar/data/1071739/000107173915000034/form10k.htm", "calculatedOtherExpenses": 0, "calculatedOperatingExpenses": 1440000000, "calculatedNetInterest": -35000000, "calculatedOtherIncome": 28000000, "calculatedIncomeNonControlling": -10000000, "calculatedEbitda": 553000000}, {"date": "2013-12-31", "symbol": "CNC", "reportedCurrency": "USD", "cik": "0001071739", "fillingDate": "2014-02-21", "acceptedDate": "2014-02-21 16:15:24", "calendarYear": "2013", "period": "FY", "revenue": 10863329000, "costOfRevenue": 9654775000, "grossProfit": 1208554000, "grossProfitRatio": 0.1112507961, "researchAndDevelopmentExpenses": 0, "generalAndAdministrativeExpenses": 931137000, "sellingAndMarketingExpenses": 0, "sellingGeneralAndAdministrativeExpenses": 931137000, "otherExpenses": 333210000, "operatingExpenses": 931137000, "costAndExpenses": 10585912000, "interestIncome": 0, "interestExpense": 26957000, "depreciationAndAmortization": 67420000, "ebitda": 344837000, "ebitdaratio": 0.0317432161, "operatingIncome": 277417000, "operatingIncomeRatio": 0.0255370154, "totalOtherIncomeExpensesNet": 18457000, "incomeBeforeTax": 268917000, "incomeBeforeTaxRatio": 0.0247545665, "incomeTaxExpense": 107080000, "netIncome": 165099000, "netIncomeRatio": 0.0151978275, "eps": 0.76, "epsdiluted": 0.74, "weightedAverageShsOut": 216506180, "weightedAverageShsOutDil": 224988692, "link": "https://www.sec.gov/Archives/edgar/data/1071739/000107173914000033/0001071739-14-000033-index.htm", "finalLink": "https://www.sec.gov/Archives/edgar/data/1071739/000107173914000033/form10k.htm", "calculatedOtherExpenses": 0, "calculatedOperatingExpenses": 931137000, "calculatedNetInterest": -26957000, "calculatedOtherIncome": 18457000, "calculatedIncomeNonControlling": -3262000, "calculatedEbitda": 344837000}, {"date": "2012-12-31", "symbol": "CNC", "reportedCurrency": "USD", "cik": "0001071739", "fillingDate": "2013-02-19", "acceptedDate": "2013-02-19 06:35:44", "calendarYear": "2012", "period": "FY", "revenue": 8667612000, "costOfRevenue": 7962096000, "grossProfit": 705516000, "grossProfitRatio": 0.0813968138, "researchAndDevelopmentExpenses": 0, "generalAndAdministrativeExpenses": 704604000, "sellingAndMarketingExpenses": 0, "sellingGeneralAndAdministrativeExpenses": 704604000, "otherExpenses": 456387000, "operatingExpenses": 704604000, "costAndExpenses": 8666700000, "interestIncome": 0, "interestExpense": 20460000, "depreciationAndAmortization": 65866000, "ebitda": 66778000, "ebitdaratio": 0.0077043135, "operatingIncome": -27121000, "operatingIncomeRatio": -0.0031290049, "totalOtherIncomeExpensesNet": 7924000, "incomeBeforeTax": -11624000, "incomeBeforeTaxRatio": -0.0013410845, "incomeTaxExpense": -329000, "netIncome": 1859000, "netIncomeRatio": 0.0002144766, "eps": 0.01, "epsdiluted": 0.0075, "weightedAverageShsOut": 206037464, "weightedAverageShsOutDil": 214857500, "link": "https://www.sec.gov/Archives/edgar/data/1071739/000107173913000024/0001071739-13-000024-index.htm", "finalLink": "https://www.sec.gov/Archives/edgar/data/1071739/000107173913000024/cnc1231201210k.htm", "calculatedOtherExpenses": 28033000, "calculatedOperatingExpenses": 732637000, "calculatedNetInterest": -20460000, "calculatedOtherIncome": 35957000, "calculatedIncomeNonControlling": -13154000, "calculatedEbitda": 38745000}, {"date": "2011-12-31", "symbol": "CNC", "reportedCurrency": "USD", "cik": "0001071739", "fillingDate": "2012-02-21", "acceptedDate": "2012-02-21 08:39:43", "calendarYear": "2011", "period": "FY", "revenue": 5340582000, "costOfRevenue": 4402860000, "grossProfit": 937722000, "grossProfitRatio": 0.1755842341, "researchAndDevelopmentExpenses": 0, "generalAndAdministrativeExpenses": 477765000, "sellingAndMarketingExpenses": 109239000, "sellingGeneralAndAdministrativeExpenses": 587004000, "otherExpenses": 160394000, "operatingExpenses": 747398000, "costAndExpenses": 5150258000, "interestIncome": 0, "interestExpense": 20320000, "depreciationAndAmortization": 58327000, "ebitda": 248651000, "ebitdaratio": 0.0465587833, "operatingIncome": 190324000, "operatingIncomeRatio": 0.0356373144, "totalOtherIncomeExpensesNet": 4881000, "incomeBeforeTax": 174885000, "incomeBeforeTaxRatio": 0.032746431, "incomeTaxExpense": 66522000, "netIncome": 111218000, "netIncomeRatio": 0.0208250711, "eps": 0.56, "epsdiluted": 0.53, "weightedAverageShsOut": 200795816, "weightedAverageShsOutDil": 209896952, "link": "https://www.sec.gov/Archives/edgar/data/1071739/000107173912000006/0001071739-12-000006-index.htm", "finalLink": "https://www.sec.gov/Archives/edgar/data/1071739/000107173912000006/form10k.htm", "calculatedOtherExpenses": 160394000, "calculatedOperatingExpenses": 747398000, "calculatedNetInterest": -20320000, "calculatedOtherIncome": 4881000, "calculatedIncomeNonControlling": -2855000, "calculatedEbitda": 248651000}, {"date": "2010-12-31", "symbol": "CNC", "reportedCurrency": "USD", "cik": "0001071739", "fillingDate": "2011-02-22", "acceptedDate": "2011-02-22 07:55:49", "calendarYear": "2010", "period": "FY", "revenue": 4448323000, "costOfRevenue": 3743431000, "grossProfit": 704892000, "grossProfitRatio": 0.1584624138, "researchAndDevelopmentExpenses": 0, "generalAndAdministrativeExpenses": 547823000, "sellingAndMarketingExpenses": 0, "sellingGeneralAndAdministrativeExpenses": 547823000, "otherExpenses": 165118000, "operatingExpenses": 547823000, "costAndExpenses": 4291254000, "interestIncome": 0, "interestExpense": 17992000, "depreciationAndAmortization": 52000000, "ebitda": 209069000, "ebitdaratio": 0.0469995097, "operatingIncome": 157069000, "operatingIncomeRatio": 0.0353097111, "totalOtherIncomeExpensesNet": 15205000, "incomeBeforeTax": 154282000, "incomeBeforeTaxRatio": 0.0346831829, "incomeTaxExpense": 59900000, "netIncome": 94836000, "netIncomeRatio": 0.021319495, "eps": 0.49, "epsdiluted": 0.47, "weightedAverageShsOut": 195019788, "weightedAverageShsOutDil": 201791552, "link": "https://www.sec.gov/Archives/edgar/data/1071739/000107173911000012/0001071739-11-000012-index.htm", "finalLink": "https://www.sec.gov/Archives/edgar/data/1071739/000107173911000012/form10k.htm", "calculatedOtherExpenses": 0, "calculatedOperatingExpenses": 547823000, "calculatedNetInterest": -17992000, "calculatedOtherIncome": 15205000, "calculatedIncomeNonControlling": -454000, "calculatedEbitda": 209069000}, {"date": "2009-12-31", "symbol": "CNC", "reportedCurrency": "USD", "cik": "0001071739", "fillingDate": "2010-02-22", "acceptedDate": "2010-02-22 08:02:32", "calendarYear": "2009", "period": "FY", "revenue": 4102864000, "costOfRevenue": 3450200000, "grossProfit": 652664000, "grossProfitRatio": 0.1590752216, "researchAndDevelopmentExpenses": 0, "generalAndAdministrativeExpenses": 514529000, "sellingAndMarketingExpenses": 0, "sellingGeneralAndAdministrativeExpenses": 514529000, "otherExpenses": 225888000, "operatingExpenses": 514529000, "costAndExpenses": 3964729000, "interestIncome": 0, "interestExpense": 16318000, "depreciationAndAmortization": 44004000, "ebitda": 182139000, "ebitdaratio": 0.0443931361, "operatingIncome": 138135000, "operatingIncomeRatio": 0.0336679451, "totalOtherIncomeExpensesNet": 15691000, "incomeBeforeTax": 137508000, "incomeBeforeTaxRatio": 0.033515125, "incomeTaxExpense": 48841000, "netIncome": 83671000, "netIncomeRatio": 0.0203933155, "eps": 0.49, "epsdiluted": 0.47, "weightedAverageShsOut": 172139164, "weightedAverageShsOutDil": 177265868, "link": "https://www.sec.gov/Archives/edgar/data/1071739/000107173910000009/0001071739-10-000009-index.htm", "finalLink": "https://www.sec.gov/Archives/edgar/data/1071739/000107173910000009/form10k.htm", "calculatedOtherExpenses": 0, "calculatedOperatingExpenses": 514529000, "calculatedNetInterest": -16318000, "calculatedOtherIncome": 15691000, "calculatedIncomeNonControlling": 4996000, "calculatedEbitda": 182139000}, {"date": "2008-12-31", "symbol": "CNC", "reportedCurrency": "USD", "cik": "0001071739", "fillingDate": "2009-02-23", "acceptedDate": "2009-02-23 07:56:50", "calendarYear": "2008", "period": "FY", "revenue": 3364515000, "costOfRevenue": 2697255000, "grossProfit": 667260000, "grossProfitRatio": 0.1983227895, "researchAndDevelopmentExpenses": 0, "generalAndAdministrativeExpenses": 444733000, "sellingAndMarketingExpenses": 0, "sellingGeneralAndAdministrativeExpenses": 444733000, "otherExpenses": 90966000, "operatingExpenses": 535699000, "costAndExpenses": 3232954000, "interestIncome": 0, "interestExpense": 16673000, "depreciationAndAmortization": 35414000, "ebitda": 166975000, "ebitdaratio": 0.0496282525, "operatingIncome": 131561000, "operatingIncomeRatio": 0.0391025155, "totalOtherIncomeExpensesNet": 21728000, "incomeBeforeTax": 136616000, "incomeBeforeTaxRatio": 0.0406049609, "incomeTaxExpense": 52435000, "netIncome": 83497000, "netIncomeRatio": 0.0248169498, "eps": 0.48, "epsdiluted": 0.47, "weightedAverageShsOut": 173100748, "weightedAverageShsOutDil": 177595820, "link": "https://www.sec.gov/Archives/edgar/data/1071739/000107173909000007/0001071739-09-000007-index.htm", "finalLink": "https://www.sec.gov/Archives/edgar/data/1071739/000107173909000007/form10k.htm", "calculatedOtherExpenses": 90966000, "calculatedOperatingExpenses": 535699000, "calculatedNetInterest": -16673000, "calculatedOtherIncome": 21728000, "calculatedIncomeNonControlling": 684000, "calculatedEbitda": 166975000}, {"date": "2007-12-31", "symbol": "CNC", "reportedCurrency": "USD", "cik": "0001071739", "fillingDate": "2008-02-25", "acceptedDate": "2008-02-25 06:10:11", "calendarYear": "2007", "period": "FY", "revenue": 2919292000, "costOfRevenue": 2385940000, "grossProfit": 533352000, "grossProfitRatio": 0.1826990928, "researchAndDevelopmentExpenses": 0, "generalAndAdministrativeExpenses": 399687000, "sellingAndMarketingExpenses": 0, "sellingGeneralAndAdministrativeExpenses": 399687000, "otherExpenses": 79572000, "operatingExpenses": 479259000, "costAndExpenses": 2865199000, "interestIncome": 0, "interestExpense": 15626000, "depreciationAndAmortization": 27807000, "ebitda": 81900000, "ebitdaratio": 0.0280547475, "operatingIncome": 54093000, "operatingIncomeRatio": 0.0185294928, "totalOtherIncomeExpensesNet": 25169000, "incomeBeforeTax": 63636000, "incomeBeforeTaxRatio": 0.0217984361, "incomeTaxExpense": 22367000, "netIncome": 73402000, "netIncomeRatio": 0.0251437677, "eps": 0.42, "epsdiluted": 0.41, "weightedAverageShsOut": 174159800, "weightedAverageShsOutDil": 179292328, "link": "https://www.sec.gov/Archives/edgar/data/1071739/000107173908000010/0001071739-08-000010-index.htm", "finalLink": "https://www.sec.gov/Archives/edgar/data/1071739/000107173908000010/form10k.htm", "calculatedOtherExpenses": 79572000, "calculatedOperatingExpenses": 479259000, "calculatedNetInterest": -15626000, "calculatedOtherIncome": 25169000, "calculatedIncomeNonControlling": -32133000, "calculatedEbitda": 81900000}, {"date": "2006-12-31", "symbol": "CNC", "reportedCurrency": "USD", "cik": "0001071739", "fillingDate": "2007-02-23", "acceptedDate": "2007-02-23 06:10:41", "calendarYear": "2006", "period": "FY", "revenue": 2279020000, "costOfRevenue": 1880546000, "grossProfit": 398474000, "grossProfitRatio": 0.1748444507, "researchAndDevelopmentExpenses": 0, "generalAndAdministrativeExpenses": 346284000, "sellingAndMarketingExpenses": 0, "sellingGeneralAndAdministrativeExpenses": 346284000, "otherExpenses": 81098000, "operatingExpenses": 427382000, "costAndExpenses": 2307928000, "interestIncome": 0, "interestExpense": 10636000, "depreciationAndAmortization": 20600000, "ebitda": -8308000, "ebitdaratio": -0.0036454265, "operatingIncome": -28908000, "operatingIncomeRatio": -0.0126843994, "totalOtherIncomeExpensesNet": 17892000, "incomeBeforeTax": -21652000, "incomeBeforeTaxRatio": -0.0095005748, "incomeTaxExpense": 21977000, "netIncome": -43629000, "netIncomeRatio": -0.0191437548, "eps": -0.25, "epsdiluted": -0.25, "weightedAverageShsOut": 172643440, "weightedAverageShsOutDil": 172643440, "link": "https://www.sec.gov/Archives/edgar/data/1071739/000107173907000012/0001071739-07-000012-index.htm", "finalLink": "https://www.sec.gov/Archives/edgar/data/1071739/000107173907000012/form10k.htm", "calculatedOtherExpenses": 81098000, "calculatedOperatingExpenses": 427382000, "calculatedNetInterest": -10636000, "calculatedOtherIncome": 17892000, "calculatedIncomeNonControlling": 0, "calculatedEbitda": -8308000}, {"date": "2005-12-31", "symbol": "CNC", "reportedCurrency": "USD", "cik": "0001071739", "fillingDate": "2006-02-24", "acceptedDate": "2006-02-24 06:12:07", "calendarYear": "2005", "period": "FY", "revenue": 1505864000, "costOfRevenue": 1232760000, "grossProfit": 273104000, "grossProfitRatio": 0.1813603353, "researchAndDevelopmentExpenses": 0, "generalAndAdministrativeExpenses": 193913000, "sellingAndMarketingExpenses": 0, "sellingGeneralAndAdministrativeExpenses": 193913000, "otherExpenses": 0, "operatingExpenses": 193913000, "costAndExpenses": 1426673000, "interestIncome": 0, "interestExpense": 3990000, "depreciationAndAmortization": 13069000, "ebitda": 92260000, "ebitdaratio": 0.0612671529, "operatingIncome": 79191000, "operatingIncomeRatio": 0.0525884144, "totalOtherIncomeExpensesNet": 10655000, "incomeBeforeTax": 85856000, "incomeBeforeTaxRatio": 0.0570144449, "incomeTaxExpense": 30224000, "netIncome": 55632000, "netIncomeRatio": 0.0369435752, "eps": 0.33, "epsdiluted": 0.31, "weightedAverageShsOut": 169250088, "weightedAverageShsOutDil": 180110532, "link": "https://www.sec.gov/Archives/edgar/data/1071739/000119312506038095/0001193125-06-038095-index.htm", "finalLink": "https://www.sec.gov/Archives/edgar/data/1071739/000119312506038095/d10k.htm", "calculatedOtherExpenses": 0, "calculatedOperatingExpenses": 193913000, "calculatedNetInterest": -3990000, "calculatedOtherIncome": 10655000, "calculatedIncomeNonControlling": 0, "calculatedEbitda": 92260000}, {"date": "2004-12-31", "symbol": "CNC", "reportedCurrency": "USD", "cik": "0001071739", "fillingDate": "2005-02-24", "acceptedDate": "2005-02-24 16:18:21", "calendarYear": "2004", "period": "FY", "revenue": 1000940000, "costOfRevenue": 808541000, "grossProfit": 192399000, "grossProfitRatio": 0.1922183148, "researchAndDevelopmentExpenses": 0, "generalAndAdministrativeExpenses": 127863000, "sellingAndMarketingExpenses": 0, "sellingGeneralAndAdministrativeExpenses": 127863000, "otherExpenses": 0, "operatingExpenses": 127863000, "costAndExpenses": 936404000, "interestIncome": 0, "interestExpense": 680000, "depreciationAndAmortization": 10014000, "ebitda": 74550000, "ebitdaratio": 0.0744799888, "operatingIncome": 64536000, "operatingIncomeRatio": 0.0644753931, "totalOtherIncomeExpensesNet": 6431000, "incomeBeforeTax": 70287000, "incomeBeforeTaxRatio": 0.0702209923, "incomeTaxExpense": 25975000, "netIncome": 44312000, "netIncomeRatio": 0.0442703858, "eps": 0.27, "epsdiluted": 0.26, "weightedAverageShsOut": 163283636, "weightedAverageShsOutDil": 174465780, "link": "https://www.sec.gov/Archives/edgar/data/1071739/000119312505036156/0001193125-05-036156-index.htm", "finalLink": "https://www.sec.gov/Archives/edgar/data/1071739/000119312505036156/d10k.htm", "calculatedOtherExpenses": 0, "calculatedOperatingExpenses": 127863000, "calculatedNetInterest": -680000, "calculatedOtherIncome": 6431000, "calculatedIncomeNonControlling": 0, "calculatedEbitda": 74550000}, {"date": "2003-12-31", "symbol": "CNC", "reportedCurrency": "USD", "cik": "0001071739", "fillingDate": "2004-02-25", "acceptedDate": "2004-02-25 16:01:26", "calendarYear": "2003", "period": "FY", "revenue": 769730000, "costOfRevenue": 8323000, "grossProfit": 761407000, "grossProfitRatio": 0.9891871176, "researchAndDevelopmentExpenses": 0, "generalAndAdministrativeExpenses": 88288000, "sellingAndMarketingExpenses": 0, "sellingGeneralAndAdministrativeExpenses": 88288000, "otherExpenses": 626192000, "operatingExpenses": 714480000, "costAndExpenses": 722803000, "interestIncome": 0, "interestExpense": -194000, "depreciationAndAmortization": 6448000, "ebitda": 48215000, "ebitdaratio": 0.0626388474, "operatingIncome": 46927000, "operatingIncomeRatio": 0.0609655334, "totalOtherIncomeExpensesNet": 5160000, "incomeBeforeTax": 51893000, "incomeBeforeTaxRatio": 0.0674171463, "incomeTaxExpense": 19504000, "netIncome": 33270000, "netIncomeRatio": 0.0432229483, "eps": 0.23, "epsdiluted": 0.22, "weightedAverageShsOut": 142817704, "weightedAverageShsOutDil": 153688608, "link": "https://www.sec.gov/Archives/edgar/data/1071739/000095013704001221/0000950137-04-001221-index.htm", "finalLink": "https://www.sec.gov/Archives/edgar/data/1071739/000095013704001221/c83064e10vk.htm", "calculatedOtherExpenses": 626192000, "calculatedOperatingExpenses": 714480000, "calculatedNetInterest": 194000, "calculatedOtherIncome": 4772000, "calculatedIncomeNonControlling": -881000, "calculatedEbitda": 53375000}, {"date": "2002-12-31", "symbol": "CNC", "reportedCurrency": "USD", "cik": "0001071739", "fillingDate": "2003-02-25", "acceptedDate": "2003-02-25 15:25:52", "calendarYear": "2002", "period": "FY", "revenue": 461487000, "costOfRevenue": 379468000, "grossProfit": 82019000, "grossProfitRatio": 0.17772765, "researchAndDevelopmentExpenses": 0, "generalAndAdministrativeExpenses": 0, "sellingAndMarketingExpenses": 0, "sellingGeneralAndAdministrativeExpenses": 50413000, "otherExpenses": 379468000, "operatingExpenses": 429881000, "costAndExpenses": 809349000, "interestIncome": 0, "interestExpense": 0, "depreciationAndAmortization": 2565000, "ebitda": -354872000, "ebitdaratio": -0.7689750741, "operatingIncome": 31606000, "operatingIncomeRatio": 0.068487303, "totalOtherIncomeExpensesNet": 9575000, "incomeBeforeTax": 41136000, "incomeBeforeTaxRatio": 0.0891379389, "incomeTaxExpense": 15631000, "netIncome": 25621000, "netIncomeRatio": 0.055518357, "eps": 0.21, "epsdiluted": 0.18, "weightedAverageShsOut": 125728320, "weightedAverageShsOutDil": 139728928, "link": "https://www.sec.gov/Archives/edgar/data/1071739/000095013403003059/0000950134-03-003059-index.htm", "finalLink": "https://www.sec.gov/Archives/edgar/data/1071739/000095013403003059/c74739e10vk.txt", "calculatedOtherExpenses": 0, "calculatedOperatingExpenses": 50413000, "calculatedNetInterest": 0, "calculatedOtherIncome": 9530000, "calculatedIncomeNonControlling": -116000, "calculatedEbitda": 34171000}, {"date": "2001-12-31", "symbol": "CNC", "reportedCurrency": "USD", "cik": "0001071739", "fillingDate": "2002-03-29", "acceptedDate": "2002-03-29 00:00:00", "calendarYear": "2001", "period": "FY", "revenue": 326569000, "costOfRevenue": 270151000, "grossProfit": 56418000, "grossProfitRatio": 0.1727598149, "researchAndDevelopmentExpenses": 0, "generalAndAdministrativeExpenses": 0, "sellingAndMarketingExpenses": 0, "sellingGeneralAndAdministrativeExpenses": 37946000, "otherExpenses": 270151000, "operatingExpenses": 308097000, "costAndExpenses": 578248000, "interestIncome": 0, "interestExpense": 0, "depreciationAndAmortization": 1847000, "ebitda": -253748000, "ebitdaratio": -0.7770119025, "operatingIncome": 18472000, "operatingIncomeRatio": 0.0565638502, "totalOtherIncomeExpensesNet": 3916000, "incomeBeforeTax": 22026000, "incomeBeforeTaxRatio": 0.0674466958, "incomeTaxExpense": 9131000, "netIncome": 12895000, "netIncomeRatio": 0.0394862954, "eps": 0.75, "epsdiluted": 0.13, "weightedAverageShsOut": 16624788, "weightedAverageShsOutDil": 96233964, "link": "https://www.sec.gov/Archives/edgar/data/1071739/000095013402002985/0000950134-02-002985-index.htm", "finalLink": "https://www.sec.gov/Archives/edgar/data/1071739/000095013402002985/c68323e10-k405.txt", "calculatedOtherExpenses": 0, "calculatedOperatingExpenses": 37946000, "calculatedNetInterest": 0, "calculatedOtherIncome": 3554000, "calculatedIncomeNonControlling": 0, "calculatedEbitda": 20319000}, {"date": "2000-12-31", "symbol": "CNC", "reportedCurrency": "USD", "cik": "0001071739", "fillingDate": "2000-12-31", "acceptedDate": "2000-12-31 00:00:00", "calendarYear": "2000", "period": "FY", "revenue": 221350000, "costOfRevenue": 0, "grossProfit": 221350000, "grossProfitRatio": 1, "researchAndDevelopmentExpenses": 0, "generalAndAdministrativeExpenses": 0, "sellingAndMarketingExpenses": 0, "sellingGeneralAndAdministrativeExpenses": 32335000, "otherExpenses": 182495000, "operatingExpenses": 214830000, "costAndExpenses": 214830000, "interestIncome": 0, "interestExpense": 0, "depreciationAndAmortization": 1034000, "ebitda": 6278000, "ebitdaratio": 0.0283623221, "operatingIncome": 6520000, "operatingIncomeRatio": 0.0294556133, "totalOtherIncomeExpensesNet": 1276000, "incomeBeforeTax": 7185000, "incomeBeforeTaxRatio": 0.0324599051, "incomeTaxExpense": -543000, "netIncome": 7728000, "netIncomeRatio": 0.0349130337, "eps": 0.67, "epsdiluted": 0.0942, "weightedAverageShsOut": 10818312, "weightedAverageShsOutDil": 81835140, "link": null, "finalLink": null, "calculatedOtherExpenses": 182495000, "calculatedOperatingExpenses": 214830000, "calculatedNetInterest": 0, "calculatedOtherIncome": 665000, "calculatedIncomeNonControlling": 0, "calculatedEbitda": 7554000}, {"date": "1999-12-31", "symbol": "CNC", "reportedCurrency": "USD", "cik": "0001071739", "fillingDate": "1999-12-31", "acceptedDate": "1999-12-31 00:00:00", "calendarYear": "1999", "period": "FY", "revenue": 201429000, "costOfRevenue": 0, "grossProfit": 201429000, "grossProfitRatio": 1, "researchAndDevelopmentExpenses": 0, "generalAndAdministrativeExpenses": 0, "sellingAndMarketingExpenses": 0, "sellingGeneralAndAdministrativeExpenses": 29756000, "otherExpenses": 178285000, "operatingExpenses": 208041000, "costAndExpenses": 208041000, "interestIncome": 0, "interestExpense": 0, "depreciationAndAmortization": 0, "ebitda": -6612000, "ebitdaratio": -0.0328254621, "operatingIncome": -6612000, "operatingIncomeRatio": -0.0328254621, "totalOtherIncomeExpensesNet": 1128000, "incomeBeforeTax": -5484000, "incomeBeforeTaxRatio": -0.027225474, "incomeTaxExpense": 3927000, "netIncome": -9411000, "netIncomeRatio": -0.0467211772, "eps": -0.87, "epsdiluted": -0.87, "weightedAverageShsOut": 10811328, "weightedAverageShsOutDil": 10811328, "link": null, "finalLink": null, "calculatedOtherExpenses": 178285000, "calculatedOperatingExpenses": 208041000, "calculatedNetInterest": 0, "calculatedOtherIncome": 1128000, "calculatedIncomeNonControlling": 0, "calculatedEbitda": -6612000}]}