{"originalCurrency": "USD", "convertedCurrency": "USD", "report": [{"date": "2023-12-31", "symbol": "CNK", "reportedCurrency": "USD", "cik": "0001385280", "fillingDate": "2024-02-16", "acceptedDate": "2024-02-16 06:46:15", "calendarYear": "2023", "period": "FY", "revenue": 3066700000, "costOfRevenue": 2496100000, "grossProfit": 570600000, "grossProfitRatio": 0.186063195, "researchAndDevelopmentExpenses": 0, "generalAndAdministrativeExpenses": 931600000, "sellingAndMarketingExpenses": -732800000, "sellingGeneralAndAdministrativeExpenses": 198800000, "otherExpenses": 0, "operatingExpenses": 198800000, "costAndExpenses": 2694900000, "interestIncome": 55000000, "interestExpense": 173000000, "depreciationAndAmortization": 209500000, "ebitda": 581300000, "ebitdaratio": 0.1895522875, "operatingIncome": 371800000, "operatingIncomeRatio": 0.1212378126, "totalOtherIncomeExpensesNet": -150400000, "incomeBeforeTax": 221400000, "incomeBeforeTaxRatio": 0.0721948674, "incomeTaxExpense": 29900000, "netIncome": 188200000, "netIncomeRatio": 0.0613688982, "eps": 1.55, "epsdiluted": 1.34, "weightedAverageShsOut": 119100000, "weightedAverageShsOutDil": 152000000, "link": "https://www.sec.gov/Archives/edgar/data/1385280/000095017024016143/0000950170-24-016143-index.htm", "finalLink": "https://www.sec.gov/Archives/edgar/data/885975/000095017024016143/cnk-20231231.htm", "calculatedOtherExpenses": 0, "calculatedOperatingExpenses": 198800000, "calculatedNetInterest": -118000000, "calculatedOtherIncome": -32400000, "calculatedIncomeNonControlling": 3300000, "calculatedEbitda": 581300000}, {"date": "2022-12-31", "symbol": "CNK", "reportedCurrency": "USD", "cik": "0001385280", "fillingDate": "2023-02-24", "acceptedDate": "2023-02-24 06:46:41", "calendarYear": "2022", "period": "FY", "revenue": 2454700000, "costOfRevenue": 873700000, "grossProfit": 1581000000, "grossProfitRatio": 0.6440705585, "researchAndDevelopmentExpenses": 0, "generalAndAdministrativeExpenses": 858600000, "sellingAndMarketingExpenses": 0, "sellingGeneralAndAdministrativeExpenses": 858600000, "otherExpenses": 645400000, "operatingExpenses": 1504000000, "costAndExpenses": 2377700000, "interestIncome": 20400000, "interestExpense": 178500000, "depreciationAndAmortization": 238200000, "ebitda": 330000000, "ebitdaratio": 0.13443598, "operatingIncome": 91800000, "operatingIncomeRatio": 0.0373976453, "totalOtherIncomeExpensesNet": -356800000, "incomeBeforeTax": -265000000, "incomeBeforeTaxRatio": -0.1079561657, "incomeTaxExpense": 3000000, "netIncome": -268000000, "netIncomeRatio": -0.109178311, "eps": -2.27, "epsdiluted": -2.27, "weightedAverageShsOut": 118200000, "weightedAverageShsOutDil": 118200000, "link": "https://www.sec.gov/Archives/edgar/data/1385280/000095017023004235/0000950170-23-004235-index.htm", "finalLink": "https://www.sec.gov/Archives/edgar/data/885975/000095017023004235/cnk-20221231.htm", "calculatedOtherExpenses": 630600000, "calculatedOperatingExpenses": 1489200000, "calculatedNetInterest": -158100000, "calculatedOtherIncome": -198700000, "calculatedIncomeNonControlling": 0, "calculatedEbitda": 330000000}, {"date": "2021-12-31", "symbol": "CNK", "reportedCurrency": "USD", "cik": "0001385280", "fillingDate": "2022-02-25", "acceptedDate": "2022-02-25 06:51:37", "calendarYear": "2021", "period": "FY", "revenue": 1510464000, "costOfRevenue": 512863000, "grossProfit": 997601000, "grossProfitRatio": 0.6604599646, "researchAndDevelopmentExpenses": 0, "generalAndAdministrativeExpenses": 956841000, "sellingAndMarketingExpenses": 0, "sellingGeneralAndAdministrativeExpenses": 956841000, "otherExpenses": 265363000, "operatingExpenses": 1222204000, "costAndExpenses": 1735067000, "interestIncome": 6396000, "interestExpense": 173314000, "depreciationAndAmortization": 265363000, "ebitda": 35327000, "ebitdaratio": 0.0233881774, "operatingIncome": -230036000, "operatingIncomeRatio": -0.1522949239, "totalOtherIncomeExpensesNet": -208981000, "incomeBeforeTax": -439017000, "incomeBeforeTaxRatio": -0.2906504227, "incomeTaxExpense": -16802000, "netIncome": -422215000, "netIncomeRatio": -0.2795266885, "eps": -3.6, "epsdiluted": -3.6, "weightedAverageShsOut": 117250000, "weightedAverageShsOutDil": 117250000, "link": "https://www.sec.gov/Archives/edgar/data/1385280/000095017022002035/0000950170-22-002035-index.htm", "finalLink": "https://www.sec.gov/Archives/edgar/data/1385280/000095017022002035/cnk-20211231.htm", "calculatedOtherExpenses": 270796000, "calculatedOperatingExpenses": 1227637000, "calculatedNetInterest": -166918000, "calculatedOtherIncome": -42063000, "calculatedIncomeNonControlling": 0, "calculatedEbitda": 35327000}, {"date": "2020-12-31", "symbol": "CNK", "reportedCurrency": "USD", "cik": "0001385280", "fillingDate": "2021-02-26", "acceptedDate": "2021-02-26 06:46:25", "calendarYear": "2020", "period": "FY", "revenue": 686310000, "costOfRevenue": 235457000, "grossProfit": 450853000, "grossProfitRatio": 0.6569232563, "researchAndDevelopmentExpenses": 0, "generalAndAdministrativeExpenses": 781899000, "sellingAndMarketingExpenses": 0, "sellingGeneralAndAdministrativeExpenses": 781899000, "otherExpenses": 259776000, "operatingExpenses": 1041675000, "costAndExpenses": 1277132000, "interestIncome": 4836000, "interestExpense": 153466000, "depreciationAndAmortization": 245757000, "ebitda": -345065000, "ebitdaratio": -0.5027829989, "operatingIncome": -590822000, "operatingIncomeRatio": -0.860867538, "totalOtherIncomeExpensesNet": -336502000, "incomeBeforeTax": -927324000, "incomeBeforeTaxRatio": -1.3511736679, "incomeTaxExpense": -309376000, "netIncome": -617948000, "netIncomeRatio": -0.9003919512, "eps": -5.3, "epsdiluted": -5.3, "weightedAverageShsOut": 116667000, "weightedAverageShsOutDil": 116667000, "link": "https://www.sec.gov/Archives/edgar/data/1385280/000156459021009190/0001564590-21-009190-index.htm", "finalLink": "https://www.sec.gov/Archives/edgar/data/1385280/000156459021009190/cnk-10k_20201231.htm", "calculatedOtherExpenses": 259776000, "calculatedOperatingExpenses": 1041675000, "calculatedNetInterest": -148630000, "calculatedOtherIncome": -187872000, "calculatedIncomeNonControlling": 0, "calculatedEbitda": -345065000}, {"date": "2019-12-31", "symbol": "CNK", "reportedCurrency": "USD", "cik": "0001385280", "fillingDate": "2020-02-21", "acceptedDate": "2020-02-21 06:38:25", "calendarYear": "2019", "period": "FY", "revenue": 3283099000, "costOfRevenue": 1210273000, "grossProfit": 2072826000, "grossProfitRatio": 0.6313626242, "researchAndDevelopmentExpenses": 0, "generalAndAdministrativeExpenses": 1404275000, "sellingAndMarketingExpenses": 0, "sellingGeneralAndAdministrativeExpenses": 1404275000, "otherExpenses": 261155000, "operatingExpenses": 1665430000, "costAndExpenses": 2875703000, "interestIncome": 12589000, "interestExpense": 128565000, "depreciationAndAmortization": 261155000, "ebitda": 735883000, "ebitdaratio": 0.2241427992, "operatingIncome": 474728000, "operatingIncomeRatio": 0.1445975281, "totalOtherIncomeExpensesNet": -200968000, "incomeBeforeTax": 273760000, "incomeBeforeTaxRatio": 0.0833846314, "incomeTaxExpense": 79912000, "netIncome": 191386000, "netIncomeRatio": 0.0582943128, "eps": 1.64, "epsdiluted": 1.63, "weightedAverageShsOut": 116306000, "weightedAverageShsOutDil": 116606000, "link": "https://www.sec.gov/Archives/edgar/data/1385280/000156459020005646/0001564590-20-005646-index.htm", "finalLink": "https://www.sec.gov/Archives/edgar/data/1385280/000156459020005646/cnk-10k_20191231.htm", "calculatedOtherExpenses": 193823000, "calculatedOperatingExpenses": 1598098000, "calculatedNetInterest": -115976000, "calculatedOtherIncome": -84992000, "calculatedIncomeNonControlling": 2462000, "calculatedEbitda": 735883000}, {"date": "2018-12-31", "symbol": "CNK", "reportedCurrency": "USD", "cik": "0001385280", "fillingDate": "2019-02-28", "acceptedDate": "2019-02-28 14:07:43", "calendarYear": "2018", "period": "FY", "revenue": 3221735000, "costOfRevenue": 1180729000, "grossProfit": 2041006000, "grossProfitRatio": 0.6335114465, "researchAndDevelopmentExpenses": 0, "generalAndAdministrativeExpenses": 1320419000, "sellingAndMarketingExpenses": 0, "sellingGeneralAndAdministrativeExpenses": 1320419000, "otherExpenses": 261162000, "operatingExpenses": 1581581000, "costAndExpenses": 2762310000, "interestIncome": 10614000, "interestExpense": 129718000, "depreciationAndAmortization": 261162000, "ebitda": 785832000, "ebitdaratio": 0.2439157783, "operatingIncome": 388351000, "operatingIncomeRatio": 0.1205409508, "totalOtherIncomeExpensesNet": -29587000, "incomeBeforeTax": 310734000, "incomeBeforeTaxRatio": 0.0964492735, "incomeTaxExpense": 95429000, "netIncome": 213827000, "netIncomeRatio": 0.0663701391, "eps": 1.84, "epsdiluted": 1.83, "weightedAverageShsOut": 116054000, "weightedAverageShsOutDil": 116845355, "link": "https://www.sec.gov/Archives/edgar/data/1385280/000156459019005358/0001564590-19-005358-index.htm", "finalLink": "https://www.sec.gov/Archives/edgar/data/1385280/000156459019005358/cnk-10k_20181231.htm", "calculatedOtherExpenses": 332236000, "calculatedOperatingExpenses": 1652655000, "calculatedNetInterest": -119104000, "calculatedOtherIncome": 41487000, "calculatedIncomeNonControlling": 1478000, "calculatedEbitda": 649513000}, {"date": "2017-12-31", "symbol": "CNK", "reportedCurrency": "USD", "cik": "0001385280", "fillingDate": "2018-02-23", "acceptedDate": "2018-02-23 09:02:15", "calendarYear": "2017", "period": "FY", "revenue": 2991547000, "costOfRevenue": 1132830000, "grossProfit": 1858717000, "grossProfitRatio": 0.6213230145, "researchAndDevelopmentExpenses": 0, "generalAndAdministrativeExpenses": 1191026000, "sellingAndMarketingExpenses": 0, "sellingGeneralAndAdministrativeExpenses": 1191026000, "otherExpenses": 237513000, "operatingExpenses": 1428539000, "costAndExpenses": 2561369000, "interestIncome": 6249000, "interestExpense": 105918000, "depreciationAndAmortization": 237513000, "ebitda": 726332000, "ebitdaratio": 0.2427947814, "operatingIncome": 392282000, "operatingIncomeRatio": 0.1311301477, "totalOtherIncomeExpensesNet": 14868000, "incomeBeforeTax": 345377000, "incomeBeforeTaxRatio": 0.115450969, "incomeTaxExpense": 79358000, "netIncome": 264180000, "netIncomeRatio": 0.0883088248, "eps": 2.26, "epsdiluted": 2.26, "weightedAverageShsOut": 115766000, "weightedAverageShsOutDil": 116059000, "link": "https://www.sec.gov/Archives/edgar/data/1385280/000156459018002969/0001564590-18-002969-index.htm", "finalLink": "https://www.sec.gov/Archives/edgar/data/1385280/000156459018002969/cnk-10k_20171231.htm", "calculatedOtherExpenses": 275409000, "calculatedOperatingExpenses": 1466435000, "calculatedNetInterest": -99669000, "calculatedOtherIncome": 52764000, "calculatedIncomeNonControlling": 1839000, "calculatedEbitda": 629795000}, {"date": "2016-12-31", "symbol": "CNK", "reportedCurrency": "USD", "cik": "0001385280", "fillingDate": "2017-02-23", "acceptedDate": "2017-02-23 07:03:08", "calendarYear": "2016", "period": "FY", "revenue": 2918765000, "costOfRevenue": 1117124000, "grossProfit": 1801641000, "grossProfitRatio": 0.6172614102, "researchAndDevelopmentExpenses": 0, "generalAndAdministrativeExpenses": 1146340000, "sellingAndMarketingExpenses": 0, "sellingGeneralAndAdministrativeExpenses": 1146340000, "otherExpenses": 209071000, "operatingExpenses": 1355411000, "costAndExpenses": 2472535000, "interestIncome": 6396000, "interestExpense": 108313000, "depreciationAndAmortization": 209071000, "ebitda": 708315000, "ebitdaratio": 0.2426762689, "operatingIncome": 422935000, "operatingIncomeRatio": 0.144902039, "totalOtherIncomeExpensesNet": 16333000, "incomeBeforeTax": 360646000, "incomeBeforeTaxRatio": 0.1235611637, "incomeTaxExpense": 103819000, "netIncome": 255091000, "netIncomeRatio": 0.0873968956, "eps": 2.19, "epsdiluted": 2.19, "weightedAverageShsOut": 115508000, "weightedAverageShsOutDil": 115783000, "link": "https://www.sec.gov/Archives/edgar/data/1385280/000119312517052899/0001193125-17-052899-index.htm", "finalLink": "https://www.sec.gov/Archives/edgar/data/1385280/000119312517052899/d285594d10k.htm", "calculatedOtherExpenses": 232366000, "calculatedOperatingExpenses": 1378706000, "calculatedNetInterest": -101917000, "calculatedOtherIncome": 39628000, "calculatedIncomeNonControlling": 1736000, "calculatedEbitda": 632006000}, {"date": "2015-12-31", "symbol": "CNK", "reportedCurrency": "USD", "cik": "0001385280", "fillingDate": "2016-02-24", "acceptedDate": "2016-02-24 07:34:42", "calendarYear": "2015", "period": "FY", "revenue": 2852609000, "costOfRevenue": 1120860000, "grossProfit": 1731749000, "grossProfitRatio": 0.6070754877, "researchAndDevelopmentExpenses": 0, "generalAndAdministrativeExpenses": 1102447000, "sellingAndMarketingExpenses": 0, "sellingGeneralAndAdministrativeExpenses": 1102447000, "otherExpenses": 36834000, "operatingExpenses": 1291653000, "costAndExpenses": 2412513000, "interestIncome": 8708000, "interestExpense": 112741000, "depreciationAndAmortization": 189206000, "ebitda": 684276000, "ebitdaratio": 0.2398772492, "operatingIncome": 423152000, "operatingIncomeRatio": 0.1483385911, "totalOtherIncomeExpensesNet": 20312000, "incomeBeforeTax": 347667000, "incomeBeforeTaxRatio": 0.1218768503, "incomeTaxExpense": 128939000, "netIncome": 216869000, "netIncomeRatio": 0.0760247899, "eps": 1.87, "epsdiluted": 1.87, "weightedAverageShsOut": 115080000, "weightedAverageShsOutDil": 115399000, "link": "https://www.sec.gov/Archives/edgar/data/1385280/000119312516474577/0001193125-16-474577-index.htm", "finalLink": "https://www.sec.gov/Archives/edgar/data/1385280/000119312516474577/d66896d10k.htm", "calculatedOtherExpenses": 206150000, "calculatedOperatingExpenses": 1308597000, "calculatedNetInterest": -104033000, "calculatedOtherIncome": 28548000, "calculatedIncomeNonControlling": 1859000, "calculatedEbitda": 612358000}, {"date": "2014-12-31", "symbol": "CNK", "reportedCurrency": "USD", "cik": "0001385280", "fillingDate": "2015-02-27", "acceptedDate": "2015-02-27 15:28:52", "calendarYear": "2014", "period": "FY", "revenue": 2626990000, "costOfRevenue": 1015037000, "grossProfit": 1611953000, "grossProfitRatio": 0.6136121569, "researchAndDevelopmentExpenses": 0, "generalAndAdministrativeExpenses": 468540000, "sellingAndMarketingExpenses": 0, "sellingGeneralAndAdministrativeExpenses": 468540000, "otherExpenses": 22150000, "operatingExpenses": 1226521000, "costAndExpenses": 2241558000, "interestIncome": 5599000, "interestExpense": 113698000, "depreciationAndAmortization": 175656000, "ebitda": 601779000, "ebitdaratio": 0.2290754818, "operatingIncome": 363070000, "operatingIncomeRatio": 0.1382076064, "totalOtherIncomeExpensesNet": 18329000, "incomeBeforeTax": 290063000, "incomeBeforeTaxRatio": 0.1104164843, "incomeTaxExpense": 96064000, "netIncome": 192610000, "netIncomeRatio": 0.0733196548, "eps": 1.66, "epsdiluted": 1.66, "weightedAverageShsOut": 114966000, "weightedAverageShsOutDil": 114966000, "link": "https://www.sec.gov/Archives/edgar/data/1385280/000119312515069425/0001193125-15-069425-index.htm", "finalLink": "https://www.sec.gov/Archives/edgar/data/1385280/000119312515069425/d839071d10k.htm", "calculatedOtherExpenses": 780343000, "calculatedOperatingExpenses": 1248883000, "calculatedNetInterest": -108099000, "calculatedOtherIncome": 35092000, "calculatedIncomeNonControlling": 1389000, "calculatedEbitda": 538726000}, {"date": "2013-12-31", "symbol": "CNK", "reportedCurrency": "USD", "cik": "0001385280", "fillingDate": "2014-02-28", "acceptedDate": "2014-02-28 16:27:24", "calendarYear": "2013", "period": "FY", "revenue": 2682894000, "costOfRevenue": 1055226000, "grossProfit": 1627668000, "grossProfitRatio": 0.6066836781, "researchAndDevelopmentExpenses": 0, "generalAndAdministrativeExpenses": 473202000, "sellingAndMarketingExpenses": 0, "sellingGeneralAndAdministrativeExpenses": 473202000, "otherExpenses": 24688000, "operatingExpenses": 1212228000, "costAndExpenses": 2267454000, "interestIncome": 3622000, "interestExpense": 124714000, "depreciationAndAmortization": 163970000, "ebitda": 624799000, "ebitdaratio": 0.2328824769, "operatingIncome": 415491000, "operatingIncomeRatio": 0.1548667223, "totalOtherIncomeExpensesNet": -26862000, "incomeBeforeTax": 263864000, "incomeBeforeTaxRatio": 0.0983505125, "incomeTaxExpense": 113316000, "netIncome": 148470000, "netIncomeRatio": 0.0553394953, "eps": 1.28, "epsdiluted": 1.28, "weightedAverageShsOut": 114396000, "weightedAverageShsOutDil": 114396000, "link": "https://www.sec.gov/Archives/edgar/data/1385280/000119312514077445/0001193125-14-077445-index.htm", "finalLink": "https://www.sec.gov/Archives/edgar/data/1385280/000119312514077445/d641540d10k.htm", "calculatedOtherExpenses": 738975000, "calculatedOperatingExpenses": 1212177000, "calculatedNetInterest": -121092000, "calculatedOtherIncome": -30535000, "calculatedIncomeNonControlling": 2078000, "calculatedEbitda": 579461000}, {"date": "2012-12-31", "symbol": "CNK", "reportedCurrency": "USD", "cik": "0001385280", "fillingDate": "2013-02-28", "acceptedDate": "2013-02-28 15:35:14", "calendarYear": "2012", "period": "FY", "revenue": 2473531000, "costOfRevenue": 968578000, "grossProfit": 1504953000, "grossProfitRatio": 0.6084229387, "researchAndDevelopmentExpenses": 0, "generalAndAdministrativeExpenses": 430239000, "sellingAndMarketingExpenses": 0, "sellingGeneralAndAdministrativeExpenses": 430239000, "otherExpenses": 21568000, "operatingExpenses": 1106052000, "costAndExpenses": 2074630000, "interestIncome": 6373000, "interestExpense": 123665000, "depreciationAndAmortization": 147675000, "ebitda": 588956000, "ebitdaratio": 0.238103343, "operatingIncome": 383702000, "operatingIncomeRatio": 0.1551231822, "totalOtherIncomeExpensesNet": 21582000, "incomeBeforeTax": 296818000, "incomeBeforeTaxRatio": 0.1199976875, "incomeTaxExpense": 125398000, "netIncome": 168949000, "netIncomeRatio": 0.0683027623, "eps": 1.47, "epsdiluted": 1.47, "weightedAverageShsOut": 113529251, "weightedAverageShsOutDil": 113824000, "link": "https://www.sec.gov/Archives/edgar/data/1385280/000119312513083890/0001193125-13-083890-index.htm", "finalLink": "https://www.sec.gov/Archives/edgar/data/1385280/000119312513083890/d446477d10k.htm", "calculatedOtherExpenses": 691012000, "calculatedOperatingExpenses": 1121251000, "calculatedNetInterest": -117292000, "calculatedOtherIncome": 30408000, "calculatedIncomeNonControlling": 2471000, "calculatedEbitda": 531377000}, {"date": "2011-12-31", "symbol": "CNK", "reportedCurrency": "USD", "cik": "0001385280", "fillingDate": "2012-02-29", "acceptedDate": "2012-02-29 15:56:18", "calendarYear": "2011", "period": "FY", "revenue": 2279613000, "costOfRevenue": 910728000, "grossProfit": 1368885000, "grossProfitRatio": 0.6004900832, "researchAndDevelopmentExpenses": 0, "generalAndAdministrativeExpenses": 890077000, "sellingAndMarketingExpenses": 0, "sellingGeneralAndAdministrativeExpenses": 890077000, "otherExpenses": 154449000, "operatingExpenses": 1044526000, "costAndExpenses": 1955254000, "interestIncome": 8108000, "interestExpense": 123102000, "depreciationAndAmortization": 154449000, "ebitda": 502969000, "ebitdaratio": 0.220637889, "operatingIncome": 308534000, "operatingIncomeRatio": 0.1353449028, "totalOtherIncomeExpensesNet": 4375000, "incomeBeforeTax": 205632000, "incomeBeforeTaxRatio": 0.0902047848, "incomeTaxExpense": 73050000, "netIncome": 130557000, "netIncomeRatio": 0.0572715632, "eps": 1.15, "epsdiluted": 1.14, "weightedAverageShsOut": 113527826, "weightedAverageShsOutDil": 113527826, "link": "https://www.sec.gov/Archives/edgar/data/1385280/000119312512089012/0001193125-12-089012-index.htm", "finalLink": "https://www.sec.gov/Archives/edgar/data/1385280/000119312512089012/d258341d10k.htm", "calculatedOtherExpenses": 170274000, "calculatedOperatingExpenses": 1060351000, "calculatedNetInterest": -114994000, "calculatedOtherIncome": 12092000, "calculatedIncomeNonControlling": 2025000, "calculatedEbitda": 462983000}, {"date": "2010-12-31", "symbol": "CNK", "reportedCurrency": "USD", "cik": "0001385280", "fillingDate": "2011-03-01", "acceptedDate": "2011-02-28 19:52:05", "calendarYear": "2010", "period": "FY", "revenue": 2141144000, "costOfRevenue": 1122899000, "grossProfit": 1018245000, "grossProfitRatio": 0.4755611953, "researchAndDevelopmentExpenses": 0, "generalAndAdministrativeExpenses": 569761000, "sellingAndMarketingExpenses": 0, "sellingGeneralAndAdministrativeExpenses": 569761000, "otherExpenses": 143077000, "operatingExpenses": 712838000, "costAndExpenses": 1835737000, "interestIncome": 6105000, "interestExpense": 112444000, "depreciationAndAmortization": 143508000, "ebitda": 451582000, "ebitdaratio": 0.2109068797, "operatingIncome": 292869000, "operatingIncomeRatio": 0.1367815523, "totalOtherIncomeExpensesNet": 8433000, "incomeBeforeTax": 207501000, "incomeBeforeTaxRatio": 0.0969112773, "incomeTaxExpense": 57838000, "netIncome": 146120000, "netIncomeRatio": 0.0682438921, "eps": 1.3, "epsdiluted": 1.29, "weightedAverageShsOut": 111565000, "weightedAverageShsOutDil": 112151000, "link": "https://www.sec.gov/Archives/edgar/data/1385280/000095012311020026/0000950123-11-020026-index.htm", "finalLink": "https://www.sec.gov/Archives/edgar/data/1385280/000095012311020026/d79952e10vk.htm", "calculatedOtherExpenses": 155615000, "calculatedOperatingExpenses": 725376000, "calculatedNetInterest": -106339000, "calculatedOtherIncome": 20971000, "calculatedIncomeNonControlling": 3543000, "calculatedEbitda": 436377000}, {"date": "2009-12-31", "symbol": "CNK", "reportedCurrency": "USD", "cik": "0001385280", "fillingDate": "2010-03-10", "acceptedDate": "2010-03-10 15:54:16", "calendarYear": "2009", "period": "FY", "revenue": 1976500000, "costOfRevenue": 1038857000, "grossProfit": 937643000, "grossProfitRatio": 0.4743956489, "researchAndDevelopmentExpenses": 0, "generalAndAdministrativeExpenses": 522594000, "sellingAndMarketingExpenses": 0, "sellingGeneralAndAdministrativeExpenses": 522594000, "otherExpenses": 152717000, "operatingExpenses": 675311000, "costAndExpenses": 1714168000, "interestIncome": 0, "interestExpense": 102505000, "depreciationAndAmortization": 150904000, "ebitda": 410868000, "ebitdaratio": 0.2078765495, "operatingIncome": 250474000, "operatingIncomeRatio": 0.1267260309, "totalOtherIncomeExpensesNet": -12765000, "incomeBeforeTax": 145601000, "incomeBeforeTaxRatio": 0.0736660764, "incomeTaxExpense": 44845000, "netIncome": 97108000, "netIncomeRatio": 0.0491312927, "eps": 0.89, "epsdiluted": 0.87, "weightedAverageShsOut": 108563000, "weightedAverageShsOutDil": 110255000, "link": "https://www.sec.gov/Archives/edgar/data/1385280/000095012310023033/0000950123-10-023033-index.htm", "finalLink": "https://www.sec.gov/Archives/edgar/data/1385280/000095012310023033/d71326e10vk.htm", "calculatedOtherExpenses": 164575000, "calculatedOperatingExpenses": 687169000, "calculatedNetInterest": -102505000, "calculatedOtherIncome": -2368000, "calculatedIncomeNonControlling": 3648000, "calculatedEbitda": 401378000}, {"date": "2008-12-31", "symbol": "CNK", "reportedCurrency": "USD", "cik": "0001385280", "fillingDate": "2009-03-13", "acceptedDate": "2009-03-13 12:23:57", "calendarYear": "2008", "period": "FY", "revenue": 1742287000, "costOfRevenue": 698866000, "grossProfit": 1043421000, "grossProfitRatio": 0.5988800927, "researchAndDevelopmentExpenses": 0, "generalAndAdministrativeExpenses": 0, "sellingAndMarketingExpenses": 0, "sellingGeneralAndAdministrativeExpenses": 703147000, "otherExpenses": 280054000, "operatingExpenses": 983201000, "costAndExpenses": 1682067000, "interestIncome": 0, "interestExpense": 0, "depreciationAndAmortization": 160712000, "ebitda": 321381000, "ebitdaratio": 0.1844592768, "operatingIncome": 60220000, "operatingIncomeRatio": 0.0345637659, "totalOtherIncomeExpensesNet": -102822000, "incomeBeforeTax": -27270000, "incomeBeforeTaxRatio": -0.0156518415, "incomeTaxExpense": 21055000, "netIncome": -48325000, "netIncomeRatio": -0.0277365325, "eps": -0.45, "epsdiluted": -0.45, "weightedAverageShsOut": 107341000, "weightedAverageShsOutDil": 107341000, "link": "https://www.sec.gov/Archives/edgar/data/1385280/000095013409005288/0000950134-09-005288-index.htm", "finalLink": "https://www.sec.gov/Archives/edgar/data/1385280/000095013409005288/d66662e10vk.htm", "calculatedOtherExpenses": 280054000, "calculatedOperatingExpenses": 983201000, "calculatedNetInterest": 0, "calculatedOtherIncome": -87490000, "calculatedIncomeNonControlling": 0, "calculatedEbitda": 220932000}, {"date": "2007-12-31", "symbol": "CNK", "reportedCurrency": "USD", "cik": "0001385280", "fillingDate": "2008-03-28", "acceptedDate": "2008-03-28 17:29:36", "calendarYear": "2007", "period": "FY", "revenue": 1682841000, "costOfRevenue": 1248090000, "grossProfit": 434751000, "grossProfitRatio": 0.2583434799, "researchAndDevelopmentExpenses": 0, "generalAndAdministrativeExpenses": 84619000, "sellingAndMarketingExpenses": -5101000, "sellingGeneralAndAdministrativeExpenses": 79518000, "otherExpenses": 242273000, "operatingExpenses": 321791000, "costAndExpenses": 1569881000, "interestIncome": 0, "interestExpense": -168051000, "depreciationAndAmortization": 154403000, "ebitda": 139411000, "ebitdaratio": 0.0828426453, "operatingIncome": 112960000, "operatingIncomeRatio": 0.0671245828, "totalOtherIncomeExpensesNet": 125490000, "incomeBeforeTax": 200882000, "incomeBeforeTaxRatio": 0.1193707546, "incomeTaxExpense": 111962000, "netIncome": 88920000, "netIncomeRatio": 0.0528392165, "eps": 0.87, "epsdiluted": 0.85, "weightedAverageShsOut": 102206897, "weightedAverageShsOutDil": 104611765, "link": "https://www.sec.gov/Archives/edgar/data/1385280/000095013408005619/0000950134-08-005619-index.htm", "finalLink": "https://www.sec.gov/Archives/edgar/data/1385280/000095013408005619/d55075e10vk.htm", "calculatedOtherExpenses": 242273000, "calculatedOperatingExpenses": 321791000, "calculatedNetInterest": 168051000, "calculatedOtherIncome": -80129000, "calculatedIncomeNonControlling": 0, "calculatedEbitda": 267363000}, {"date": "2006-12-31", "symbol": "CNK", "reportedCurrency": "USD", "cik": "0001385280", "fillingDate": "2006-12-31", "acceptedDate": "2006-12-30 19:00:00", "calendarYear": "2006", "period": "FY", "revenue": 1220594000, "costOfRevenue": 889805000, "grossProfit": 330789000, "grossProfitRatio": 0.2710065755, "researchAndDevelopmentExpenses": 0, "generalAndAdministrativeExpenses": 0, "sellingAndMarketingExpenses": 0, "sellingGeneralAndAdministrativeExpenses": 67768000, "otherExpenses": 135652000, "operatingExpenses": 203420000, "costAndExpenses": 1093225000, "interestIncome": 0, "interestExpense": 0, "depreciationAndAmortization": 100305000, "ebitda": 274803000, "ebitdaratio": 0.2251387439, "operatingIncome": 127369000, "operatingIncomeRatio": 0.1043500132, "totalOtherIncomeExpensesNet": -46268000, "incomeBeforeTax": 13526000, "incomeBeforeTaxRatio": 0.0110814898, "incomeTaxExpense": 12685000, "netIncome": 841000, "netIncomeRatio": 0.0006890088, "eps": 0.01, "epsdiluted": 0.01, "weightedAverageShsOut": 84100000, "weightedAverageShsOutDil": 84100000, "link": "", "finalLink": "", "calculatedOtherExpenses": 135652000, "calculatedOperatingExpenses": 203420000, "calculatedNetInterest": 0, "calculatedOtherIncome": -113843000, "calculatedIncomeNonControlling": 0, "calculatedEbitda": 227674000}, {"date": "2005-12-31", "symbol": "CNK", "reportedCurrency": "USD", "cik": "0001385280", "fillingDate": "2005-12-31", "acceptedDate": "2005-12-30 19:00:00", "calendarYear": "2005", "period": "FY", "revenue": 1020597000, "costOfRevenue": 763973000, "grossProfit": 256624000, "grossProfitRatio": 0.2514449876, "researchAndDevelopmentExpenses": 0, "generalAndAdministrativeExpenses": 0, "sellingAndMarketingExpenses": 0, "sellingGeneralAndAdministrativeExpenses": 50884000, "otherExpenses": 142239000, "operatingExpenses": 193123000, "costAndExpenses": 957096000, "interestIncome": 0, "interestExpense": 0, "depreciationAndAmortization": 86359000, "ebitda": 209802000, "ebitdaratio": 0.2055679176, "operatingIncome": 63501000, "operatingIncomeRatio": 0.0622194657, "totalOtherIncomeExpensesNet": -57208000, "incomeBeforeTax": -16000000, "incomeBeforeTaxRatio": -0.0156770988, "incomeTaxExpense": 9408000, "netIncome": -25408000, "netIncomeRatio": -0.0248952329, "eps": -0.31, "epsdiluted": -0.31, "weightedAverageShsOut": 81961290, "weightedAverageShsOutDil": 81961290, "link": "", "finalLink": "", "calculatedOtherExpenses": 142239000, "calculatedOperatingExpenses": 193123000, "calculatedNetInterest": 0, "calculatedOtherIncome": -79501000, "calculatedIncomeNonControlling": 0, "calculatedEbitda": 149860000}, {"date": "2004-12-31", "symbol": "CNK", "reportedCurrency": "USD", "cik": "0001385280", "fillingDate": "2004-12-31", "acceptedDate": "2004-12-30 19:00:00", "calendarYear": "2004", "period": "FY", "revenue": 790617000, "costOfRevenue": 0, "grossProfit": 790617000, "grossProfitRatio": 1, "researchAndDevelopmentExpenses": 0, "generalAndAdministrativeExpenses": 0, "sellingAndMarketingExpenses": 0, "sellingGeneralAndAdministrativeExpenses": 0, "otherExpenses": 0, "operatingExpenses": 0, "costAndExpenses": 0, "interestIncome": 0, "interestExpense": 0, "depreciationAndAmortization": 0, "ebitda": 790617000, "ebitdaratio": 1, "operatingIncome": 790617000, "operatingIncomeRatio": 1, "totalOtherIncomeExpensesNet": 0, "incomeBeforeTax": 0, "incomeBeforeTaxRatio": 0, "incomeTaxExpense": 3687000, "netIncome": -3687000, "netIncomeRatio": -0.0046634464, "eps": -0.13, "epsdiluted": -0.13, "weightedAverageShsOut": 27675000, "weightedAverageShsOutDil": 27675000, "link": "", "finalLink": "", "calculatedOtherExpenses": 0, "calculatedOperatingExpenses": 0, "calculatedNetInterest": 0, "calculatedOtherIncome": -790617000, "calculatedIncomeNonControlling": 0, "calculatedEbitda": 790617000}, {"date": "2003-12-31", "symbol": "CNK", "reportedCurrency": "USD", "cik": "0001385280", "fillingDate": "2003-12-31", "acceptedDate": "2003-12-30 19:00:00", "calendarYear": "2003", "period": "FY", "revenue": 950872000, "costOfRevenue": 0, "grossProfit": 950872000, "grossProfitRatio": 1, "researchAndDevelopmentExpenses": 0, "generalAndAdministrativeExpenses": 0, "sellingAndMarketingExpenses": 0, "sellingGeneralAndAdministrativeExpenses": 44286000, "otherExpenses": 0, "operatingExpenses": 44286000, "costAndExpenses": 44286000, "interestIncome": 0, "interestExpense": 0, "depreciationAndAmortization": 771023000, "ebitda": 906586000, "ebitdaratio": 0.953425908, "operatingIncome": 135563000, "operatingIncomeRatio": 0.1425670332, "totalOtherIncomeExpensesNet": -88174000, "incomeBeforeTax": 47389000, "incomeBeforeTaxRatio": 0.0498374124, "incomeTaxExpense": 2740000, "netIncome": 44649000, "netIncomeRatio": 0.0469558468, "eps": 0.37, "epsdiluted": 0.37, "weightedAverageShsOut": 120672973, "weightedAverageShsOutDil": 120672973, "link": "", "finalLink": "", "calculatedOtherExpenses": 771023000, "calculatedOperatingExpenses": 815309000, "calculatedNetInterest": 0, "calculatedOtherIncome": -88174000, "calculatedIncomeNonControlling": 0, "calculatedEbitda": 906586000}, {"date": "2002-12-31", "symbol": "CNK", "reportedCurrency": "USD", "cik": "0001385280", "fillingDate": "2002-12-31", "acceptedDate": "2002-12-30 19:00:00", "calendarYear": "2002", "period": "FY", "revenue": 935854000, "costOfRevenue": 0, "grossProfit": 935854000, "grossProfitRatio": 1, "researchAndDevelopmentExpenses": 0, "generalAndAdministrativeExpenses": 0, "sellingAndMarketingExpenses": 0, "sellingGeneralAndAdministrativeExpenses": 0, "otherExpenses": -805411000, "operatingExpenses": -805411000, "costAndExpenses": -805411000, "interestIncome": 0, "interestExpense": 0, "depreciationAndAmortization": 805411000, "ebitda": 935854000, "ebitdaratio": 1, "operatingIncome": 130443000, "operatingIncomeRatio": 0.139383921, "totalOtherIncomeExpensesNet": 0, "incomeBeforeTax": 0, "incomeBeforeTaxRatio": 0, "incomeTaxExpense": 94967000, "netIncome": 35476000, "netIncomeRatio": 0.0379076223, "eps": 0.3, "epsdiluted": 0.3, "weightedAverageShsOut": 118253333, "weightedAverageShsOutDil": 118253333, "link": "", "finalLink": "", "calculatedOtherExpenses": 805411000, "calculatedOperatingExpenses": 805411000, "calculatedNetInterest": 0, "calculatedOtherIncome": -130443000, "calculatedIncomeNonControlling": -130443000, "calculatedEbitda": 935854000}]}