{"originalCurrency": "USD", "convertedCurrency": "USD", "report": [{"date": "2023-12-31", "symbol": "CNMD", "reportedCurrency": "USD", "cik": "0000816956", "fillingDate": "2024-02-28", "acceptedDate": "2024-02-28 08:57:59", "calendarYear": "2023", "period": "FY", "revenue": 1240954000, "costOfRevenue": 597887000, "grossProfit": 643067000, "grossProfitRatio": 0.5182037368, "researchAndDevelopmentExpenses": 52602000, "generalAndAdministrativeExpenses": 0, "sellingAndMarketingExpenses": 0, "sellingGeneralAndAdministrativeExpenses": 459679000, "otherExpenses": 0, "operatingExpenses": 512280999, "costAndExpenses": 1110168000, "interestIncome": 0, "interestExpense": 39775000, "depreciationAndAmortization": 51400000, "ebitda": 182186000, "ebitdaratio": 0.1468112436, "operatingIncome": 130786000, "operatingIncomeRatio": 0.1053914972, "totalOtherIncomeExpensesNet": -49958000, "incomeBeforeTax": 80828000, "incomeBeforeTaxRatio": 0.06513376, "incomeTaxExpense": 16369000, "netIncome": 64459000, "netIncomeRatio": 0.0519431018, "eps": 2.1, "epsdiluted": 2.04, "weightedAverageShsOut": 30668000, "weightedAverageShsOutDil": 31548000, "link": "https://www.sec.gov/Archives/edgar/data/816956/000081695624000003/0000816956-24-000003-index.htm", "finalLink": "https://www.sec.gov/Archives/edgar/data/816956/000081695624000003/cnmd-20231231.htm", "calculatedOtherExpenses": 0, "calculatedOperatingExpenses": 512281000, "calculatedNetInterest": -39775000, "calculatedOtherIncome": -10183000, "calculatedIncomeNonControlling": 0, "calculatedEbitda": 182186000}, {"date": "2022-12-31", "symbol": "CNMD", "reportedCurrency": "USD", "cik": "0000816956", "fillingDate": "2023-02-21", "acceptedDate": "2023-02-21 10:49:19", "calendarYear": "2022", "period": "FY", "revenue": 1045472000, "costOfRevenue": 474227000, "grossProfit": 571245000, "grossProfitRatio": 0.5463991384, "researchAndDevelopmentExpenses": 47152000, "generalAndAdministrativeExpenses": 0, "sellingAndMarketingExpenses": 0, "sellingGeneralAndAdministrativeExpenses": 454039000, "otherExpenses": -112011000, "operatingExpenses": 501191000, "costAndExpenses": 975418000, "interestIncome": 28905000, "interestExpense": 28905000, "depreciationAndAmortization": -112011000, "ebitda": -41957000, "ebitdaratio": -0.0401321126, "operatingIncome": 70054000, "operatingIncomeRatio": 0.0670070552, "totalOtherIncomeExpensesNet": -140916000, "incomeBeforeTax": -70862000, "incomeBeforeTaxRatio": -0.0677799118, "incomeTaxExpense": 9720000, "netIncome": -80582000, "netIncomeRatio": -0.0770771479, "eps": -2.68, "epsdiluted": -2.68, "weightedAverageShsOut": 30040000, "weightedAverageShsOutDil": 30040000, "link": "https://www.sec.gov/Archives/edgar/data/816956/000081695623000004/0000816956-23-000004-index.htm", "finalLink": "https://www.sec.gov/Archives/edgar/data/816956/000081695623000004/cnmd-20221231.htm", "calculatedOtherExpenses": 0, "calculatedOperatingExpenses": 501191000, "calculatedNetInterest": 0, "calculatedOtherIncome": -140916000, "calculatedIncomeNonControlling": 0, "calculatedEbitda": -41957000}, {"date": "2021-12-31", "symbol": "CNMD", "reportedCurrency": "USD", "cik": "0000816956", "fillingDate": "2022-02-22", "acceptedDate": "2022-02-22 08:37:45", "calendarYear": "2021", "period": "FY", "revenue": 1010635000, "costOfRevenue": 442599000, "grossProfit": 568036000, "grossProfitRatio": 0.5620585078, "researchAndDevelopmentExpenses": 43565000, "generalAndAdministrativeExpenses": 0, "sellingAndMarketingExpenses": 0, "sellingGeneralAndAdministrativeExpenses": 414754000, "otherExpenses": -1127000, "operatingExpenses": 458319000, "costAndExpenses": 900918000, "interestIncome": 35485000, "interestExpense": 35485000, "depreciationAndAmortization": 70743000, "ebitda": 108590000, "ebitdaratio": 0.107447298, "operatingIncome": 37847000, "operatingIncomeRatio": 0.0374487327, "totalOtherIncomeExpensesNet": 35258000, "incomeBeforeTax": 73105000, "incomeBeforeTaxRatio": 0.0723357097, "incomeTaxExpense": 10563000, "netIncome": 62542000, "netIncomeRatio": 0.0618838651, "eps": 2.14, "epsdiluted": 1.94, "weightedAverageShsOut": 29162000, "weightedAverageShsOutDil": 32216000, "link": "https://www.sec.gov/Archives/edgar/data/816956/000081695622000004/0000816956-22-000004-index.htm", "finalLink": "https://www.sec.gov/Archives/edgar/data/816956/000081695622000004/cnmd-20211231.htm", "calculatedOtherExpenses": 71870000, "calculatedOperatingExpenses": 530189000, "calculatedNetInterest": 0, "calculatedOtherIncome": 35258000, "calculatedIncomeNonControlling": 0, "calculatedEbitda": 108590000}, {"date": "2020-12-31", "symbol": "CNMD", "reportedCurrency": "USD", "cik": "0000816956", "fillingDate": "2021-02-22", "acceptedDate": "2021-02-22 13:28:50", "calendarYear": "2020", "period": "FY", "revenue": 862459000, "costOfRevenue": 402159000, "grossProfit": 460300000, "grossProfitRatio": 0.5337065298, "researchAndDevelopmentExpenses": 40473000, "generalAndAdministrativeExpenses": 0, "sellingAndMarketingExpenses": 0, "sellingGeneralAndAdministrativeExpenses": 373817000, "otherExpenses": -355000, "operatingExpenses": 414290000, "costAndExpenses": 816449000, "interestIncome": 44052000, "interestExpense": 44052000, "depreciationAndAmortization": 72625000, "ebitda": 45655000, "ebitdaratio": 0.0529358497, "operatingIncome": -26970000, "operatingIncomeRatio": -0.0312710517, "totalOtherIncomeExpensesNet": 28573000, "incomeBeforeTax": 1603000, "incomeBeforeTaxRatio": 0.0018586391, "incomeTaxExpense": -7914000, "netIncome": 9517000, "netIncomeRatio": 0.0110347274, "eps": 0.33, "epsdiluted": 0.32, "weightedAverageShsOut": 28581000, "weightedAverageShsOutDil": 29464000, "link": "https://www.sec.gov/Archives/edgar/data/816956/000081695621000003/0000816956-21-000003-index.htm", "finalLink": "https://www.sec.gov/Archives/edgar/data/816956/000081695621000003/cnmd-20201231.htm", "calculatedOtherExpenses": 72980000, "calculatedOperatingExpenses": 487270000, "calculatedNetInterest": 0, "calculatedOtherIncome": 28573000, "calculatedIncomeNonControlling": 0, "calculatedEbitda": 45655000}, {"date": "2019-12-31", "symbol": "CNMD", "reportedCurrency": "USD", "cik": "0000816956", "fillingDate": "2020-02-24", "acceptedDate": "2020-02-24 13:31:32", "calendarYear": "2019", "period": "FY", "revenue": 955097000, "costOfRevenue": 430382000, "grossProfit": 524715000, "grossProfitRatio": 0.5493839893, "researchAndDevelopmentExpenses": 45460000, "generalAndAdministrativeExpenses": 400141000, "sellingAndMarketingExpenses": 0, "sellingGeneralAndAdministrativeExpenses": 400141000, "otherExpenses": -5188000, "operatingExpenses": 445601000, "costAndExpenses": 875983000, "interestIncome": 42701000, "interestExpense": 42701000, "depreciationAndAmortization": 72323000, "ebitda": 73926000, "ebitdaratio": 0.0774015624, "operatingIncome": 1603000, "operatingIncomeRatio": 0.0016783636, "totalOtherIncomeExpensesNet": 29622000, "incomeBeforeTax": 31225000, "incomeBeforeTaxRatio": 0.0326930144, "incomeTaxExpense": 2605000, "netIncome": 28620000, "netIncomeRatio": 0.0299655428, "eps": 1.01, "epsdiluted": 0.97, "weightedAverageShsOut": 28325000, "weightedAverageShsOutDil": 29495000, "link": "https://www.sec.gov/Archives/edgar/data/816956/000081695620000003/0000816956-20-000003-index.htm", "finalLink": "https://www.sec.gov/Archives/edgar/data/816956/000081695620000003/cnmd10k2019.htm", "calculatedOtherExpenses": 77511000, "calculatedOperatingExpenses": 523112000, "calculatedNetInterest": 0, "calculatedOtherIncome": 29622000, "calculatedIncomeNonControlling": 0, "calculatedEbitda": 73926000}, {"date": "2018-12-31", "symbol": "CNMD", "reportedCurrency": "USD", "cik": "0000816956", "fillingDate": "2019-02-25", "acceptedDate": "2019-02-25 12:04:56", "calendarYear": "2018", "period": "FY", "revenue": 859634000, "costOfRevenue": 390524000, "grossProfit": 469110000, "grossProfitRatio": 0.5457089878, "researchAndDevelopmentExpenses": 42188000, "generalAndAdministrativeExpenses": 355617000, "sellingAndMarketingExpenses": 0, "sellingGeneralAndAdministrativeExpenses": 355617000, "otherExpenses": 0, "operatingExpenses": 397805000, "costAndExpenses": 788329000, "interestIncome": 0, "interestExpense": 20652000, "depreciationAndAmortization": 61803000, "ebitda": 71305000, "ebitdaratio": 0.0829480919, "operatingIncome": 71305000, "operatingIncomeRatio": 0.0829480919, "totalOtherIncomeExpensesNet": -20652000, "incomeBeforeTax": 50653000, "incomeBeforeTaxRatio": 0.0589239141, "incomeTaxExpense": 9799000, "netIncome": 40854000, "netIncomeRatio": 0.0475248769, "eps": 1.45, "epsdiluted": 1.41, "weightedAverageShsOut": 28118000, "weightedAverageShsOutDil": 28890000, "link": "https://www.sec.gov/Archives/edgar/data/816956/000081695619000003/0000816956-19-000003-index.htm", "finalLink": "https://www.sec.gov/Archives/edgar/data/816956/000081695619000003/cnmd10k2018.htm", "calculatedOtherExpenses": 0, "calculatedOperatingExpenses": 397805000, "calculatedNetInterest": -20652000, "calculatedOtherIncome": 0, "calculatedIncomeNonControlling": 0, "calculatedEbitda": 133108000}, {"date": "2017-12-31", "symbol": "CNMD", "reportedCurrency": "USD", "cik": "0000816956", "fillingDate": "2018-02-26", "acceptedDate": "2018-02-26 11:14:08", "calendarYear": "2017", "period": "FY", "revenue": 796392000, "costOfRevenue": 365351000, "grossProfit": 431041000, "grossProfitRatio": 0.5412422526, "researchAndDevelopmentExpenses": 32307000, "generalAndAdministrativeExpenses": 351799000, "sellingAndMarketingExpenses": 0, "sellingGeneralAndAdministrativeExpenses": 351799000, "otherExpenses": 0, "operatingExpenses": 384106000, "costAndExpenses": 749457000, "interestIncome": 0, "interestExpense": 18203000, "depreciationAndAmortization": 58548000, "ebitda": 46935000, "ebitdaratio": 0.0589345448, "operatingIncome": 46935000, "operatingIncomeRatio": 0.0589345448, "totalOtherIncomeExpensesNet": -18203000, "incomeBeforeTax": 28732000, "incomeBeforeTaxRatio": 0.0360777105, "incomeTaxExpense": -26755000, "netIncome": 55487000, "netIncomeRatio": 0.0696729751, "eps": 1.99, "epsdiluted": 1.97, "weightedAverageShsOut": 27939000, "weightedAverageShsOutDil": 28171000, "link": "https://www.sec.gov/Archives/edgar/data/816956/000081695618000003/0000816956-18-000003-index.htm", "finalLink": "https://www.sec.gov/Archives/edgar/data/816956/000081695618000003/cnmd10k2017.htm", "calculatedOtherExpenses": 0, "calculatedOperatingExpenses": 384106000, "calculatedNetInterest": -18203000, "calculatedOtherIncome": 0, "calculatedIncomeNonControlling": 0, "calculatedEbitda": 105483000}, {"date": "2016-12-31", "symbol": "CNMD", "reportedCurrency": "USD", "cik": "0000816956", "fillingDate": "2017-02-27", "acceptedDate": "2017-02-27 16:52:19", "calendarYear": "2016", "period": "FY", "revenue": 763520000, "costOfRevenue": 355190000, "grossProfit": 408330000, "grossProfitRatio": 0.5347993504, "researchAndDevelopmentExpenses": 32254000, "generalAndAdministrativeExpenses": 338400000, "sellingAndMarketingExpenses": 0, "sellingGeneralAndAdministrativeExpenses": 338400000, "otherExpenses": -2942000, "operatingExpenses": 370654000, "costAndExpenses": 725844000, "interestIncome": 0, "interestExpense": 15359000, "depreciationAndAmortization": 55309000, "ebitda": 90043000, "ebitdaratio": 0.1179314229, "operatingIncome": 37676000, "operatingIncomeRatio": 0.0493451383, "totalOtherIncomeExpensesNet": -2942000, "incomeBeforeTax": 19375000, "incomeBeforeTaxRatio": 0.0253758906, "incomeTaxExpense": 4711000, "netIncome": 14664000, "netIncomeRatio": 0.0192057837, "eps": 0.53, "epsdiluted": 0.52, "weightedAverageShsOut": 27804000, "weightedAverageShsOutDil": 27964000, "link": "https://www.sec.gov/Archives/edgar/data/816956/000081695617000002/0000816956-17-000002-index.htm", "finalLink": "https://www.sec.gov/Archives/edgar/data/816956/000081695617000002/cnmd10k2016.htm", "calculatedOtherExpenses": 0, "calculatedOperatingExpenses": 370654000, "calculatedNetInterest": -15359000, "calculatedOtherIncome": -2942000, "calculatedIncomeNonControlling": 0, "calculatedEbitda": 92985000}, {"date": "2015-12-31", "symbol": "CNMD", "reportedCurrency": "USD", "cik": "0000816956", "fillingDate": "2016-02-23", "acceptedDate": "2016-02-22 17:39:18", "calendarYear": "2015", "period": "FY", "revenue": 719168000, "costOfRevenue": 337466000, "grossProfit": 381702000, "grossProfitRatio": 0.5307549835, "researchAndDevelopmentExpenses": 27436000, "generalAndAdministrativeExpenses": 303091000, "sellingAndMarketingExpenses": 0, "sellingGeneralAndAdministrativeExpenses": 303091000, "otherExpenses": 0, "operatingExpenses": 330527000, "costAndExpenses": 667993000, "interestIncome": 0, "interestExpense": 6031000, "depreciationAndAmortization": 43879000, "ebitda": 95054000, "ebitdaratio": 0.1321721767, "operatingIncome": 51175000, "operatingIncomeRatio": 0.0711586166, "totalOtherIncomeExpensesNet": -6031000, "incomeBeforeTax": 45144000, "incomeBeforeTaxRatio": 0.0627725372, "incomeTaxExpense": 14646000, "netIncome": 30498000, "netIncomeRatio": 0.0424073374, "eps": 1.1, "epsdiluted": 1.09, "weightedAverageShsOut": 27653000, "weightedAverageShsOutDil": 27858000, "link": "https://www.sec.gov/Archives/edgar/data/816956/000081695616000013/0000816956-16-000013-index.htm", "finalLink": "https://www.sec.gov/Archives/edgar/data/816956/000081695616000013/cnmd10k2015.htm", "calculatedOtherExpenses": 0, "calculatedOperatingExpenses": 330527000, "calculatedNetInterest": -6031000, "calculatedOtherIncome": 0, "calculatedIncomeNonControlling": 0, "calculatedEbitda": 95054000}, {"date": "2014-12-31", "symbol": "CNMD", "reportedCurrency": "USD", "cik": "0000816956", "fillingDate": "2015-02-23", "acceptedDate": "2015-02-23 15:13:22", "calendarYear": "2014", "period": "FY", "revenue": 734467000, "costOfRevenue": 335998000, "grossProfit": 398469000, "grossProfitRatio": 0.542528119, "researchAndDevelopmentExpenses": 27779000, "generalAndAdministrativeExpenses": 293942000, "sellingAndMarketingExpenses": 0, "sellingGeneralAndAdministrativeExpenses": 293942000, "otherExpenses": 7320000, "operatingExpenses": 345683000, "costAndExpenses": 681681000, "interestIncome": 0, "interestExpense": 6111000, "depreciationAndAmortization": 45734000, "ebitda": 98520000, "ebitdaratio": 0.1341380893, "operatingIncome": 52786000, "operatingIncomeRatio": 0.0718698049, "totalOtherIncomeExpensesNet": -16642000, "incomeBeforeTax": 46675000, "incomeBeforeTaxRatio": 0.0635494855, "incomeTaxExpense": 14483000, "netIncome": 32192000, "netIncomeRatio": 0.043830424, "eps": 1.17, "epsdiluted": 1.16, "weightedAverageShsOut": 27401000, "weightedAverageShsOutDil": 27769000, "link": "https://www.sec.gov/Archives/edgar/data/816956/000081695615000003/0000816956-15-000003-index.htm", "finalLink": "https://www.sec.gov/Archives/edgar/data/816956/000081695615000003/cnmd10k2014.htm", "calculatedOtherExpenses": 23962000, "calculatedOperatingExpenses": 345683000, "calculatedNetInterest": -6111000, "calculatedOtherIncome": 0, "calculatedIncomeNonControlling": 0, "calculatedEbitda": 98520000}, {"date": "2013-12-31", "symbol": "CNMD", "reportedCurrency": "USD", "cik": "0000816956", "fillingDate": "2014-02-24", "acceptedDate": "2014-02-24 15:09:43", "calendarYear": "2013", "period": "FY", "revenue": 756755000, "costOfRevenue": 350287000, "grossProfit": 406468000, "grossProfitRatio": 0.5371196755, "researchAndDevelopmentExpenses": 25831000, "generalAndAdministrativeExpenses": 310730000, "sellingAndMarketingExpenses": 0, "sellingGeneralAndAdministrativeExpenses": 310730000, "otherExpenses": 8750000, "operatingExpenses": 349960000, "costAndExpenses": 700247000, "interestIncome": 0, "interestExpense": 5613000, "depreciationAndAmortization": 47867000, "ebitda": 104375000, "ebitdaratio": 0.1379244273, "operatingIncome": 56508000, "operatingIncomeRatio": 0.0746714591, "totalOtherIncomeExpensesNet": -263000, "incomeBeforeTax": 50632000, "incomeBeforeTaxRatio": 0.0669067267, "incomeTaxExpense": 14693000, "netIncome": 35939000, "netIncomeRatio": 0.0474909317, "eps": 1.3, "epsdiluted": 1.28, "weightedAverageShsOut": 27722000, "weightedAverageShsOutDil": 28114000, "link": "https://www.sec.gov/Archives/edgar/data/816956/000081695614000003/0000816956-14-000003-index.htm", "finalLink": "https://www.sec.gov/Archives/edgar/data/816956/000081695614000003/cnmd10k2013.htm", "calculatedOtherExpenses": 13399000, "calculatedOperatingExpenses": 349960000, "calculatedNetInterest": -5613000, "calculatedOtherIncome": -263000, "calculatedIncomeNonControlling": 0, "calculatedEbitda": 104375000}, {"date": "2012-12-31", "symbol": "CNMD", "reportedCurrency": "USD", "cik": "0000816956", "fillingDate": "2013-02-25", "acceptedDate": "2013-02-25 16:12:22", "calendarYear": "2012", "period": "FY", "revenue": 767140000, "costOfRevenue": 361297000, "grossProfit": 405843000, "grossProfitRatio": 0.5290338139, "researchAndDevelopmentExpenses": 28214000, "generalAndAdministrativeExpenses": 302469000, "sellingAndMarketingExpenses": 0, "sellingGeneralAndAdministrativeExpenses": 302469000, "otherExpenses": 7201000, "operatingExpenses": 340633000, "costAndExpenses": 701930000, "interestIncome": 0, "interestExpense": 5730000, "depreciationAndAmortization": 46616000, "ebitda": 111826000, "ebitdaratio": 0.1457700029, "operatingIncome": 65210000, "operatingIncomeRatio": 0.085004041, "totalOtherIncomeExpensesNet": -2749000, "incomeBeforeTax": 59480000, "incomeBeforeTaxRatio": 0.0775347394, "incomeTaxExpense": 18999000, "netIncome": 40481000, "netIncomeRatio": 0.0527687254, "eps": 1.43, "epsdiluted": 1.41, "weightedAverageShsOut": 28301000, "weightedAverageShsOutDil": 28653000, "link": "https://www.sec.gov/Archives/edgar/data/816956/000081695613000003/0000816956-13-000003-index.htm", "finalLink": "https://www.sec.gov/Archives/edgar/data/816956/000081695613000003/cnmd10k2012.htm", "calculatedOtherExpenses": 9950000, "calculatedOperatingExpenses": 340633000, "calculatedNetInterest": -5730000, "calculatedOtherIncome": 0, "calculatedIncomeNonControlling": 0, "calculatedEbitda": 111826000}, {"date": "2011-12-31", "symbol": "CNMD", "reportedCurrency": "USD", "cik": "0000816956", "fillingDate": "2012-02-28", "acceptedDate": "2012-02-28 14:17:21", "calendarYear": "2011", "period": "FY", "revenue": 725077000, "costOfRevenue": 350143000, "grossProfit": 374934000, "grossProfitRatio": 0.5170954257, "researchAndDevelopmentExpenses": 28651000, "generalAndAdministrativeExpenses": 277707000, "sellingAndMarketingExpenses": 0, "sellingGeneralAndAdministrativeExpenses": 277707000, "otherExpenses": 0, "operatingExpenses": 306358000, "costAndExpenses": 656501000, "interestIncome": 0, "interestExpense": 6676000, "depreciationAndAmortization": 42687000, "ebitda": 111263000, "ebitdaratio": 0.1534499095, "operatingIncome": 8274000, "operatingIncomeRatio": 0.0114112018, "totalOtherIncomeExpensesNet": -64205000, "incomeBeforeTax": -2305000, "incomeBeforeTaxRatio": -0.0031789727, "incomeTaxExpense": -3057000, "netIncome": 752000, "netIncomeRatio": 0.0010371312, "eps": 0.0266, "epsdiluted": 0.0263, "weightedAverageShsOut": 28246000, "weightedAverageShsOutDil": 28633000, "link": "https://www.sec.gov/Archives/edgar/data/816956/000081695612000007/0000816956-12-000007-index.htm", "finalLink": "https://www.sec.gov/Archives/edgar/data/816956/000081695612000007/cnmd10k.htm", "calculatedOtherExpenses": 60302000, "calculatedOperatingExpenses": 366660000, "calculatedNetInterest": -6676000, "calculatedOtherIncome": -3903000, "calculatedIncomeNonControlling": 0, "calculatedEbitda": 50961000}, {"date": "2010-12-31", "symbol": "CNMD", "reportedCurrency": "USD", "cik": "0000816956", "fillingDate": "2011-02-28", "acceptedDate": "2011-02-28 15:42:07", "calendarYear": "2010", "period": "FY", "revenue": 713723000, "costOfRevenue": 348339000, "grossProfit": 365384000, "grossProfitRatio": 0.511940907, "researchAndDevelopmentExpenses": 29652000, "generalAndAdministrativeExpenses": 276463000, "sellingAndMarketingExpenses": 0, "sellingGeneralAndAdministrativeExpenses": 276463000, "otherExpenses": 2176000, "operatingExpenses": 308291000, "costAndExpenses": 656630000, "interestIncome": 0, "interestExpense": 7113000, "depreciationAndAmortization": 41807000, "ebitda": 98900000, "ebitdaratio": 0.1385691648, "operatingIncome": 57093000, "operatingIncomeRatio": 0.0799932187, "totalOtherIncomeExpensesNet": -4323000, "incomeBeforeTax": 45657000, "incomeBeforeTaxRatio": 0.0639701957, "incomeTaxExpense": 15311000, "netIncome": 30346000, "netIncomeRatio": 0.0425178956, "eps": 1.06, "epsdiluted": 1.05, "weightedAverageShsOut": 28715000, "weightedAverageShsOutDil": 28911000, "link": "https://www.sec.gov/Archives/edgar/data/816956/000091431711000319/0000914317-11-000319-index.htm", "finalLink": "https://www.sec.gov/Archives/edgar/data/816956/000091431711000319/form10k-113048_cnmd.htm", "calculatedOtherExpenses": 2176000, "calculatedOperatingExpenses": 308291000, "calculatedNetInterest": -7113000, "calculatedOtherIncome": -4323000, "calculatedIncomeNonControlling": 0, "calculatedEbitda": 98900000}, {"date": "2009-12-31", "symbol": "CNMD", "reportedCurrency": "USD", "cik": "0000816956", "fillingDate": "2010-02-25", "acceptedDate": "2010-02-25 15:04:28", "calendarYear": "2009", "period": "FY", "revenue": 694739000, "costOfRevenue": 357407000, "grossProfit": 337332000, "grossProfitRatio": 0.4855521282, "researchAndDevelopmentExpenses": 31837000, "generalAndAdministrativeExpenses": 266310000, "sellingAndMarketingExpenses": 0, "sellingGeneralAndAdministrativeExpenses": 266310000, "otherExpenses": 10916000, "operatingExpenses": 309063000, "costAndExpenses": 666470000, "interestIncome": 0, "interestExpense": 7086000, "depreciationAndAmortization": 41283000, "ebitda": 69552000, "ebitdaratio": 0.1001124163, "operatingIncome": 28269000, "operatingIncomeRatio": 0.0406901009, "totalOtherIncomeExpensesNet": -3028000, "incomeBeforeTax": 18155000, "incomeBeforeTaxRatio": 0.0261321158, "incomeTaxExpense": 6018000, "netIncome": 12137000, "netIncomeRatio": 0.01746987, "eps": 0.42, "epsdiluted": 0.42, "weightedAverageShsOut": 29074000, "weightedAverageShsOutDil": 29142000, "link": "https://www.sec.gov/Archives/edgar/data/816956/000091431710000357/0000914317-10-000357-index.htm", "finalLink": "https://www.sec.gov/Archives/edgar/data/816956/000091431710000357/form10k-105738_cnmd.htm", "calculatedOtherExpenses": 10916000, "calculatedOperatingExpenses": 309063000, "calculatedNetInterest": -7086000, "calculatedOtherIncome": -3028000, "calculatedIncomeNonControlling": 0, "calculatedEbitda": 69552000}, {"date": "2008-12-31", "symbol": "CNMD", "reportedCurrency": "USD", "cik": "0000816956", "fillingDate": "2009-02-24", "acceptedDate": "2009-02-24 15:25:51", "calendarYear": "2008", "period": "FY", "revenue": 742183000, "costOfRevenue": 359802000, "grossProfit": 382381000, "grossProfitRatio": 0.515211208, "researchAndDevelopmentExpenses": 33108000, "generalAndAdministrativeExpenses": 272437000, "sellingAndMarketingExpenses": 0, "sellingGeneralAndAdministrativeExpenses": 272437000, "otherExpenses": 1577000, "operatingExpenses": 307122000, "costAndExpenses": 666924000, "interestIncome": 0, "interestExpense": 10372000, "depreciationAndAmortization": 32336000, "ebitda": 107595000, "ebitdaratio": 0.1449709842, "operatingIncome": 75259000, "operatingIncomeRatio": 0.1014022148, "totalOtherIncomeExpensesNet": 4376000, "incomeBeforeTax": 69263000, "incomeBeforeTaxRatio": 0.0933233448, "incomeTaxExpense": 24702000, "netIncome": 44561000, "netIncomeRatio": 0.0600404482, "eps": 1.55, "epsdiluted": 1.52, "weightedAverageShsOut": 28796000, "weightedAverageShsOutDil": 29227000, "link": "https://www.sec.gov/Archives/edgar/data/816956/000091431709000511/0000914317-09-000511-index.htm", "finalLink": "https://www.sec.gov/Archives/edgar/data/816956/000091431709000511/form10k-98022_cnmd.htm", "calculatedOtherExpenses": 1577000, "calculatedOperatingExpenses": 307122000, "calculatedNetInterest": -10372000, "calculatedOtherIncome": 4376000, "calculatedIncomeNonControlling": 0, "calculatedEbitda": 107595000}, {"date": "2007-12-31", "symbol": "CNMD", "reportedCurrency": "USD", "cik": "0000816956", "fillingDate": "2008-02-26", "acceptedDate": "2008-02-26 16:38:52", "calendarYear": "2007", "period": "FY", "revenue": 694288000, "costOfRevenue": 345163000, "grossProfit": 349125000, "grossProfitRatio": 0.5028532828, "researchAndDevelopmentExpenses": 30400000, "generalAndAdministrativeExpenses": 240541000, "sellingAndMarketingExpenses": 0, "sellingGeneralAndAdministrativeExpenses": 240541000, "otherExpenses": -4629000, "operatingExpenses": 266312000, "costAndExpenses": 611475000, "interestIncome": 0, "interestExpense": 16234000, "depreciationAndAmortization": 31534000, "ebitda": 111540000, "ebitdaratio": 0.1606537921, "operatingIncome": 80991000, "operatingIncomeRatio": 0.1166533197, "totalOtherIncomeExpensesNet": 2807000, "incomeBeforeTax": 64757000, "incomeBeforeTaxRatio": 0.0932710921, "incomeTaxExpense": 23301000, "netIncome": 41456000, "netIncomeRatio": 0.0597100915, "eps": 1.46, "epsdiluted": 1.43, "weightedAverageShsOut": 28394521, "weightedAverageShsOutDil": 28990210, "link": "https://www.sec.gov/Archives/edgar/data/816956/000091431708000611/0000914317-08-000611-index.htm", "finalLink": "https://www.sec.gov/Archives/edgar/data/816956/000091431708000611/form10k.htm", "calculatedOtherExpenses": -2807000, "calculatedOperatingExpenses": 268134000, "calculatedNetInterest": -16234000, "calculatedOtherIncome": 0, "calculatedIncomeNonControlling": 0, "calculatedEbitda": 112525000}, {"date": "2006-12-31", "symbol": "CNMD", "reportedCurrency": "USD", "cik": "0000816956", "fillingDate": "2007-02-27", "acceptedDate": "2007-02-27 16:10:19", "calendarYear": "2006", "period": "FY", "revenue": 646812000, "costOfRevenue": 333966000, "grossProfit": 312846000, "grossProfitRatio": 0.4836737723, "researchAndDevelopmentExpenses": 30715000, "generalAndAdministrativeExpenses": 234832000, "sellingAndMarketingExpenses": 0, "sellingGeneralAndAdministrativeExpenses": 234832000, "otherExpenses": 51902000, "operatingExpenses": 317449000, "costAndExpenses": 651415000, "interestIncome": 0, "interestExpense": 19120000, "depreciationAndAmortization": 29851000, "ebitda": 77828000, "ebitdaratio": 0.1203255351, "operatingIncome": -4603000, "operatingIncomeRatio": -0.0071164419, "totalOtherIncomeExpensesNet": -52580000, "incomeBeforeTax": -24401000, "incomeBeforeTaxRatio": -0.0377250267, "incomeTaxExpense": -11894000, "netIncome": -12507000, "netIncomeRatio": -0.0193363759, "eps": -0.45, "epsdiluted": -0.45, "weightedAverageShsOut": 27793333, "weightedAverageShsOutDil": 27793333, "link": "https://www.sec.gov/Archives/edgar/data/816956/000091431707000529/0000914317-07-000529-index.htm", "finalLink": "https://www.sec.gov/Archives/edgar/data/816956/000091431707000529/form10k-82160_cnmd.htm", "calculatedOtherExpenses": 51902000, "calculatedOperatingExpenses": 317449000, "calculatedNetInterest": -19120000, "calculatedOtherIncome": -678000, "calculatedIncomeNonControlling": 0, "calculatedEbitda": 25248000}, {"date": "2005-12-31", "symbol": "CNMD", "reportedCurrency": "USD", "cik": "0000816956", "fillingDate": "2006-03-10", "acceptedDate": "2006-03-10 16:33:15", "calendarYear": "2005", "period": "FY", "revenue": 617305000, "costOfRevenue": 304284000, "grossProfit": 313021000, "grossProfitRatio": 0.5070767287, "researchAndDevelopmentExpenses": 25469000, "generalAndAdministrativeExpenses": 216685000, "sellingAndMarketingExpenses": 0, "sellingGeneralAndAdministrativeExpenses": 216685000, "otherExpenses": 7119000, "operatingExpenses": 249273000, "costAndExpenses": 553557000, "interestIncome": 0, "interestExpense": 15578000, "depreciationAndAmortization": 30786000, "ebitda": 101653000, "ebitdaratio": 0.1646722447, "operatingIncome": 63748000, "operatingIncomeRatio": 0.1032682386, "totalOtherIncomeExpensesNet": -7119000, "incomeBeforeTax": 48170000, "incomeBeforeTaxRatio": 0.0780327391, "incomeTaxExpense": 16176000, "netIncome": 31994000, "netIncomeRatio": 0.0518285126, "eps": 1.09, "epsdiluted": 1.08, "weightedAverageShsOut": 29352294, "weightedAverageShsOutDil": 29624074, "link": "https://www.sec.gov/Archives/edgar/data/816956/000091431706000770/0000914317-06-000770-index.htm", "finalLink": "https://www.sec.gov/Archives/edgar/data/816956/000091431706000770/form10k-74773_cnmd.htm", "calculatedOtherExpenses": 7119000, "calculatedOperatingExpenses": 249273000, "calculatedNetInterest": -15578000, "calculatedOtherIncome": 0, "calculatedIncomeNonControlling": 0, "calculatedEbitda": 94534000}, {"date": "2004-12-31", "symbol": "CNMD", "reportedCurrency": "USD", "cik": "0000816956", "fillingDate": "2005-03-16", "acceptedDate": "2005-03-16 13:02:28", "calendarYear": "2004", "period": "FY", "revenue": 558388000, "costOfRevenue": 271496000, "grossProfit": 286892000, "grossProfitRatio": 0.5137861129, "researchAndDevelopmentExpenses": 20205000, "generalAndAdministrativeExpenses": 183183000, "sellingAndMarketingExpenses": 0, "sellingGeneralAndAdministrativeExpenses": 183183000, "otherExpenses": 20343000, "operatingExpenses": 223731000, "costAndExpenses": 495227000, "interestIncome": 0, "interestExpense": 0, "depreciationAndAmortization": 26868000, "ebitda": 111197000, "ebitdaratio": 0.1991393082, "operatingIncome": 63161000, "operatingIncomeRatio": 0.1131131041, "totalOtherIncomeExpensesNet": -21168000, "incomeBeforeTax": 49562000, "incomeBeforeTaxRatio": 0.0887590708, "incomeTaxExpense": 16097000, "netIncome": 33465000, "netIncomeRatio": 0.0599314455, "eps": 1.13, "epsdiluted": 1.11, "weightedAverageShsOut": 29615044, "weightedAverageShsOutDil": 30148649, "link": "https://www.sec.gov/Archives/edgar/data/816956/000091431705000930/0000914317-05-000930-index.htm", "finalLink": "https://www.sec.gov/Archives/edgar/data/816956/000091431705000930/form10k-65888_conmed.txt", "calculatedOtherExpenses": 20343000, "calculatedOperatingExpenses": 223731000, "calculatedNetInterest": 0, "calculatedOtherIncome": -13599000, "calculatedIncomeNonControlling": 0, "calculatedEbitda": 90029000}, {"date": "2003-12-31", "symbol": "CNMD", "reportedCurrency": "USD", "cik": "0000816956", "fillingDate": "2004-03-15", "acceptedDate": "2004-03-15 16:37:35", "calendarYear": "2003", "period": "FY", "revenue": 497130000, "costOfRevenue": 237433000, "grossProfit": 259697000, "grossProfitRatio": 0.5223925331, "researchAndDevelopmentExpenses": 17306000, "generalAndAdministrativeExpenses": 157453000, "sellingAndMarketingExpenses": 0, "sellingGeneralAndAdministrativeExpenses": 157453000, "otherExpenses": -2917000, "operatingExpenses": 171842000, "costAndExpenses": 409275000, "interestIncome": 0, "interestExpense": 0, "depreciationAndAmortization": 24854000, "ebitda": 125770000, "ebitdaratio": 0.2529921751, "operatingIncome": 79955000, "operatingIncomeRatio": 0.1608331825, "totalOtherIncomeExpensesNet": -13061000, "incomeBeforeTax": 53009000, "incomeBeforeTaxRatio": 0.1066300565, "incomeTaxExpense": 20927000, "netIncome": 32082000, "netIncomeRatio": 0.0645344276, "eps": 1.11, "epsdiluted": 1.1, "weightedAverageShsOut": 28902703, "weightedAverageShsOutDil": 29165455, "link": "https://www.sec.gov/Archives/edgar/data/816956/000091431704001204/0000914317-04-001204-index.htm", "finalLink": "https://www.sec.gov/Archives/edgar/data/816956/000091431704001204/form10k58475.txt", "calculatedOtherExpenses": 4983000, "calculatedOperatingExpenses": 179742000, "calculatedNetInterest": 0, "calculatedOtherIncome": -26946000, "calculatedIncomeNonControlling": 0, "calculatedEbitda": 104809000}, {"date": "2002-12-31", "symbol": "CNMD", "reportedCurrency": "USD", "cik": "0000816956", "fillingDate": "2002-12-31", "acceptedDate": "2002-12-30 19:00:00", "calendarYear": "2002", "period": "FY", "revenue": 453062000, "costOfRevenue": 215891000, "grossProfit": 237171000, "grossProfitRatio": 0.5234846445, "researchAndDevelopmentExpenses": 16087000, "generalAndAdministrativeExpenses": 141735000, "sellingAndMarketingExpenses": 0, "sellingGeneralAndAdministrativeExpenses": 141735000, "otherExpenses": 0, "operatingExpenses": 157822000, "costAndExpenses": 373713000, "interestIncome": 0, "interestExpense": 0, "depreciationAndAmortization": 22370000, "ebitda": 101719000, "ebitdaratio": 0.2245145256, "operatingIncome": 79349000, "operatingIncomeRatio": 0.1751393849, "totalOtherIncomeExpensesNet": -24513000, "incomeBeforeTax": 54836000, "incomeBeforeTaxRatio": 0.1210342072, "incomeTaxExpense": 19741000, "netIncome": 34151000, "netIncomeRatio": 0.0753782043, "eps": 1.25, "epsdiluted": 1.23, "weightedAverageShsOut": 27320800, "weightedAverageShsOutDil": 27765041, "link": "", "finalLink": "", "calculatedOtherExpenses": 0, "calculatedOperatingExpenses": 157822000, "calculatedNetInterest": 0, "calculatedOtherIncome": -24513000, "calculatedIncomeNonControlling": 944000, "calculatedEbitda": 101719000}, {"date": "2001-12-31", "symbol": "CNMD", "reportedCurrency": "USD", "cik": "0000816956", "fillingDate": "2002-03-29", "acceptedDate": "2002-03-29 00:00:00", "calendarYear": "2001", "period": "FY", "revenue": 428722000, "costOfRevenue": 204374000, "grossProfit": 224348000, "grossProfitRatio": 0.5232948158, "researchAndDevelopmentExpenses": 14830000, "generalAndAdministrativeExpenses": 140560000, "sellingAndMarketingExpenses": 0, "sellingGeneralAndAdministrativeExpenses": 140560000, "otherExpenses": 0, "operatingExpenses": 155390000, "costAndExpenses": 359764000, "interestIncome": 0, "interestExpense": 0, "depreciationAndAmortization": 30148000, "ebitda": 99106000, "ebitdaratio": 0.231166117, "operatingIncome": 68958000, "operatingIncomeRatio": 0.1608454896, "totalOtherIncomeExpensesNet": -30824000, "incomeBeforeTax": 38134000, "incomeBeforeTaxRatio": 0.0889480829, "incomeTaxExpense": 13728000, "netIncome": 24406000, "netIncomeRatio": 0.0569273329, "eps": 1.02, "epsdiluted": 1, "weightedAverageShsOut": 23927451, "weightedAverageShsOutDil": 24406000, "link": "https://www.sec.gov/Archives/edgar/data/816956/000091431702000309/0000914317-02-000309-index.htm", "finalLink": "https://www.sec.gov/Archives/edgar/data/816956/000091431702000309/form10k-42816_32602.txt", "calculatedOtherExpenses": 0, "calculatedOperatingExpenses": 155390000, "calculatedNetInterest": 0, "calculatedOtherIncome": -30824000, "calculatedIncomeNonControlling": 0, "calculatedEbitda": 99106000}, {"date": "2000-12-31", "symbol": "CNMD", "reportedCurrency": "USD", "cik": "0000816956", "fillingDate": "2001-03-29", "acceptedDate": "2001-03-29 00:00:00", "calendarYear": "2000", "period": "FY", "revenue": 392230000, "costOfRevenue": 158736000, "grossProfit": 233494000, "grossProfitRatio": 0.5952986768, "researchAndDevelopmentExpenses": 14870000, "generalAndAdministrativeExpenses": 124673000, "sellingAndMarketingExpenses": 0, "sellingGeneralAndAdministrativeExpenses": 124673000, "otherExpenses": 29487000, "operatingExpenses": 169030000, "costAndExpenses": 327766000, "interestIncome": 0, "interestExpense": 0, "depreciationAndAmortization": 29487000, "ebitda": 93951000, "ebitdaratio": 0.2395303776, "operatingIncome": 64464000, "operatingIncomeRatio": 0.1643525482, "totalOtherIncomeExpensesNet": -34286000, "incomeBeforeTax": 30178000, "incomeBeforeTaxRatio": 0.0769395508, "incomeTaxExpense": 10864000, "netIncome": 19314000, "netIncomeRatio": 0.0492415165, "eps": 0.84, "epsdiluted": 0.83, "weightedAverageShsOut": 22992857, "weightedAverageShsOutDil": 23269880, "link": "https://www.sec.gov/Archives/edgar/data/816956/000091431701000237/0000914317-01-000237-index.htm", "finalLink": "https://www.sec.gov/Archives/edgar/data/816956/000091431701000237/0000914317-01-000237-0001.txt", "calculatedOtherExpenses": 29487000, "calculatedOperatingExpenses": 169030000, "calculatedNetInterest": 0, "calculatedOtherIncome": -34286000, "calculatedIncomeNonControlling": 0, "calculatedEbitda": 93951000}, {"date": "1999-12-31", "symbol": "CNMD", "reportedCurrency": "USD", "cik": "0000816956", "fillingDate": "2000-03-28", "acceptedDate": "2000-03-28 00:00:00", "calendarYear": "1999", "period": "FY", "revenue": 372600000, "costOfRevenue": 152800000, "grossProfit": 219800000, "grossProfitRatio": 0.5899087493, "researchAndDevelopmentExpenses": 12100000, "generalAndAdministrativeExpenses": 107200000, "sellingAndMarketingExpenses": 0, "sellingGeneralAndAdministrativeExpenses": 107200000, "otherExpenses": 25700000, "operatingExpenses": 145000000, "costAndExpenses": 297800000, "interestIncome": 0, "interestExpense": 0, "depreciationAndAmortization": 25700000, "ebitda": 100500000, "ebitdaratio": 0.269726248, "operatingIncome": 74800000, "operatingIncomeRatio": 0.2007514761, "totalOtherIncomeExpensesNet": -32300000, "incomeBeforeTax": 42500000, "incomeBeforeTaxRatio": 0.1140633387, "incomeTaxExpense": 15300000, "netIncome": 27200000, "netIncomeRatio": 0.0730005368, "eps": 1.19, "epsdiluted": 1.17, "weightedAverageShsOut": 22909893, "weightedAverageShsOutDil": 23170233, "link": "https://www.sec.gov/Archives/edgar/data/816956/000091431700000225/0000914317-00-000225-index.html", "finalLink": "https://www.sec.gov/Archives/edgar/data/816956/000091431700000225/", "calculatedOtherExpenses": 25700000, "calculatedOperatingExpenses": 145000000, "calculatedNetInterest": 0, "calculatedOtherIncome": -32300000, "calculatedIncomeNonControlling": 0, "calculatedEbitda": 100500000}, {"date": "1998-12-31", "symbol": "CNMD", "reportedCurrency": "USD", "cik": "0000816956", "fillingDate": "1999-03-31", "acceptedDate": "1999-03-31 00:00:00", "calendarYear": "1998", "period": "FY", "revenue": 336400000, "costOfRevenue": 146000000, "grossProfit": 190400000, "grossProfitRatio": 0.5659928656, "researchAndDevelopmentExpenses": 12000000, "generalAndAdministrativeExpenses": 93600000, "sellingAndMarketingExpenses": 0, "sellingGeneralAndAdministrativeExpenses": 93600000, "otherExpenses": 23600000, "operatingExpenses": 129200000, "costAndExpenses": 275200000, "interestIncome": 0, "interestExpense": 0, "depreciationAndAmortization": 23600000, "ebitda": 84800000, "ebitdaratio": 0.2520808561, "operatingIncome": 61200000, "operatingIncomeRatio": 0.1819262782, "totalOtherIncomeExpensesNet": -30900000, "incomeBeforeTax": 30300000, "incomeBeforeTaxRatio": 0.0900713436, "incomeTaxExpense": 10900000, "netIncome": 17800000, "netIncomeRatio": 0.0529131986, "eps": 0.79, "epsdiluted": 0.77, "weightedAverageShsOut": 22627119, "weightedAverageShsOutDil": 23017241, "link": "https://www.sec.gov/Archives/edgar/data/816956/000091431799000196/0000914317-99-000196-index.html", "finalLink": "https://www.sec.gov/Archives/edgar/data/816956/", "calculatedOtherExpenses": 23600000, "calculatedOperatingExpenses": 129200000, "calculatedNetInterest": 0, "calculatedOtherIncome": -30900000, "calculatedIncomeNonControlling": 1600000, "calculatedEbitda": 84800000}, {"date": "1997-12-31", "symbol": "CNMD", "reportedCurrency": "USD", "cik": "0000816956", "fillingDate": "1998-02-24", "acceptedDate": "1998-02-24 00:00:00", "calendarYear": "1997", "period": "FY", "revenue": 138300000, "costOfRevenue": 67200000, "grossProfit": 71100000, "grossProfitRatio": 0.5140997831, "researchAndDevelopmentExpenses": 3000000, "generalAndAdministrativeExpenses": 35300000, "sellingAndMarketingExpenses": 0, "sellingGeneralAndAdministrativeExpenses": 35300000, "otherExpenses": 7000000, "operatingExpenses": 45300000, "costAndExpenses": 112500000, "interestIncome": 0, "interestExpense": 0, "depreciationAndAmortization": 7000000, "ebitda": 69200000, "ebitdaratio": 0.5003615329, "operatingIncome": 25800000, "operatingIncomeRatio": 0.1865509761, "totalOtherIncomeExpensesNet": -36400000, "incomeBeforeTax": -10700000, "incomeBeforeTaxRatio": -0.0773680405, "incomeTaxExpense": -3600000, "netIncome": -7100000, "netIncomeRatio": -0.0513376717, "eps": -0.31, "epsdiluted": -0.31, "weightedAverageShsOut": 22648250, "weightedAverageShsOutDil": 22648250, "link": "https://www.sec.gov/Archives/edgar/data/816956/000095012398001913/0000950123-98-001913-index.html", "finalLink": "https://www.sec.gov/Archives/edgar/data/816956/", "calculatedOtherExpenses": 7000000, "calculatedOperatingExpenses": 45300000, "calculatedNetInterest": 0, "calculatedOtherIncome": -36500000, "calculatedIncomeNonControlling": 0, "calculatedEbitda": 32800000}, {"date": "1996-12-31", "symbol": "CNMD", "reportedCurrency": "USD", "cik": "0000816956", "fillingDate": "1997-03-27", "acceptedDate": "1997-03-27 00:00:00", "calendarYear": "1996", "period": "FY", "revenue": 125600000, "costOfRevenue": 59000000, "grossProfit": 66600000, "grossProfitRatio": 0.5302547771, "researchAndDevelopmentExpenses": 3000000, "generalAndAdministrativeExpenses": 31600000, "sellingAndMarketingExpenses": 0, "sellingGeneralAndAdministrativeExpenses": 31600000, "otherExpenses": 6400000, "operatingExpenses": 41000000, "costAndExpenses": 100000000, "interestIncome": 0, "interestExpense": 0, "depreciationAndAmortization": 6400000, "ebitda": 32000000, "ebitdaratio": 0.2547770701, "operatingIncome": 25600000, "operatingIncomeRatio": 0.2038216561, "totalOtherIncomeExpensesNet": -100000, "incomeBeforeTax": 25500000, "incomeBeforeTaxRatio": 0.2030254777, "incomeTaxExpense": 9200000, "netIncome": 16300000, "netIncomeRatio": 0.1297770701, "eps": 0.77, "epsdiluted": 0.75, "weightedAverageShsOut": 21067053, "weightedAverageShsOutDil": 21819447, "link": "https://www.sec.gov/Archives/edgar/data/816956/000091431797000105/0000914317-97-000105-index.html", "finalLink": "https://www.sec.gov/Archives/edgar/data/816956/", "calculatedOtherExpenses": 6400000, "calculatedOperatingExpenses": 41000000, "calculatedNetInterest": 0, "calculatedOtherIncome": -100000, "calculatedIncomeNonControlling": 0, "calculatedEbitda": 32000000}, {"date": "1995-12-31", "symbol": "CNMD", "reportedCurrency": "USD", "cik": "0000816956", "fillingDate": "1996-03-29", "acceptedDate": "1996-03-29 00:00:00", "calendarYear": "1995", "period": "FY", "revenue": 99600000, "costOfRevenue": 47400000, "grossProfit": 52200000, "grossProfitRatio": 0.5240963855, "researchAndDevelopmentExpenses": 2800000, "generalAndAdministrativeExpenses": 25600000, "sellingAndMarketingExpenses": 0, "sellingGeneralAndAdministrativeExpenses": 25600000, "otherExpenses": 0, "operatingExpenses": 33400000, "costAndExpenses": 80800000, "interestIncome": 0, "interestExpense": -2000000, "depreciationAndAmortization": 5000000, "ebitda": 23800000, "ebitdaratio": 0.2389558233, "operatingIncome": 18800000, "operatingIncomeRatio": 0.1887550201, "totalOtherIncomeExpensesNet": -2000000, "incomeBeforeTax": 16800000, "incomeBeforeTaxRatio": 0.1686746988, "incomeTaxExpense": 5900000, "netIncome": 10900000, "netIncomeRatio": 0.109437751, "eps": 0.64, "epsdiluted": 0.63, "weightedAverageShsOut": 17036936, "weightedAverageShsOutDil": 17419500, "link": "https://www.sec.gov/Archives/edgar/data/816956/000091431796000058/0000914317-96-000058-index.html", "finalLink": "https://www.sec.gov/Archives/edgar/data/816956/", "calculatedOtherExpenses": 5000000, "calculatedOperatingExpenses": 33400000, "calculatedNetInterest": 2000000, "calculatedOtherIncome": -4000000, "calculatedIncomeNonControlling": 0, "calculatedEbitda": 23800000}, {"date": "1994-12-30", "symbol": "CNMD", "reportedCurrency": "USD", "cik": "0000816956", "fillingDate": "1995-12-21", "acceptedDate": "1995-12-21 00:00:00", "calendarYear": "1994", "period": "FY", "revenue": 71100000, "costOfRevenue": 34900000, "grossProfit": 36200000, "grossProfitRatio": 0.5091420534, "researchAndDevelopmentExpenses": 2400000, "generalAndAdministrativeExpenses": 21000000, "sellingAndMarketingExpenses": 0, "sellingGeneralAndAdministrativeExpenses": 21000000, "otherExpenses": 3900000, "operatingExpenses": 27300000, "costAndExpenses": 62200000, "interestIncome": 0, "interestExpense": 0, "depreciationAndAmortization": 3900000, "ebitda": 12800000, "ebitdaratio": 0.1800281294, "operatingIncome": 8900000, "operatingIncomeRatio": 0.1251758087, "totalOtherIncomeExpensesNet": -600000, "incomeBeforeTax": 8300000, "incomeBeforeTaxRatio": 0.1167369902, "incomeTaxExpense": 2900000, "netIncome": 5400000, "netIncomeRatio": 0.0759493671, "eps": 0.4, "epsdiluted": 0.37, "weightedAverageShsOut": 13493253, "weightedAverageShsOutDil": 14457057, "link": "https://www.sec.gov/Archives/edgar/data/816956/000091431795000125/0000914317-95-000125-index.html", "finalLink": "https://www.sec.gov/Archives/edgar/data/816956/", "calculatedOtherExpenses": 3900000, "calculatedOperatingExpenses": 27300000, "calculatedNetInterest": 0, "calculatedOtherIncome": -600000, "calculatedIncomeNonControlling": 0, "calculatedEbitda": 12800000}, {"date": "1993-12-31", "symbol": "CNMD", "reportedCurrency": "USD", "cik": "0000816956", "fillingDate": "1993-12-31", "acceptedDate": "1993-12-30 19:00:00", "calendarYear": "1993", "period": "FY", "revenue": 53600000, "costOfRevenue": 26900000, "grossProfit": 26700000, "grossProfitRatio": 0.4981343284, "researchAndDevelopmentExpenses": 0, "generalAndAdministrativeExpenses": 25300000, "sellingAndMarketingExpenses": 0, "sellingGeneralAndAdministrativeExpenses": 25300000, "otherExpenses": 3300000, "operatingExpenses": 28600000, "costAndExpenses": 55500000, "interestIncome": 0, "interestExpense": 0, "depreciationAndAmortization": 3300000, "ebitda": 1600000, "ebitdaratio": 0.0298507463, "operatingIncome": -1900000, "operatingIncomeRatio": -0.0354477612, "totalOtherIncomeExpensesNet": -200000, "incomeBeforeTax": -2100000, "incomeBeforeTaxRatio": -0.0391791045, "incomeTaxExpense": -700000, "netIncome": -1400000, "netIncomeRatio": -0.026119403, "eps": -0.11, "epsdiluted": -0.11, "weightedAverageShsOut": 13118441, "weightedAverageShsOutDil": 13118441, "link": "", "finalLink": "", "calculatedOtherExpenses": 3300000, "calculatedOperatingExpenses": 28600000, "calculatedNetInterest": 0, "calculatedOtherIncome": -200000, "calculatedIncomeNonControlling": 0, "calculatedEbitda": 1400000}, {"date": "1992-12-31", "symbol": "CNMD", "reportedCurrency": "USD", "cik": "0000816956", "fillingDate": "1992-12-31", "acceptedDate": "1992-12-30 19:00:00", "calendarYear": "1992", "period": "FY", "revenue": 42600000, "costOfRevenue": 20300000, "grossProfit": 22300000, "grossProfitRatio": 0.5234741784, "researchAndDevelopmentExpenses": 0, "generalAndAdministrativeExpenses": 14300000, "sellingAndMarketingExpenses": 0, "sellingGeneralAndAdministrativeExpenses": 14300000, "otherExpenses": 2200000, "operatingExpenses": 16500000, "costAndExpenses": 36800000, "interestIncome": 0, "interestExpense": 0, "depreciationAndAmortization": 2200000, "ebitda": 7700000, "ebitdaratio": 0.1807511737, "operatingIncome": 5800000, "operatingIncomeRatio": 0.1361502347, "totalOtherIncomeExpensesNet": 300000, "incomeBeforeTax": 6100000, "incomeBeforeTaxRatio": 0.1431924883, "incomeTaxExpense": 2000000, "netIncome": 4100000, "netIncomeRatio": 0.0962441315, "eps": 0.28, "epsdiluted": 0.28, "weightedAverageShsOut": 14635539, "weightedAverageShsOutDil": 14635539, "link": "", "finalLink": "", "calculatedOtherExpenses": 2200000, "calculatedOperatingExpenses": 16500000, "calculatedNetInterest": 0, "calculatedOtherIncome": 300000, "calculatedIncomeNonControlling": 0, "calculatedEbitda": 8000000}, {"date": "1991-12-31", "symbol": "CNMD", "reportedCurrency": "USD", "cik": "0000816956", "fillingDate": "1991-12-31", "acceptedDate": "1991-12-30 19:00:00", "calendarYear": "1991", "period": "FY", "revenue": 38500000, "costOfRevenue": 18400000, "grossProfit": 20100000, "grossProfitRatio": 0.5220779221, "researchAndDevelopmentExpenses": 0, "generalAndAdministrativeExpenses": 11900000, "sellingAndMarketingExpenses": 0, "sellingGeneralAndAdministrativeExpenses": 11900000, "otherExpenses": 2100000, "operatingExpenses": 14000000, "costAndExpenses": 32400000, "interestIncome": 0, "interestExpense": 0, "depreciationAndAmortization": 2100000, "ebitda": 7900000, "ebitdaratio": 0.2051948052, "operatingIncome": 6100000, "operatingIncomeRatio": 0.1584415584, "totalOtherIncomeExpensesNet": 300000, "incomeBeforeTax": 5900000, "incomeBeforeTaxRatio": 0.1532467532, "incomeTaxExpense": 2000000, "netIncome": 3900000, "netIncomeRatio": 0.1012987013, "eps": 0.31, "epsdiluted": 0.31, "weightedAverageShsOut": 12711036, "weightedAverageShsOutDil": 12711036, "link": "", "finalLink": "", "calculatedOtherExpenses": 2100000, "calculatedOperatingExpenses": 14000000, "calculatedNetInterest": 0, "calculatedOtherIncome": -200000, "calculatedIncomeNonControlling": 0, "calculatedEbitda": 8200000}, {"date": "1990-12-31", "symbol": "CNMD", "reportedCurrency": "USD", "cik": "0000816956", "fillingDate": "1990-12-31", "acceptedDate": "1990-12-30 19:00:00", "calendarYear": "1990", "period": "FY", "revenue": 31400000, "costOfRevenue": 15300000, "grossProfit": 16100000, "grossProfitRatio": 0.5127388535, "researchAndDevelopmentExpenses": 0, "generalAndAdministrativeExpenses": 10100000, "sellingAndMarketingExpenses": 0, "sellingGeneralAndAdministrativeExpenses": 10100000, "otherExpenses": 1600000, "operatingExpenses": 11700000, "costAndExpenses": 27000000, "interestIncome": 0, "interestExpense": 0, "depreciationAndAmortization": 1600000, "ebitda": 6000000, "ebitdaratio": 0.1910828025, "operatingIncome": 4400000, "operatingIncomeRatio": 0.1401273885, "totalOtherIncomeExpensesNet": -700000, "incomeBeforeTax": 3700000, "incomeBeforeTaxRatio": 0.1178343949, "incomeTaxExpense": 1300000, "netIncome": 2400000, "netIncomeRatio": 0.076433121, "eps": 0.25, "epsdiluted": 0.25, "weightedAverageShsOut": 9724867, "weightedAverageShsOutDil": 9724867, "link": "", "finalLink": "", "calculatedOtherExpenses": 1600000, "calculatedOperatingExpenses": 11700000, "calculatedNetInterest": 0, "calculatedOtherIncome": -700000, "calculatedIncomeNonControlling": 0, "calculatedEbitda": 6000000}, {"date": "1989-12-31", "symbol": "CNMD", "reportedCurrency": "USD", "cik": "0000816956", "fillingDate": "1989-12-31", "acceptedDate": "1989-12-30 19:00:00", "calendarYear": "1989", "period": "FY", "revenue": 19900000, "costOfRevenue": 11700000, "grossProfit": 8200000, "grossProfitRatio": 0.4120603015, "researchAndDevelopmentExpenses": 0, "generalAndAdministrativeExpenses": 6900000, "sellingAndMarketingExpenses": 0, "sellingGeneralAndAdministrativeExpenses": 6900000, "otherExpenses": 1000000, "operatingExpenses": 7900000, "costAndExpenses": 19600000, "interestIncome": 0, "interestExpense": 0, "depreciationAndAmortization": 1000000, "ebitda": 1200000, "ebitdaratio": 0.0603015075, "operatingIncome": 300000, "operatingIncomeRatio": 0.0150753769, "totalOtherIncomeExpensesNet": 100000, "incomeBeforeTax": 200000, "incomeBeforeTaxRatio": 0.0100502513, "incomeTaxExpense": 100000, "netIncome": -300000, "netIncomeRatio": -0.0150753769, "eps": -0.0267, "epsdiluted": -0.0267, "weightedAverageShsOut": 11244378, "weightedAverageShsOutDil": 11244378, "link": "", "finalLink": "", "calculatedOtherExpenses": 1000000, "calculatedOperatingExpenses": 7900000, "calculatedNetInterest": 0, "calculatedOtherIncome": -100000, "calculatedIncomeNonControlling": 400000, "calculatedEbitda": 1300000}, {"date": "1988-12-31", "symbol": "CNMD", "reportedCurrency": "USD", "cik": "0000816956", "fillingDate": "1988-12-31", "acceptedDate": "1988-12-30 19:00:00", "calendarYear": "1988", "period": "FY", "revenue": 14200000, "costOfRevenue": 7500000, "grossProfit": 6700000, "grossProfitRatio": 0.4718309859, "researchAndDevelopmentExpenses": 0, "generalAndAdministrativeExpenses": 5000000, "sellingAndMarketingExpenses": 0, "sellingGeneralAndAdministrativeExpenses": 5000000, "otherExpenses": 600000, "operatingExpenses": 5600000, "costAndExpenses": 13100000, "interestIncome": 0, "interestExpense": 0, "depreciationAndAmortization": 600000, "ebitda": 1500000, "ebitdaratio": 0.1056338028, "operatingIncome": 1100000, "operatingIncomeRatio": 0.0774647887, "totalOtherIncomeExpensesNet": 200000, "incomeBeforeTax": 1200000, "incomeBeforeTaxRatio": 0.0845070423, "incomeTaxExpense": 400000, "netIncome": 800000, "netIncomeRatio": 0.0563380282, "eps": 0.08, "epsdiluted": 0.08, "weightedAverageShsOut": 9995002, "weightedAverageShsOutDil": 9995002, "link": "", "finalLink": "", "calculatedOtherExpenses": 600000, "calculatedOperatingExpenses": 5600000, "calculatedNetInterest": 0, "calculatedOtherIncome": 100000, "calculatedIncomeNonControlling": 0, "calculatedEbitda": 1700000}, {"date": "1987-12-31", "symbol": "CNMD", "reportedCurrency": "USD", "cik": "0000816956", "fillingDate": "1987-12-31", "acceptedDate": "1987-12-30 19:00:00", "calendarYear": "1987", "period": "FY", "revenue": 12500000, "costOfRevenue": 6400000, "grossProfit": 6100000, "grossProfitRatio": 0.488, "researchAndDevelopmentExpenses": 0, "generalAndAdministrativeExpenses": 3900000, "sellingAndMarketingExpenses": 0, "sellingGeneralAndAdministrativeExpenses": 3900000, "otherExpenses": 400000, "operatingExpenses": 4300000, "costAndExpenses": 10700000, "interestIncome": 0, "interestExpense": 0, "depreciationAndAmortization": 400000, "ebitda": 2100000, "ebitdaratio": 0.168, "operatingIncome": 1800000, "operatingIncomeRatio": 0.144, "totalOtherIncomeExpensesNet": 100000, "incomeBeforeTax": 1800000, "incomeBeforeTaxRatio": 0.144, "incomeTaxExpense": 700000, "netIncome": 1100000, "netIncomeRatio": 0.088, "eps": 0.14, "epsdiluted": 0.14, "weightedAverageShsOut": 7853216, "weightedAverageShsOutDil": 7853216, "link": "", "finalLink": "", "calculatedOtherExpenses": 400000, "calculatedOperatingExpenses": 4300000, "calculatedNetInterest": 0, "calculatedOtherIncome": 0, "calculatedIncomeNonControlling": 0, "calculatedEbitda": 2200000}, {"date": "1986-12-31", "symbol": "CNMD", "reportedCurrency": "USD", "cik": "0000816956", "fillingDate": "1986-12-31", "acceptedDate": "1986-12-30 19:00:00", "calendarYear": "1986", "period": "FY", "revenue": 10500000, "costOfRevenue": 5500000, "grossProfit": 5000000, "grossProfitRatio": 0.4761904762, "researchAndDevelopmentExpenses": 0, "generalAndAdministrativeExpenses": 3300000, "sellingAndMarketingExpenses": 0, "sellingGeneralAndAdministrativeExpenses": 3300000, "otherExpenses": 300000, "operatingExpenses": 3600000, "costAndExpenses": 9100000, "interestIncome": 0, "interestExpense": 0, "depreciationAndAmortization": 300000, "ebitda": 1700000, "ebitdaratio": 0.1619047619, "operatingIncome": 1400000, "operatingIncomeRatio": 0.1333333333, "totalOtherIncomeExpensesNet": -200000, "incomeBeforeTax": 1200000, "incomeBeforeTaxRatio": 0.1142857143, "incomeTaxExpense": 500000, "netIncome": 700000, "netIncomeRatio": 0.0666666667, "eps": 0.1, "epsdiluted": 0.1, "weightedAverageShsOut": 6996502, "weightedAverageShsOutDil": 6996502, "link": "", "finalLink": "", "calculatedOtherExpenses": 300000, "calculatedOperatingExpenses": 3600000, "calculatedNetInterest": 0, "calculatedOtherIncome": -200000, "calculatedIncomeNonControlling": 0, "calculatedEbitda": 1700000}]}