{"originalCurrency": "USD", "convertedCurrency": "USD", "report": [{"date": "2023-12-31", "symbol": "CNO", "reportedCurrency": "USD", "cik": "0001224608", "fillingDate": "2024-02-23", "acceptedDate": "2024-02-23 17:03:42", "calendarYear": "2023", "period": "FY", "revenue": 4168100000, "costOfRevenue": 1048300000, "grossProfit": 3119800000, "grossProfitRatio": 0.7484945179, "researchAndDevelopmentExpenses": 0, "generalAndAdministrativeExpenses": 290900000, "sellingAndMarketingExpenses": 0, "sellingGeneralAndAdministrativeExpenses": 290900000, "otherExpenses": -1275700000, "operatingExpenses": 1275700000, "costAndExpenses": -3572700000, "interestIncome": 0, "interestExpense": 238600000, "depreciationAndAmortization": 267399999, "ebitda": 356800000, "ebitdaratio": 0.0856025527, "operatingIncome": 356800000, "operatingIncomeRatio": 0.0856025527, "totalOtherIncomeExpensesNet": 356800000, "incomeBeforeTax": 356800000, "incomeBeforeTaxRatio": 0.0856025527, "incomeTaxExpense": 80300000, "netIncome": 276500000, "netIncomeRatio": 0.06633718, "eps": 2.44, "epsdiluted": 2.4, "weightedAverageShsOut": 113275000, "weightedAverageShsOutDil": 115124000, "link": "https://www.sec.gov/Archives/edgar/data/1224608/000122460824000009/0001224608-24-000009-index.htm", "finalLink": "https://www.sec.gov/Archives/edgar/data/1224608/000122460824000009/cno-20231231.htm", "calculatedOtherExpenses": 2472100000, "calculatedOperatingExpenses": 2763000000, "calculatedNetInterest": -238600000, "calculatedOtherIncome": 238600000, "calculatedIncomeNonControlling": 0, "calculatedEbitda": 624199999}, {"date": "2022-12-31", "symbol": "CNO", "reportedCurrency": "USD", "cik": "0001224608", "fillingDate": "2023-02-24", "acceptedDate": "2023-02-24 15:52:16", "calendarYear": "2022", "period": "FY", "revenue": 3576800000, "costOfRevenue": 0, "grossProfit": 3576800000, "grossProfitRatio": 1, "researchAndDevelopmentExpenses": 0, "generalAndAdministrativeExpenses": 287900000, "sellingAndMarketingExpenses": 0, "sellingGeneralAndAdministrativeExpenses": 287900000, "otherExpenses": -3174700000, "operatingExpenses": -2886800000, "costAndExpenses": 3059500000, "interestIncome": 137000000, "interestExpense": 137000000, "depreciationAndAmortization": 309600000, "ebitda": 999600000, "ebitdaratio": 0.2794676806, "operatingIncome": 690000000, "operatingIncomeRatio": 0.1929098636, "totalOtherIncomeExpensesNet": -172700000, "incomeBeforeTax": 517300000, "incomeBeforeTaxRatio": 0.1446264818, "incomeTaxExpense": 120500000, "netIncome": 396800000, "netIncomeRatio": 0.1109371505, "eps": 3.43, "epsdiluted": 3.37, "weightedAverageShsOut": 115733000, "weightedAverageShsOutDil": 117717000, "link": "https://www.sec.gov/Archives/edgar/data/1224608/000122460823000013/0001224608-23-000013-index.htm", "finalLink": "https://www.sec.gov/Archives/edgar/data/1224608/000122460823000013/cno-20221231.htm", "calculatedOtherExpenses": 2598900000, "calculatedOperatingExpenses": 2886800000, "calculatedNetInterest": 0, "calculatedOtherIncome": -172700000, "calculatedIncomeNonControlling": 0, "calculatedEbitda": 999600000}, {"date": "2021-12-31", "symbol": "CNO", "reportedCurrency": "USD", "cik": "0001224608", "fillingDate": "2022-02-24", "acceptedDate": "2022-02-23 19:53:47", "calendarYear": "2021", "period": "FY", "revenue": 4122200000, "costOfRevenue": 0, "grossProfit": 4122200000, "grossProfitRatio": 1, "researchAndDevelopmentExpenses": 0, "generalAndAdministrativeExpenses": 267900000, "sellingAndMarketingExpenses": 0, "sellingGeneralAndAdministrativeExpenses": 267900000, "otherExpenses": -3822400000, "operatingExpenses": -3554500000, "costAndExpenses": 3554500000, "interestIncome": 95400000, "interestExpense": 95400000, "depreciationAndAmortization": 281100000, "ebitda": 848800000, "ebitdaratio": 0.2059094658, "operatingIncome": 567700000, "operatingIncomeRatio": 0.1377177235, "totalOtherIncomeExpensesNet": 567700000, "incomeBeforeTax": 567700000, "incomeBeforeTaxRatio": 0.1377177235, "incomeTaxExpense": 126700000, "netIncome": 441000000, "netIncomeRatio": 0.1069817088, "eps": 3.43, "epsdiluted": 3.36, "weightedAverageShsOut": 128400000, "weightedAverageShsOutDil": 131126000, "link": "https://www.sec.gov/Archives/edgar/data/1224608/000122460822000012/0001224608-22-000012-index.htm", "finalLink": "https://www.sec.gov/Archives/edgar/data/1224608/000122460822000012/cno-20211231.htm", "calculatedOtherExpenses": 3286600000, "calculatedOperatingExpenses": 3554500000, "calculatedNetInterest": 0, "calculatedOtherIncome": 0, "calculatedIncomeNonControlling": 0, "calculatedEbitda": 848800000}, {"date": "2020-12-31", "symbol": "CNO", "reportedCurrency": "USD", "cik": "0001224608", "fillingDate": "2021-02-24", "acceptedDate": "2021-02-24 12:54:18", "calendarYear": "2020", "period": "FY", "revenue": 3821100000, "costOfRevenue": 0, "grossProfit": 3821100000, "grossProfitRatio": 1, "researchAndDevelopmentExpenses": 0, "generalAndAdministrativeExpenses": 252600000, "sellingAndMarketingExpenses": 0, "sellingGeneralAndAdministrativeExpenses": 252600000, "otherExpenses": -3729400000, "operatingExpenses": -3476800000, "costAndExpenses": 3476800000, "interestIncome": 108800000, "interestExpense": 108800000, "depreciationAndAmortization": 268100000, "ebitda": 612400000, "ebitdaratio": 0.1602679857, "operatingIncome": 344300000, "operatingIncomeRatio": 0.0901049436, "totalOtherIncomeExpensesNet": 344300000, "incomeBeforeTax": 344300000, "incomeBeforeTaxRatio": 0.0901049436, "incomeTaxExpense": 42500000, "netIncome": 301800000, "netIncomeRatio": 0.078982492, "eps": 2.12, "epsdiluted": 2.11, "weightedAverageShsOut": 142096000, "weightedAverageShsOutDil": 143164000, "link": "https://www.sec.gov/Archives/edgar/data/1224608/000122460821000008/0001224608-21-000008-index.htm", "finalLink": "https://www.sec.gov/Archives/edgar/data/1224608/000122460821000008/cno-20201231.htm", "calculatedOtherExpenses": 3224200000, "calculatedOperatingExpenses": 3476800000, "calculatedNetInterest": 0, "calculatedOtherIncome": 0, "calculatedIncomeNonControlling": 0, "calculatedEbitda": 612400000}, {"date": "2019-12-31", "symbol": "CNO", "reportedCurrency": "USD", "cik": "0001224608", "fillingDate": "2020-02-25", "acceptedDate": "2020-02-25 13:32:55", "calendarYear": "2019", "period": "FY", "revenue": 4015800000, "costOfRevenue": 0, "grossProfit": 4015800000, "grossProfitRatio": 1, "researchAndDevelopmentExpenses": 0, "generalAndAdministrativeExpenses": 238200000, "sellingAndMarketingExpenses": 0, "sellingGeneralAndAdministrativeExpenses": 238200000, "otherExpenses": -3979800000, "operatingExpenses": -3741600000, "costAndExpenses": 3741600000, "interestIncome": 152300000, "interestExpense": 152300000, "depreciationAndAmortization": 232100000, "ebitda": 506300000, "ebitdaratio": 0.1260769959, "operatingIncome": 274200000, "operatingIncomeRatio": 0.0682802928, "totalOtherIncomeExpensesNet": 274200000, "incomeBeforeTax": 274200000, "incomeBeforeTaxRatio": 0.0682802928, "incomeTaxExpense": -135200000, "netIncome": 409400000, "netIncomeRatio": 0.1019473081, "eps": 2.62, "epsdiluted": 2.61, "weightedAverageShsOut": 156040000, "weightedAverageShsOutDil": 157148000, "link": "https://www.sec.gov/Archives/edgar/data/1224608/000122460820000009/0001224608-20-000009-index.htm", "finalLink": "https://www.sec.gov/Archives/edgar/data/1224608/000122460820000009/cno1231201910-k.htm", "calculatedOtherExpenses": 3503400000, "calculatedOperatingExpenses": 3741600000, "calculatedNetInterest": 0, "calculatedOtherIncome": 0, "calculatedIncomeNonControlling": 0, "calculatedEbitda": 506300000}, {"date": "2018-12-31", "symbol": "CNO", "reportedCurrency": "USD", "cik": "0001224608", "fillingDate": "2019-02-26", "acceptedDate": "2019-02-25 18:57:17", "calendarYear": "2018", "period": "FY", "revenue": 4313500000, "costOfRevenue": 0, "grossProfit": 4313500000, "grossProfitRatio": 1, "researchAndDevelopmentExpenses": 0, "generalAndAdministrativeExpenses": 233200000, "sellingAndMarketingExpenses": 0, "sellingGeneralAndAdministrativeExpenses": 233200000, "otherExpenses": 4191800000, "operatingExpenses": 4425000000, "costAndExpenses": 4578300000, "interestIncome": 0, "interestExpense": 149800000, "depreciationAndAmortization": 264300000, "ebitda": 177200000, "ebitdaratio": 0.0410803292, "operatingIncome": -115000000, "operatingIncomeRatio": -0.0266604845, "totalOtherIncomeExpensesNet": -149800000, "incomeBeforeTax": -264800000, "incomeBeforeTaxRatio": -0.0613886635, "incomeTaxExpense": 50200000, "netIncome": -315000000, "netIncomeRatio": -0.0730265446, "eps": -1.9, "epsdiluted": -1.9, "weightedAverageShsOut": 165456900, "weightedAverageShsOutDil": 165456900, "link": "https://www.sec.gov/Archives/edgar/data/1224608/000122460819000010/0001224608-19-000010-index.htm", "finalLink": "https://www.sec.gov/Archives/edgar/data/1224608/000122460819000010/cno1231201810-k.htm", "calculatedOtherExpenses": 4195300000, "calculatedOperatingExpenses": 4428500000, "calculatedNetInterest": -149800000, "calculatedOtherIncome": 0, "calculatedIncomeNonControlling": 0, "calculatedEbitda": 149300000}, {"date": "2017-12-31", "symbol": "CNO", "reportedCurrency": "USD", "cik": "0001224608", "fillingDate": "2018-02-23", "acceptedDate": "2018-02-23 17:27:55", "calendarYear": "2017", "period": "FY", "revenue": 4301500000, "costOfRevenue": 0, "grossProfit": 4301500000, "grossProfitRatio": 1, "researchAndDevelopmentExpenses": 0, "generalAndAdministrativeExpenses": 237300000, "sellingAndMarketingExpenses": 0, "sellingGeneralAndAdministrativeExpenses": 237300000, "otherExpenses": 3446700000, "operatingExpenses": 3684000000, "costAndExpenses": 3821000000, "interestIncome": 0, "interestExpense": 123700000, "depreciationAndAmortization": 239300000, "ebitda": 869600000, "ebitdaratio": 0.2021620365, "operatingIncome": 630300000, "operatingIncomeRatio": 0.1465302801, "totalOtherIncomeExpensesNet": -149800000, "incomeBeforeTax": 480500000, "incomeBeforeTaxRatio": 0.1117052191, "incomeTaxExpense": 304900000, "netIncome": 175600000, "netIncomeRatio": 0.0408229687, "eps": 1.03, "epsdiluted": 1.02, "weightedAverageShsOut": 170025000, "weightedAverageShsOutDil": 172144000, "link": "https://www.sec.gov/Archives/edgar/data/1224608/000122460818000011/0001224608-18-000011-index.htm", "finalLink": "https://www.sec.gov/Archives/edgar/data/1224608/000122460818000011/cno1231201710-k.htm", "calculatedOtherExpenses": 3433900000, "calculatedOperatingExpenses": 3671200000, "calculatedNetInterest": -123700000, "calculatedOtherIncome": -26100000, "calculatedIncomeNonControlling": 0, "calculatedEbitda": 869600000}, {"date": "2016-12-31", "symbol": "CNO", "reportedCurrency": "USD", "cik": "0001224608", "fillingDate": "2017-02-21", "acceptedDate": "2017-02-21 12:03:08", "calendarYear": "2016", "period": "FY", "revenue": 3992400000, "costOfRevenue": 0, "grossProfit": 3992400000, "grossProfitRatio": 1, "researchAndDevelopmentExpenses": 0, "generalAndAdministrativeExpenses": 231000000, "sellingAndMarketingExpenses": 0, "sellingGeneralAndAdministrativeExpenses": 231000000, "otherExpenses": 3209000000, "operatingExpenses": 3440000000, "costAndExpenses": 3639200000, "interestIncome": 0, "interestExpense": 116400000, "depreciationAndAmortization": 253300000, "ebitda": 744600000, "ebitdaratio": 0.1865043583, "operatingIncome": 491300000, "operatingIncomeRatio": 0.1230588117, "totalOtherIncomeExpensesNet": -138100000, "incomeBeforeTax": 353200000, "incomeBeforeTaxRatio": 0.0884680894, "incomeTaxExpense": -5000000, "netIncome": 358200000, "netIncomeRatio": 0.0897204689, "eps": 2.03, "epsdiluted": 2.01, "weightedAverageShsOut": 176638000, "weightedAverageShsOutDil": 178323000, "link": "https://www.sec.gov/Archives/edgar/data/1224608/000122460817000013/0001224608-17-000013-index.htm", "finalLink": "https://www.sec.gov/Archives/edgar/data/1224608/000122460817000013/cno1231201610-k.htm", "calculatedOtherExpenses": 3270100000, "calculatedOperatingExpenses": 3501100000, "calculatedNetInterest": -116400000, "calculatedOtherIncome": -21700000, "calculatedIncomeNonControlling": 0, "calculatedEbitda": 744600000}, {"date": "2015-12-31", "symbol": "CNO", "reportedCurrency": "USD", "cik": "0001224608", "fillingDate": "2016-02-19", "acceptedDate": "2016-02-19 12:53:43", "calendarYear": "2015", "period": "FY", "revenue": 3800600000, "costOfRevenue": 0, "grossProfit": 3800600000, "grossProfitRatio": 1, "researchAndDevelopmentExpenses": 0, "generalAndAdministrativeExpenses": 205200000, "sellingAndMarketingExpenses": 0, "sellingGeneralAndAdministrativeExpenses": 205200000, "otherExpenses": 3111800000, "operatingExpenses": 3317000000, "costAndExpenses": 3432900000, "interestIncome": 0, "interestExpense": 94900000, "depreciationAndAmortization": 260000000, "ebitda": 746000000, "ebitdaratio": 0.1962847971, "operatingIncome": 486000000, "operatingIncomeRatio": 0.1278745461, "totalOtherIncomeExpensesNet": -118300000, "incomeBeforeTax": 367700000, "incomeBeforeTaxRatio": 0.0967478819, "incomeTaxExpense": 97000000, "netIncome": 270700000, "netIncomeRatio": 0.071225596, "eps": 1.4, "epsdiluted": 1.39, "weightedAverageShsOut": 193054000, "weightedAverageShsOutDil": 195166000, "link": "https://www.sec.gov/Archives/edgar/data/1224608/000122460816000053/0001224608-16-000053-index.htm", "finalLink": "https://www.sec.gov/Archives/edgar/data/1224608/000122460816000053/cno1231201510-k.htm", "calculatedOtherExpenses": 3109400000, "calculatedOperatingExpenses": 3314600000, "calculatedNetInterest": -94900000, "calculatedOtherIncome": -23400000, "calculatedIncomeNonControlling": 0, "calculatedEbitda": 746000000}, {"date": "2014-12-31", "symbol": "CNO", "reportedCurrency": "USD", "cik": "0001224608", "fillingDate": "2015-02-20", "acceptedDate": "2015-02-20 16:39:34", "calendarYear": "2014", "period": "FY", "revenue": 4144700000, "costOfRevenue": 0, "grossProfit": 4144700000, "grossProfitRatio": 1, "researchAndDevelopmentExpenses": 0, "generalAndAdministrativeExpenses": 242400000, "sellingAndMarketingExpenses": 0, "sellingGeneralAndAdministrativeExpenses": 242400000, "otherExpenses": 3393600000, "operatingExpenses": 3636000000, "costAndExpenses": 3969600000, "interestIncome": 0, "interestExpense": 92800000, "depreciationAndAmortization": 247400000, "ebitda": 542100000, "ebitdaratio": 0.1307935436, "operatingIncome": 294700000, "operatingIncomeRatio": 0.0711028542, "totalOtherIncomeExpensesNet": -119600000, "incomeBeforeTax": 175100000, "incomeBeforeTaxRatio": 0.0422467247, "incomeTaxExpense": 123700000, "netIncome": 51400000, "netIncomeRatio": 0.0124013801, "eps": 0.24, "epsdiluted": 0.24, "weightedAverageShsOut": 212917000, "weightedAverageShsOutDil": 217655000, "link": "https://www.sec.gov/Archives/edgar/data/1224608/000122460815000007/0001224608-15-000007-index.htm", "finalLink": "https://www.sec.gov/Archives/edgar/data/1224608/000122460815000007/cno1231201410-k.htm", "calculatedOtherExpenses": 3607600000, "calculatedOperatingExpenses": 3850000000, "calculatedNetInterest": -92800000, "calculatedOtherIncome": -26800000, "calculatedIncomeNonControlling": 0, "calculatedEbitda": 542100000}, {"date": "2013-12-31", "symbol": "CNO", "reportedCurrency": "USD", "cik": "0001224608", "fillingDate": "2014-02-24", "acceptedDate": "2014-02-24 12:27:01", "calendarYear": "2013", "period": "FY", "revenue": 4476100000, "costOfRevenue": 0, "grossProfit": 4476100000, "grossProfitRatio": 1, "researchAndDevelopmentExpenses": 0, "generalAndAdministrativeExpenses": 234000000, "sellingAndMarketingExpenses": 0, "sellingGeneralAndAdministrativeExpenses": 234000000, "otherExpenses": 3668000000, "operatingExpenses": 3902000000, "costAndExpenses": 4171300000, "interestIncome": 0, "interestExpense": 105300000, "depreciationAndAmortization": 296300000, "ebitda": 734700000, "ebitdaratio": 0.1641384241, "operatingIncome": 438400000, "operatingIncomeRatio": 0.0979424052, "totalOtherIncomeExpensesNet": -133600000, "incomeBeforeTax": 304800000, "incomeBeforeTaxRatio": 0.0680949934, "incomeTaxExpense": -173200000, "netIncome": 478000000, "netIncomeRatio": 0.1067893926, "eps": 2.16, "epsdiluted": 2.05, "weightedAverageShsOut": 221628000, "weightedAverageShsOutDil": 232702000, "link": "https://www.sec.gov/Archives/edgar/data/1224608/000122460814000006/0001224608-14-000006-index.htm", "finalLink": "https://www.sec.gov/Archives/edgar/data/1224608/000122460814000006/cno1231201310-k.htm", "calculatedOtherExpenses": 3803700000, "calculatedOperatingExpenses": 4037700000, "calculatedNetInterest": -105300000, "calculatedOtherIncome": -28300000, "calculatedIncomeNonControlling": 0, "calculatedEbitda": 734700000}, {"date": "2012-12-31", "symbol": "CNO", "reportedCurrency": "USD", "cik": "0001224608", "fillingDate": "2013-02-19", "acceptedDate": "2013-02-19 15:08:15", "calendarYear": "2012", "period": "FY", "revenue": 4342700000, "costOfRevenue": 0, "grossProfit": 4342700000, "grossProfitRatio": 1, "researchAndDevelopmentExpenses": 0, "generalAndAdministrativeExpenses": 226600000, "sellingAndMarketingExpenses": 0, "sellingGeneralAndAdministrativeExpenses": 226600000, "otherExpenses": 3645400000, "operatingExpenses": 3872000000, "costAndExpenses": 4187000000, "interestIncome": 0, "interestExpense": 114600000, "depreciationAndAmortization": 289000000, "ebitda": 585300000, "ebitdaratio": 0.1347779031, "operatingIncome": 296300000, "operatingIncomeRatio": 0.0682294425, "totalOtherIncomeExpensesNet": -140600000, "incomeBeforeTax": 155700000, "incomeBeforeTaxRatio": 0.035853271, "incomeTaxExpense": -65300000, "netIncome": 221000000, "netIncomeRatio": 0.0508899993, "eps": 0.95, "epsdiluted": 0.79, "weightedAverageShsOut": 233685000, "weightedAverageShsOutDil": 281427000, "link": "https://www.sec.gov/Archives/edgar/data/1224608/000122460813000017/0001224608-13-000017-index.htm", "finalLink": "https://www.sec.gov/Archives/edgar/data/1224608/000122460813000017/cno1231201210-k.htm", "calculatedOtherExpenses": 3819800000, "calculatedOperatingExpenses": 4046400000, "calculatedNetInterest": -114600000, "calculatedOtherIncome": -26000000, "calculatedIncomeNonControlling": 0, "calculatedEbitda": 585300000}, {"date": "2011-12-31", "symbol": "CNO", "reportedCurrency": "USD", "cik": "0001224608", "fillingDate": "2012-02-27", "acceptedDate": "2012-02-27 10:13:47", "calendarYear": "2011", "period": "FY", "revenue": 4124600000, "costOfRevenue": 0, "grossProfit": 4124600000, "grossProfitRatio": 1, "researchAndDevelopmentExpenses": 0, "generalAndAdministrativeExpenses": 0, "sellingAndMarketingExpenses": 0, "sellingGeneralAndAdministrativeExpenses": 0, "otherExpenses": 3701000000, "operatingExpenses": 3701000000, "costAndExpenses": 3745400000, "interestIncome": 0, "interestExpense": 114100000, "depreciationAndAmortization": 432400000, "ebitda": 951900000, "ebitdaratio": 0.2307860156, "operatingIncome": 519500000, "operatingIncomeRatio": 0.1259516074, "totalOtherIncomeExpensesNet": 18200000, "incomeBeforeTax": 379200000, "incomeBeforeTaxRatio": 0.0919361878, "incomeTaxExpense": -3300000, "netIncome": 382500000, "netIncomeRatio": 0.0927362653, "eps": 1.54, "epsdiluted": 1.26, "weightedAverageShsOut": 247952000, "weightedAverageShsOutDil": 304081200, "link": "https://www.sec.gov/Archives/edgar/data/1224608/000122460812000011/0001224608-12-000011-index.htm", "finalLink": "https://www.sec.gov/Archives/edgar/data/1224608/000122460812000011/cno1231201110-k.htm", "calculatedOtherExpenses": 3605100000, "calculatedOperatingExpenses": 3605100000, "calculatedNetInterest": -114100000, "calculatedOtherIncome": -26200000, "calculatedIncomeNonControlling": 0, "calculatedEbitda": 951900000}, {"date": "2010-12-31", "symbol": "CNO", "reportedCurrency": "USD", "cik": "0001224608", "fillingDate": "2011-02-24", "acceptedDate": "2011-02-24 17:17:22", "calendarYear": "2010", "period": "FY", "revenue": 4083900000, "costOfRevenue": 0, "grossProfit": 4083900000, "grossProfitRatio": 1, "researchAndDevelopmentExpenses": 0, "generalAndAdministrativeExpenses": 0, "sellingAndMarketingExpenses": 0, "sellingGeneralAndAdministrativeExpenses": 0, "otherExpenses": 3739000000, "operatingExpenses": 3739000000, "costAndExpenses": 3790400000, "interestIncome": 0, "interestExpense": 113200000, "depreciationAndAmortization": 443800000, "ebitda": 872000000, "ebitdaratio": 0.2135213889, "operatingIncome": 428200000, "operatingIncomeRatio": 0.1048507554, "totalOtherIncomeExpensesNet": 16800000, "incomeBeforeTax": 293500000, "incomeBeforeTaxRatio": 0.0718675776, "incomeTaxExpense": 8900000, "netIncome": 284600000, "netIncomeRatio": 0.0696882882, "eps": 1.13, "epsdiluted": 0.94, "weightedAverageShsOut": 250973000, "weightedAverageShsOutDil": 301858000, "link": "https://www.sec.gov/Archives/edgar/data/1224608/000122460811000009/0001224608-11-000009-index.htm", "finalLink": "https://www.sec.gov/Archives/edgar/data/1224608/000122460811000009/form10k.htm", "calculatedOtherExpenses": 3655700000, "calculatedOperatingExpenses": 3655700000, "calculatedNetInterest": -113200000, "calculatedOtherIncome": -21500000, "calculatedIncomeNonControlling": 0, "calculatedEbitda": 872000000}, {"date": "2009-12-31", "symbol": "CNO", "reportedCurrency": "USD", "cik": "0001224608", "fillingDate": "2010-03-04", "acceptedDate": "2010-03-03 17:31:26", "calendarYear": "2009", "period": "FY", "revenue": 4341400000, "costOfRevenue": 0, "grossProfit": 4341400000, "grossProfitRatio": 1, "researchAndDevelopmentExpenses": 0, "generalAndAdministrativeExpenses": 0, "sellingAndMarketingExpenses": 0, "sellingGeneralAndAdministrativeExpenses": 0, "otherExpenses": 4028000000, "operatingExpenses": 4028000000, "costAndExpenses": 4167800000, "interestIncome": 0, "interestExpense": 117900000, "depreciationAndAmortization": 460900000, "ebitda": 752400000, "ebitdaratio": 0.1733081494, "operatingIncome": 291500000, "operatingIncomeRatio": 0.0671442392, "totalOtherIncomeExpensesNet": 15600000, "incomeBeforeTax": 173600000, "incomeBeforeTaxRatio": 0.0399871009, "incomeTaxExpense": 87900000, "netIncome": 85700000, "netIncomeRatio": 0.019740176, "eps": 0.45, "epsdiluted": 0.44, "weightedAverageShsOut": 188365000, "weightedAverageShsOutDil": 193340000, "link": "https://www.sec.gov/Archives/edgar/data/1224608/000122460810000008/0001224608-10-000008-index.htm", "finalLink": "https://www.sec.gov/Archives/edgar/data/1224608/000122460810000008/form10k.htm", "calculatedOtherExpenses": 4049900000, "calculatedOperatingExpenses": 4049900000, "calculatedNetInterest": -117900000, "calculatedOtherIncome": 0, "calculatedIncomeNonControlling": 0, "calculatedEbitda": 752400000}, {"date": "2008-12-31", "symbol": "CNO", "reportedCurrency": "USD", "cik": "0001224608", "fillingDate": "2009-03-31", "acceptedDate": "2009-03-31 16:18:58", "calendarYear": "2008", "period": "FY", "revenue": 4189700000, "costOfRevenue": 0, "grossProfit": 4189700000, "grossProfitRatio": 1, "researchAndDevelopmentExpenses": 0, "generalAndAdministrativeExpenses": 0, "sellingAndMarketingExpenses": 0, "sellingGeneralAndAdministrativeExpenses": 0, "otherExpenses": 4101000000, "operatingExpenses": 4101000000, "costAndExpenses": 4177300000, "interestIncome": 0, "interestExpense": 97800000, "depreciationAndAmortization": 412000000, "ebitda": -200500000, "ebitdaratio": -0.047855455, "operatingIncome": -612500000, "operatingIncomeRatio": -0.1461918514, "totalOtherIncomeExpensesNet": 19700000, "incomeBeforeTax": 12400000, "incomeBeforeTaxRatio": 0.0029596391, "incomeTaxExpense": 416400000, "netIncome": -1126700000, "netIncomeRatio": -0.2689214025, "eps": -6.1, "epsdiluted": -6.1, "weightedAverageShsOut": 184704000, "weightedAverageShsOutDil": 184704000, "link": "https://www.sec.gov/Archives/edgar/data/1224608/000122460809000012/0001224608-09-000012-index.htm", "finalLink": "https://www.sec.gov/Archives/edgar/data/1224608/000122460809000012/form10k.txt", "calculatedOtherExpenses": 4802200000, "calculatedOperatingExpenses": 4802200000, "calculatedNetInterest": -97800000, "calculatedOtherIncome": 722700000, "calculatedIncomeNonControlling": 722700000, "calculatedEbitda": -200500000}, {"date": "2007-12-31", "symbol": "CNO", "reportedCurrency": "USD", "cik": "0001224608", "fillingDate": "2008-03-28", "acceptedDate": "2008-03-28 15:08:19", "calendarYear": "2007", "period": "FY", "revenue": 4572300000, "costOfRevenue": 0, "grossProfit": 4572300000, "grossProfitRatio": 1, "researchAndDevelopmentExpenses": 0, "generalAndAdministrativeExpenses": 0, "sellingAndMarketingExpenses": 0, "sellingGeneralAndAdministrativeExpenses": 0, "otherExpenses": 3883000000, "operatingExpenses": 3883000000, "costAndExpenses": 4745300000, "interestIncome": 0, "interestExpense": 117300000, "depreciationAndAmortization": 483200000, "ebitda": 427500000, "ebitdaratio": 0.093497802, "operatingIncome": -55700000, "operatingIncomeRatio": -0.0121820528, "totalOtherIncomeExpensesNet": 23800000, "incomeBeforeTax": -173000000, "incomeBeforeTaxRatio": -0.0378365374, "incomeTaxExpense": 6900000, "netIncome": -179900000, "netIncomeRatio": -0.0393456247, "eps": -1.04, "epsdiluted": -1.04, "weightedAverageShsOut": 173374000, "weightedAverageShsOutDil": 173374000, "link": "https://www.sec.gov/Archives/edgar/data/1224608/000122460808000008/0001224608-08-000008-index.htm", "finalLink": "https://www.sec.gov/Archives/edgar/data/1224608/000122460808000008/form10k.txt", "calculatedOtherExpenses": 4628000000, "calculatedOperatingExpenses": 4628000000, "calculatedNetInterest": -117300000, "calculatedOtherIncome": 0, "calculatedIncomeNonControlling": 0, "calculatedEbitda": 427500000}, {"date": "2006-12-31", "symbol": "CNO", "reportedCurrency": "USD", "cik": "0001224608", "fillingDate": "2007-03-09", "acceptedDate": "2007-03-09 12:23:47", "calendarYear": "2006", "period": "FY", "revenue": 4467400000, "costOfRevenue": 0, "grossProfit": 4467400000, "grossProfitRatio": 1, "researchAndDevelopmentExpenses": 0, "generalAndAdministrativeExpenses": 184000000, "sellingAndMarketingExpenses": 0, "sellingGeneralAndAdministrativeExpenses": 184000000, "otherExpenses": 3420000000, "operatingExpenses": 3604000000, "costAndExpenses": 4315100000, "interestIncome": 0, "interestExpense": 73500000, "depreciationAndAmortization": 423400000, "ebitda": 649200000, "ebitdaratio": 0.1453194252, "operatingIncome": 225800000, "operatingIncomeRatio": 0.0505439405, "totalOtherIncomeExpensesNet": 19200000, "incomeBeforeTax": 152300000, "incomeBeforeTaxRatio": 0.0340914178, "incomeTaxExpense": 55800000, "netIncome": 96500000, "netIncomeRatio": 0.0216009312, "eps": 0.64, "epsdiluted": 0.63, "weightedAverageShsOut": 151690000, "weightedAverageShsOutDil": 152509000, "link": "https://www.sec.gov/Archives/edgar/data/1224608/000122460807000005/0001224608-07-000005-index.htm", "finalLink": "https://www.sec.gov/Archives/edgar/data/1224608/000122460807000005/form10k.txt", "calculatedOtherExpenses": 4057600000, "calculatedOperatingExpenses": 4241600000, "calculatedNetInterest": -73500000, "calculatedOtherIncome": 0, "calculatedIncomeNonControlling": 0, "calculatedEbitda": 649200000}, {"date": "2005-12-31", "symbol": "CNO", "reportedCurrency": "USD", "cik": "0001224608", "fillingDate": "2006-03-15", "acceptedDate": "2006-03-15 16:36:04", "calendarYear": "2005", "period": "FY", "revenue": 4326500000, "costOfRevenue": 0, "grossProfit": 4326500000, "grossProfitRatio": 1, "researchAndDevelopmentExpenses": 0, "generalAndAdministrativeExpenses": 186000000, "sellingAndMarketingExpenses": 0, "sellingGeneralAndAdministrativeExpenses": 186000000, "otherExpenses": 3576000000, "operatingExpenses": 3762000000, "costAndExpenses": 3823100000, "interestIncome": 0, "interestExpense": 58300000, "depreciationAndAmortization": 388400000, "ebitda": 950100000, "ebitdaratio": 0.2196001387, "operatingIncome": 561700000, "operatingIncomeRatio": 0.1298278054, "totalOtherIncomeExpensesNet": 24700000, "incomeBeforeTax": 503400000, "incomeBeforeTaxRatio": 0.11635271, "incomeTaxExpense": 178500000, "netIncome": 324900000, "netIncomeRatio": 0.0750953427, "eps": 2.15, "epsdiluted": 1.76, "weightedAverageShsOut": 151160000, "weightedAverageShsOutDil": 185040000, "link": "https://www.sec.gov/Archives/edgar/data/1224608/000122460806000006/0001224608-06-000006-index.htm", "finalLink": "https://www.sec.gov/Archives/edgar/data/1224608/000122460806000006/form10-k.txt", "calculatedOtherExpenses": 3578800000, "calculatedOperatingExpenses": 3764800000, "calculatedNetInterest": -58300000, "calculatedOtherIncome": 0, "calculatedIncomeNonControlling": 0, "calculatedEbitda": 950100000}, {"date": "2004-12-31", "symbol": "CNO", "reportedCurrency": "USD", "cik": "0001224608", "fillingDate": "2005-03-16", "acceptedDate": "2005-03-16 10:18:40", "calendarYear": "2004", "period": "FY", "revenue": 4330000000, "costOfRevenue": 0, "grossProfit": 4330000000, "grossProfitRatio": 1, "researchAndDevelopmentExpenses": 0, "generalAndAdministrativeExpenses": 195500000, "sellingAndMarketingExpenses": 0, "sellingGeneralAndAdministrativeExpenses": 195500000, "otherExpenses": -3991900000, "operatingExpenses": -3796400000, "costAndExpenses": 3875900000, "interestIncome": 0, "interestExpense": 79500000, "depreciationAndAmortization": 371200000, "ebitda": 904800000, "ebitdaratio": 0.208960739, "operatingIncome": 533600000, "operatingIncomeRatio": 0.1232332564, "totalOtherIncomeExpensesNet": 21500000, "incomeBeforeTax": 454100000, "incomeBeforeTaxRatio": 0.1048729792, "incomeTaxExpense": 159300000, "netIncome": 294800000, "netIncomeRatio": 0.0680831409, "eps": 2.34, "epsdiluted": 2.02, "weightedAverageShsOut": 126016000, "weightedAverageShsOutDil": 145592000, "link": "https://www.sec.gov/Archives/edgar/data/1224608/000122460805000008/0001224608-05-000008-index.htm", "finalLink": "https://www.sec.gov/Archives/edgar/data/1224608/000122460805000008/conseco10k.txt", "calculatedOtherExpenses": 3600900000, "calculatedOperatingExpenses": 3796400000, "calculatedNetInterest": -79500000, "calculatedOtherIncome": 0, "calculatedIncomeNonControlling": 0, "calculatedEbitda": 904800000}, {"date": "2003-12-31", "symbol": "CNO", "reportedCurrency": "USD", "cik": "0001224608", "fillingDate": "2004-03-15", "acceptedDate": "2004-03-15 15:48:45", "calendarYear": "2003", "period": "FY", "revenue": 4707700000, "costOfRevenue": 0, "grossProfit": 4707700000, "grossProfitRatio": 1, "researchAndDevelopmentExpenses": 0, "generalAndAdministrativeExpenses": 70500000, "sellingAndMarketingExpenses": 0, "sellingGeneralAndAdministrativeExpenses": 70500000, "otherExpenses": -2201200000, "operatingExpenses": -2130700000, "costAndExpenses": 2386000000, "interestIncome": 0, "interestExpense": 239300000, "depreciationAndAmortization": 474300000, "ebitda": 3051300000, "ebitdaratio": 0.6481509017, "operatingIncome": 2577000000, "operatingIncomeRatio": 0.5474010663, "totalOtherIncomeExpensesNet": 47600000, "incomeBeforeTax": 2321700000, "incomeBeforeTaxRatio": 0.4931707628, "incomeTaxExpense": 39700000, "netIncome": 2298000000, "netIncomeRatio": 0.4881364573, "eps": 22.95, "epsdiluted": 22.95, "weightedAverageShsOut": 100115772, "weightedAverageShsOutDil": 100115772, "link": "https://www.sec.gov/Archives/edgar/data/1224608/000122460804000008/0001224608-04-000008-index.htm", "finalLink": "https://www.sec.gov/Archives/edgar/data/1224608/000122460804000008/form10k.txt", "calculatedOtherExpenses": 2060200000, "calculatedOperatingExpenses": 2130700000, "calculatedNetInterest": -239300000, "calculatedOtherIncome": -16000000, "calculatedIncomeNonControlling": -16000000, "calculatedEbitda": 3051300000}, {"date": "2002-12-31", "symbol": "CNO", "reportedCurrency": "USD", "cik": "0001224608", "fillingDate": "2002-12-31", "acceptedDate": "2002-12-30 19:00:00", "calendarYear": "2002", "period": "FY", "revenue": 4450400000, "costOfRevenue": 0, "grossProfit": 4450400000, "grossProfitRatio": 1, "researchAndDevelopmentExpenses": 0, "generalAndAdministrativeExpenses": 0, "sellingAndMarketingExpenses": 0, "sellingGeneralAndAdministrativeExpenses": 0, "otherExpenses": -11891100000, "operatingExpenses": -11891100000, "costAndExpenses": 6082600000, "interestIncome": 0, "interestExpense": 341900000, "depreciationAndAmortization": 822900000, "ebitda": -6617800000, "ebitdaratio": -1.4870124034, "operatingIncome": -7440700000, "operatingIncomeRatio": -1.671917131, "totalOtherIncomeExpensesNet": 70100000, "incomeBeforeTax": -1632200000, "incomeBeforeTaxRatio": -0.3667535502, "incomeTaxExpense": 53100000, "netIncome": -7835700000, "netIncomeRatio": -1.7606731979, "eps": -78.28, "epsdiluted": -78.28, "weightedAverageShsOut": 100098119, "weightedAverageShsOutDil": 100098119, "link": "", "finalLink": "", "calculatedOtherExpenses": 11891100000, "calculatedOperatingExpenses": 11891100000, "calculatedNetInterest": -341900000, "calculatedOtherIncome": 6150400000, "calculatedIncomeNonControlling": 6150400000, "calculatedEbitda": -6617800000}, {"date": "2001-12-31", "symbol": "CNO", "reportedCurrency": "USD", "cik": "0001224608", "fillingDate": "2001-12-31", "acceptedDate": "2001-12-30 19:00:00", "calendarYear": "2001", "period": "FY", "revenue": 5492000000, "costOfRevenue": 0, "grossProfit": 5492000000, "grossProfitRatio": 1, "researchAndDevelopmentExpenses": 0, "generalAndAdministrativeExpenses": 0, "sellingAndMarketingExpenses": 0, "sellingGeneralAndAdministrativeExpenses": 0, "otherExpenses": -5497900000, "operatingExpenses": -5497900000, "costAndExpenses": 5735400000, "interestIncome": 0, "interestExpense": 400000000, "depreciationAndAmortization": 0, "ebitda": -5900000, "ebitdaratio": -0.0010742899, "operatingIncome": -5900000, "operatingIncomeRatio": -0.0010742899, "totalOtherIncomeExpensesNet": 289300000, "incomeBeforeTax": -243400000, "incomeBeforeTaxRatio": -0.0443190095, "incomeTaxExpense": 162500000, "netIncome": -405900000, "netIncomeRatio": -0.0739075018, "eps": -4.06, "epsdiluted": -4.06, "weightedAverageShsOut": 100098119, "weightedAverageShsOutDil": 100098119, "link": "", "finalLink": "", "calculatedOtherExpenses": 5497900000, "calculatedOperatingExpenses": 5497900000, "calculatedNetInterest": -400000000, "calculatedOtherIncome": 162500000, "calculatedIncomeNonControlling": 0, "calculatedEbitda": -5900000}, {"date": "2000-12-31", "symbol": "CNO", "reportedCurrency": "USD", "cik": "0001224608", "fillingDate": "2000-12-31", "acceptedDate": "2000-12-30 19:00:00", "calendarYear": "2000", "period": "FY", "revenue": 5581400000, "costOfRevenue": 0, "grossProfit": 5581400000, "grossProfitRatio": 1, "researchAndDevelopmentExpenses": 0, "generalAndAdministrativeExpenses": 0, "sellingAndMarketingExpenses": 0, "sellingGeneralAndAdministrativeExpenses": 0, "otherExpenses": -6772600000, "operatingExpenses": -6772600000, "costAndExpenses": 6358900000, "interestIncome": 0, "interestExpense": 0, "depreciationAndAmortization": 0, "ebitda": -1191200000, "ebitdaratio": -0.2134231555, "operatingIncome": -1191200000, "operatingIncomeRatio": -0.2134231555, "totalOtherIncomeExpensesNet": 137400000, "incomeBeforeTax": -777500000, "incomeBeforeTaxRatio": -0.1393019672, "incomeTaxExpense": 413700000, "netIncome": -1191200000, "netIncomeRatio": -0.2134231555, "eps": -11.9, "epsdiluted": -11.9, "weightedAverageShsOut": 100098119, "weightedAverageShsOutDil": 100098119, "link": "", "finalLink": "", "calculatedOtherExpenses": 6772600000, "calculatedOperatingExpenses": 6772600000, "calculatedNetInterest": 0, "calculatedOtherIncome": 413700000, "calculatedIncomeNonControlling": 0, "calculatedEbitda": -1191200000}]}