{"originalCurrency": "USD", "convertedCurrency": "USD", "report": [{"date": "2023-12-31", "symbol": "CNP", "reportedCurrency": "USD", "cik": "0001130310", "fillingDate": "2024-02-20", "acceptedDate": "2024-02-20 06:34:49", "calendarYear": "2023", "period": "FY", "revenue": 8696000000, "costOfRevenue": 5010000000, "grossProfit": 3686000000, "grossProfitRatio": 0.4238730451, "researchAndDevelopmentExpenses": 0, "generalAndAdministrativeExpenses": 0, "sellingAndMarketingExpenses": 0, "sellingGeneralAndAdministrativeExpenses": 63000000, "otherExpenses": 37000000, "operatingExpenses": 1926000000, "costAndExpenses": 6936000000, "interestIncome": 0, "interestExpense": 701000000, "depreciationAndAmortization": 1401000000, "ebitda": 3198000000, "ebitdaratio": 0.3677552898, "operatingIncome": 1760000000, "operatingIncomeRatio": 0.2023919043, "totalOtherIncomeExpensesNet": 28000000, "incomeBeforeTax": 1087000000, "incomeBeforeTaxRatio": 0.125, "incomeTaxExpense": 170000000, "netIncome": 917000000, "netIncomeRatio": 0.105450782, "eps": 1.37, "epsdiluted": 1.37, "weightedAverageShsOut": 630947000, "weightedAverageShsOutDil": 633179000, "link": "https://www.sec.gov/Archives/edgar/data/1130310/000113031024000010/0001130310-24-000010-index.htm", "finalLink": "https://www.sec.gov/Archives/edgar/data/48732/000113031024000010/cnp-20231231.htm", "calculatedOtherExpenses": 1863000000, "calculatedOperatingExpenses": 1926000000, "calculatedNetInterest": -701000000, "calculatedOtherIncome": 28000000, "calculatedIncomeNonControlling": 0, "calculatedEbitda": 3161000000}, {"date": "2022-12-31", "symbol": "CNP", "reportedCurrency": "USD", "cik": "0001130310", "fillingDate": "2023-02-17", "acceptedDate": "2023-02-17 06:17:48", "calendarYear": "2022", "period": "FY", "revenue": 9321000000, "costOfRevenue": 5924000000, "grossProfit": 3397000000, "grossProfitRatio": 0.3644458749, "researchAndDevelopmentExpenses": 0, "generalAndAdministrativeExpenses": 0, "sellingAndMarketingExpenses": 0, "sellingGeneralAndAdministrativeExpenses": 187000000, "otherExpenses": 1831000000, "operatingExpenses": 1831000000, "costAndExpenses": 7755000000, "interestIncome": 521000000, "interestExpense": 524000000, "depreciationAndAmortization": 1262000000, "ebitda": 2828000000, "ebitdaratio": 0.3034009226, "operatingIncome": 1566000000, "operatingIncomeRatio": 0.1680077245, "totalOtherIncomeExpensesNet": -149000000, "incomeBeforeTax": 1417000000, "incomeBeforeTaxRatio": 0.1520223152, "incomeTaxExpense": 360000000, "netIncome": 1057000000, "netIncomeRatio": 0.1133998498, "eps": 1.6, "epsdiluted": 1.59, "weightedAverageShsOut": 629415000, "weightedAverageShsOutDil": 632346000, "link": "https://www.sec.gov/Archives/edgar/data/1130310/000113031023000013/0001130310-23-000013-index.htm", "finalLink": "https://www.sec.gov/Archives/edgar/data/48732/000113031023000013/cnp-20221231.htm", "calculatedOtherExpenses": 1644000000, "calculatedOperatingExpenses": 1831000000, "calculatedNetInterest": -3000000, "calculatedOtherIncome": -146000000, "calculatedIncomeNonControlling": 0, "calculatedEbitda": 2828000000}, {"date": "2021-12-31", "symbol": "CNP", "reportedCurrency": "USD", "cik": "0001130310", "fillingDate": "2022-02-22", "acceptedDate": "2022-02-22 06:21:12", "calendarYear": "2021", "period": "FY", "revenue": 8352000000, "costOfRevenue": 5145000000, "grossProfit": 3207000000, "grossProfitRatio": 0.3839798851, "researchAndDevelopmentExpenses": 0, "generalAndAdministrativeExpenses": 0, "sellingAndMarketingExpenses": 0, "sellingGeneralAndAdministrativeExpenses": 120000000, "otherExpenses": 1844000000, "operatingExpenses": 1844000000, "costAndExpenses": 6989000000, "interestIncome": 526000000, "interestExpense": 529000000, "depreciationAndAmortization": 1374000000, "ebitda": 2737000000, "ebitdaratio": 0.3277059387, "operatingIncome": 1363000000, "operatingIncomeRatio": 0.1631944444, "totalOtherIncomeExpensesNet": -585000000, "incomeBeforeTax": 778000000, "incomeBeforeTaxRatio": 0.093151341, "incomeTaxExpense": 110000000, "netIncome": 668000000, "netIncomeRatio": 0.0799808429, "eps": 1.13, "epsdiluted": 1.1, "weightedAverageShsOut": 592933000, "weightedAverageShsOutDil": 609938000, "link": "https://www.sec.gov/Archives/edgar/data/1130310/000113031022000023/0001130310-22-000023-index.htm", "finalLink": "https://www.sec.gov/Archives/edgar/data/48732/000113031022000023/cnp-20211231.htm", "calculatedOtherExpenses": 1724000000, "calculatedOperatingExpenses": 1844000000, "calculatedNetInterest": -3000000, "calculatedOtherIncome": -582000000, "calculatedIncomeNonControlling": 0, "calculatedEbitda": 2737000000}, {"date": "2020-12-31", "symbol": "CNP", "reportedCurrency": "USD", "cik": "0001130310", "fillingDate": "2021-02-25", "acceptedDate": "2021-02-25 06:17:51", "calendarYear": "2020", "period": "FY", "revenue": 7418000000, "costOfRevenue": 4489000000, "grossProfit": 2929000000, "grossProfitRatio": 0.394850364, "researchAndDevelopmentExpenses": 0, "generalAndAdministrativeExpenses": 0, "sellingAndMarketingExpenses": 0, "sellingGeneralAndAdministrativeExpenses": 6000000, "otherExpenses": 1705000000, "operatingExpenses": 1705000000, "costAndExpenses": 6194000000, "interestIncome": 4000000, "interestExpense": 501000000, "depreciationAndAmortization": 1219000000, "ebitda": 1051000000, "ebitdaratio": 0.1416823942, "operatingIncome": -168000000, "operatingIncomeRatio": -0.0226476139, "totalOtherIncomeExpensesNet": -697000000, "incomeBeforeTax": -865000000, "incomeBeforeTaxRatio": -0.1166082502, "incomeTaxExpense": -274000000, "netIncome": -591000000, "netIncomeRatio": -0.0796710704, "eps": -1.11, "epsdiluted": -1.11, "weightedAverageShsOut": 531030999, "weightedAverageShsOutDil": 531030999, "link": "https://www.sec.gov/Archives/edgar/data/1130310/000113031021000009/0001130310-21-000009-index.htm", "finalLink": "https://www.sec.gov/Archives/edgar/data/48732/000113031021000009/cnp-20201231.htm", "calculatedOtherExpenses": 3091000000, "calculatedOperatingExpenses": 3097000000, "calculatedNetInterest": -497000000, "calculatedOtherIncome": -200000000, "calculatedIncomeNonControlling": 0, "calculatedEbitda": 1051000000}, {"date": "2019-12-31", "symbol": "CNP", "reportedCurrency": "USD", "cik": "0001130310", "fillingDate": "2020-02-27", "acceptedDate": "2020-02-27 06:29:09", "calendarYear": "2019", "period": "FY", "revenue": 7564000000, "costOfRevenue": 4794000000, "grossProfit": 2770000000, "grossProfitRatio": 0.3662083554, "researchAndDevelopmentExpenses": 0, "generalAndAdministrativeExpenses": 0, "sellingAndMarketingExpenses": 0, "sellingGeneralAndAdministrativeExpenses": 57000000, "otherExpenses": 1699000000, "operatingExpenses": 1699000000, "costAndExpenses": 6493000000, "interestIncome": 22000000, "interestExpense": 567000000, "depreciationAndAmortization": 1591000000, "ebitda": 2662000000, "ebitdaratio": 0.3519301957, "operatingIncome": 1071000000, "operatingIncomeRatio": 0.1415917504, "totalOtherIncomeExpensesNet": -297000000, "incomeBeforeTax": 774000000, "incomeBeforeTaxRatio": 0.1023268112, "incomeTaxExpense": 92000000, "netIncome": 791000000, "netIncomeRatio": 0.1045742993, "eps": 1.34, "epsdiluted": 1.33, "weightedAverageShsOut": 502050000, "weightedAverageShsOutDil": 505157000, "link": "https://www.sec.gov/Archives/edgar/data/1130310/000113031020000016/0001130310-20-000016-index.htm", "finalLink": "https://www.sec.gov/Archives/edgar/data/48732/000113031020000016/cnp10k12312019.htm", "calculatedOtherExpenses": 1642000000, "calculatedOperatingExpenses": 1699000000, "calculatedNetInterest": -545000000, "calculatedOtherIncome": 248000000, "calculatedIncomeNonControlling": -109000000, "calculatedEbitda": 2662000000}, {"date": "2018-12-31", "symbol": "CNP", "reportedCurrency": "USD", "cik": "0001130310", "fillingDate": "2019-02-28", "acceptedDate": "2019-02-28 06:29:10", "calendarYear": "2018", "period": "FY", "revenue": 10589000000, "costOfRevenue": 8109000000, "grossProfit": 2480000000, "grossProfitRatio": 0.2342053074, "researchAndDevelopmentExpenses": 0, "generalAndAdministrativeExpenses": 0, "sellingAndMarketingExpenses": 0, "sellingGeneralAndAdministrativeExpenses": 27000000, "otherExpenses": 50000000, "operatingExpenses": 1649000000, "costAndExpenses": 9758000000, "interestIncome": 0, "interestExpense": 420000000, "depreciationAndAmortization": 1291000000, "ebitda": 2479000000, "ebitdaratio": 0.2341108698, "operatingIncome": 831000000, "operatingIncomeRatio": 0.0784776655, "totalOtherIncomeExpensesNet": 103000000, "incomeBeforeTax": 514000000, "incomeBeforeTaxRatio": 0.0485409387, "incomeTaxExpense": 146000000, "netIncome": 368000000, "netIncomeRatio": 0.0347530456, "eps": 0.82, "epsdiluted": 0.81, "weightedAverageShsOut": 448829000, "weightedAverageShsOutDil": 452465000, "link": "https://www.sec.gov/Archives/edgar/data/1130310/000113031019000016/0001130310-19-000016-index.htm", "finalLink": "https://www.sec.gov/Archives/edgar/data/48732/000113031019000016/cnp_10kx12312018.htm", "calculatedOtherExpenses": 1622000000, "calculatedOperatingExpenses": 1649000000, "calculatedNetInterest": -420000000, "calculatedOtherIncome": 103000000, "calculatedIncomeNonControlling": 0, "calculatedEbitda": 2122000000}, {"date": "2017-12-31", "symbol": "CNP", "reportedCurrency": "USD", "cik": "0001130310", "fillingDate": "2018-02-22", "acceptedDate": "2018-02-22 06:24:04", "calendarYear": "2017", "period": "FY", "revenue": 9614000000, "costOfRevenue": 7115000000, "grossProfit": 2499000000, "grossProfitRatio": 0.2599334304, "researchAndDevelopmentExpenses": 0, "generalAndAdministrativeExpenses": 0, "sellingAndMarketingExpenses": 0, "sellingGeneralAndAdministrativeExpenses": 65000000, "otherExpenses": 60000000, "operatingExpenses": 1427000000, "costAndExpenses": 8542000000, "interestIncome": 0, "interestExpense": 368000000, "depreciationAndAmortization": 1060000000, "ebitda": 2435000000, "ebitdaratio": 0.2532764718, "operatingIncome": 1072000000, "operatingIncomeRatio": 0.1115040566, "totalOtherIncomeExpensesNet": 381000000, "incomeBeforeTax": 1063000000, "incomeBeforeTaxRatio": 0.1105679218, "incomeTaxExpense": -729000000, "netIncome": 1792000000, "netIncomeRatio": 0.1863948409, "eps": 4.16, "epsdiluted": 4.13, "weightedAverageShsOut": 430964000, "weightedAverageShsOutDil": 434308000, "link": "https://www.sec.gov/Archives/edgar/data/1130310/000113031018000003/0001130310-18-000003-index.htm", "finalLink": "https://www.sec.gov/Archives/edgar/data/1130310/000113031018000003/cnp_10kx12312017.htm", "calculatedOtherExpenses": 1362000000, "calculatedOperatingExpenses": 1427000000, "calculatedNetInterest": -368000000, "calculatedOtherIncome": 359000000, "calculatedIncomeNonControlling": 0, "calculatedEbitda": 2132000000}, {"date": "2016-12-31", "symbol": "CNP", "reportedCurrency": "USD", "cik": "0001130310", "fillingDate": "2017-02-28", "acceptedDate": "2017-02-28 06:22:13", "calendarYear": "2016", "period": "FY", "revenue": 7528000000, "costOfRevenue": 5059000000, "grossProfit": 2469000000, "grossProfitRatio": 0.3279755579, "researchAndDevelopmentExpenses": 0, "generalAndAdministrativeExpenses": 0, "sellingAndMarketingExpenses": 0, "sellingGeneralAndAdministrativeExpenses": 72000000, "otherExpenses": 35000000, "operatingExpenses": 1510000000, "costAndExpenses": 6569000000, "interestIncome": 0, "interestExpense": 405000000, "depreciationAndAmortization": 1152000000, "ebitda": 2330000000, "ebitdaratio": 0.3095111583, "operatingIncome": 959000000, "operatingIncomeRatio": 0.1273910733, "totalOtherIncomeExpensesNet": 156000000, "incomeBeforeTax": 686000000, "incomeBeforeTaxRatio": 0.0911264612, "incomeTaxExpense": 254000000, "netIncome": 432000000, "netIncomeRatio": 0.0573857598, "eps": 1, "epsdiluted": 1, "weightedAverageShsOut": 430606000, "weightedAverageShsOutDil": 433603000, "link": "https://www.sec.gov/Archives/edgar/data/1130310/000113031017000006/0001130310-17-000006-index.htm", "finalLink": "https://www.sec.gov/Archives/edgar/data/1130310/000113031017000006/cnp_10kx12312016.htm", "calculatedOtherExpenses": 1438000000, "calculatedOperatingExpenses": 1510000000, "calculatedNetInterest": -405000000, "calculatedOtherIncome": 132000000, "calculatedIncomeNonControlling": 0, "calculatedEbitda": 2111000000}, {"date": "2015-12-31", "symbol": "CNP", "reportedCurrency": "USD", "cik": "0001130310", "fillingDate": "2016-02-26", "acceptedDate": "2016-02-26 06:32:43", "calendarYear": "2015", "period": "FY", "revenue": 7386000000, "costOfRevenue": 5109000000, "grossProfit": 2277000000, "grossProfitRatio": 0.3082859464, "researchAndDevelopmentExpenses": 0, "generalAndAdministrativeExpenses": 0, "sellingAndMarketingExpenses": 0, "sellingGeneralAndAdministrativeExpenses": 0, "otherExpenses": 46000000, "operatingExpenses": 1344000000, "costAndExpenses": 6453000000, "interestIncome": 0, "interestExpense": 432000000, "depreciationAndAmortization": 997000000, "ebitda": 318000000, "ebitdaratio": 0.0430544273, "operatingIncome": 933000000, "operatingIncomeRatio": 0.126320065, "totalOtherIncomeExpensesNet": -1606000000, "incomeBeforeTax": -1130000000, "incomeBeforeTaxRatio": -0.1529921473, "incomeTaxExpense": -438000000, "netIncome": -692000000, "netIncomeRatio": -0.0936907663, "eps": -1.61, "epsdiluted": -1.61, "weightedAverageShsOut": 429813664, "weightedAverageShsOutDil": 430180000, "link": "https://www.sec.gov/Archives/edgar/data/1130310/000113031016000031/0001130310-16-000031-index.htm", "finalLink": "https://www.sec.gov/Archives/edgar/data/1130310/000113031016000031/cnp_10kx12312015.htm", "calculatedOtherExpenses": 1344000000, "calculatedOperatingExpenses": 1344000000, "calculatedNetInterest": -432000000, "calculatedOtherIncome": -1631000000, "calculatedIncomeNonControlling": 0, "calculatedEbitda": 1930000000}, {"date": "2014-12-31", "symbol": "CNP", "reportedCurrency": "USD", "cik": "0001130310", "fillingDate": "2015-02-26", "acceptedDate": "2015-02-26 08:15:35", "calendarYear": "2014", "period": "FY", "revenue": 9226000000, "costOfRevenue": 6890000000, "grossProfit": 2336000000, "grossProfitRatio": 0.2531974854, "researchAndDevelopmentExpenses": 0, "generalAndAdministrativeExpenses": 0, "sellingAndMarketingExpenses": 0, "sellingGeneralAndAdministrativeExpenses": 0, "otherExpenses": 36000000, "operatingExpenses": 1401000000, "costAndExpenses": 8291000000, "interestIncome": 0, "interestExpense": 446000000, "depreciationAndAmortization": 1041000000, "ebitda": 2295000000, "ebitdaratio": 0.2487535227, "operatingIncome": 935000000, "operatingIncomeRatio": 0.1013440277, "totalOtherIncomeExpensesNet": 421000000, "incomeBeforeTax": 885000000, "incomeBeforeTaxRatio": 0.095924561, "incomeTaxExpense": 274000000, "netIncome": 611000000, "netIncomeRatio": 0.0662258834, "eps": 1.42, "epsdiluted": 1.42, "weightedAverageShsOut": 429634000, "weightedAverageShsOutDil": 431668000, "link": "https://www.sec.gov/Archives/edgar/data/1130310/000113031015000008/0001130310-15-000008-index.htm", "finalLink": "https://www.sec.gov/Archives/edgar/data/1130310/000113031015000008/cnp_10kx12312014.htm", "calculatedOtherExpenses": 1401000000, "calculatedOperatingExpenses": 1401000000, "calculatedNetInterest": -446000000, "calculatedOtherIncome": 396000000, "calculatedIncomeNonControlling": 0, "calculatedEbitda": 1976000000}, {"date": "2013-12-31", "symbol": "CNP", "reportedCurrency": "USD", "cik": "0001130310", "fillingDate": "2014-02-26", "acceptedDate": "2014-02-26 08:16:34", "calendarYear": "2013", "period": "FY", "revenue": 8106000000, "costOfRevenue": 5755000000, "grossProfit": 2351000000, "grossProfitRatio": 0.290032075, "researchAndDevelopmentExpenses": 0, "generalAndAdministrativeExpenses": 0, "sellingAndMarketingExpenses": 0, "sellingGeneralAndAdministrativeExpenses": 0, "otherExpenses": 24000000, "operatingExpenses": 1341000000, "costAndExpenses": 7096000000, "interestIncome": 0, "interestExpense": 484000000, "depreciationAndAmortization": 954000000, "ebitda": 2176000000, "ebitdaratio": 0.2684431285, "operatingIncome": 1010000000, "operatingIncomeRatio": 0.1245990624, "totalOtherIncomeExpensesNet": 255000000, "incomeBeforeTax": 781000000, "incomeBeforeTaxRatio": 0.0963483839, "incomeTaxExpense": 470000000, "netIncome": 311000000, "netIncomeRatio": 0.038366642, "eps": 0.73, "epsdiluted": 0.72, "weightedAverageShsOut": 428000000, "weightedAverageShsOutDil": 431000000, "link": "https://www.sec.gov/Archives/edgar/data/1130310/000113031014000005/0001130310-14-000005-index.htm", "finalLink": "https://www.sec.gov/Archives/edgar/data/1130310/000113031014000005/cnp_10kx12312013.htm", "calculatedOtherExpenses": 1341000000, "calculatedOperatingExpenses": 1341000000, "calculatedNetInterest": -484000000, "calculatedOtherIncome": 255000000, "calculatedIncomeNonControlling": 0, "calculatedEbitda": 1964000000}, {"date": "2012-12-31", "symbol": "CNP", "reportedCurrency": "USD", "cik": "0001130310", "fillingDate": "2013-02-27", "acceptedDate": "2013-02-27 08:17:23", "calendarYear": "2012", "period": "FY", "revenue": 7452000000, "costOfRevenue": 4747000000, "grossProfit": 2705000000, "grossProfitRatio": 0.3629898014, "researchAndDevelopmentExpenses": 0, "generalAndAdministrativeExpenses": 0, "sellingAndMarketingExpenses": 0, "sellingGeneralAndAdministrativeExpenses": 0, "otherExpenses": 38000000, "operatingExpenses": 1415000000, "costAndExpenses": 6162000000, "interestIncome": 0, "interestExpense": 569000000, "depreciationAndAmortization": 1050000000, "ebitda": 2409000000, "ebitdaratio": 0.3232689211, "operatingIncome": 1038000000, "operatingIncomeRatio": 0.1392914654, "totalOtherIncomeExpensesNet": 36000000, "incomeBeforeTax": 757000000, "incomeBeforeTaxRatio": 0.1015834675, "incomeTaxExpense": 340000000, "netIncome": 417000000, "netIncomeRatio": 0.055958132, "eps": 0.98, "epsdiluted": 0.97, "weightedAverageShsOut": 427000000, "weightedAverageShsOutDil": 430000000, "link": "https://www.sec.gov/Archives/edgar/data/1130310/000113031013000006/0001130310-13-000006-index.htm", "finalLink": "https://www.sec.gov/Archives/edgar/data/1130310/000113031013000006/cnp_10kx12312012.htm", "calculatedOtherExpenses": 1667000000, "calculatedOperatingExpenses": 1667000000, "calculatedNetInterest": -569000000, "calculatedOtherIncome": 288000000, "calculatedIncomeNonControlling": 0, "calculatedEbitda": 2088000000}, {"date": "2011-12-31", "symbol": "CNP", "reportedCurrency": "USD", "cik": "0001130310", "fillingDate": "2012-02-29", "acceptedDate": "2012-02-29 08:02:43", "calendarYear": "2011", "period": "FY", "revenue": 8450000000, "costOfRevenue": 4055000000, "grossProfit": 4395000000, "grossProfitRatio": 0.5201183432, "researchAndDevelopmentExpenses": 0, "generalAndAdministrativeExpenses": 0, "sellingAndMarketingExpenses": 0, "sellingGeneralAndAdministrativeExpenses": 0, "otherExpenses": 3097000000, "operatingExpenses": 3097000000, "costAndExpenses": 7152000000, "interestIncome": 0, "interestExpense": 583000000, "depreciationAndAmortization": 886000000, "ebitda": 2214000000, "ebitdaratio": 0.2620118343, "operatingIncome": 1298000000, "operatingIncomeRatio": 0.1536094675, "totalOtherIncomeExpensesNet": 459000000, "incomeBeforeTax": 1174000000, "incomeBeforeTaxRatio": 0.1389349112, "incomeTaxExpense": 404000000, "netIncome": 1357000000, "netIncomeRatio": 0.160591716, "eps": 3.19, "epsdiluted": 3.17, "weightedAverageShsOut": 426000000, "weightedAverageShsOutDil": 429000000, "link": "https://www.sec.gov/Archives/edgar/data/1130310/000113031012000011/0001130310-12-000011-index.htm", "finalLink": "https://www.sec.gov/Archives/edgar/data/1130310/000113031012000011/cnp_10kx12312011.htm", "calculatedOtherExpenses": 3097000000, "calculatedOperatingExpenses": 3097000000, "calculatedNetInterest": -583000000, "calculatedOtherIncome": 459000000, "calculatedIncomeNonControlling": -587000000, "calculatedEbitda": 2184000000}, {"date": "2010-12-31", "symbol": "CNP", "reportedCurrency": "USD", "cik": "0001130310", "fillingDate": "2011-03-01", "acceptedDate": "2011-03-01 08:00:56", "calendarYear": "2010", "period": "FY", "revenue": 8785000000, "costOfRevenue": 4574000000, "grossProfit": 4211000000, "grossProfitRatio": 0.4793397837, "researchAndDevelopmentExpenses": 0, "generalAndAdministrativeExpenses": 0, "sellingAndMarketingExpenses": 0, "sellingGeneralAndAdministrativeExpenses": 0, "otherExpenses": 2962000000, "operatingExpenses": 2962000000, "costAndExpenses": 7536000000, "interestIncome": 0, "interestExpense": 621000000, "depreciationAndAmortization": 864000000, "ebitda": 2142000000, "ebitdaratio": 0.2438247012, "operatingIncome": 1249000000, "operatingIncomeRatio": 0.1421741605, "totalOtherIncomeExpensesNet": 77000000, "incomeBeforeTax": 705000000, "incomeBeforeTaxRatio": 0.0802504269, "incomeTaxExpense": 263000000, "netIncome": 442000000, "netIncomeRatio": 0.0503130336, "eps": 1.08, "epsdiluted": 1.07, "weightedAverageShsOut": 410000000, "weightedAverageShsOutDil": 413000000, "link": "https://www.sec.gov/Archives/edgar/data/1130310/000113031011000006/0001130310-11-000006-index.htm", "finalLink": "https://www.sec.gov/Archives/edgar/data/1130310/000113031011000006/form10-k.htm", "calculatedOtherExpenses": 2962000000, "calculatedOperatingExpenses": 2962000000, "calculatedNetInterest": -621000000, "calculatedOtherIncome": 77000000, "calculatedIncomeNonControlling": 0, "calculatedEbitda": 2113000000}, {"date": "2009-12-31", "symbol": "CNP", "reportedCurrency": "USD", "cik": "0001130310", "fillingDate": "2010-02-26", "acceptedDate": "2010-02-26 08:01:27", "calendarYear": "2009", "period": "FY", "revenue": 8281000000, "costOfRevenue": 4371000000, "grossProfit": 3910000000, "grossProfitRatio": 0.4721651974, "researchAndDevelopmentExpenses": 0, "generalAndAdministrativeExpenses": 0, "sellingAndMarketingExpenses": 0, "sellingGeneralAndAdministrativeExpenses": 0, "otherExpenses": 2786000000, "operatingExpenses": 2786000000, "costAndExpenses": 7157000000, "interestIncome": 0, "interestExpense": 644000000, "depreciationAndAmortization": 743000000, "ebitda": 1885000000, "ebitdaratio": 0.2276295133, "operatingIncome": 1124000000, "operatingIncomeRatio": 0.1357323995, "totalOtherIncomeExpensesNet": 68000000, "incomeBeforeTax": 548000000, "incomeBeforeTaxRatio": 0.0661755827, "incomeTaxExpense": 176000000, "netIncome": 372000000, "netIncomeRatio": 0.0449221109, "eps": 1.02, "epsdiluted": 1.01, "weightedAverageShsOut": 365000000, "weightedAverageShsOutDil": 368000000, "link": "https://www.sec.gov/Archives/edgar/data/1130310/000113031010000006/0001130310-10-000006-index.htm", "finalLink": "https://www.sec.gov/Archives/edgar/data/1130310/000113031010000006/form10-k.htm", "calculatedOtherExpenses": 2786000000, "calculatedOperatingExpenses": 2786000000, "calculatedNetInterest": -644000000, "calculatedOtherIncome": 68000000, "calculatedIncomeNonControlling": 0, "calculatedEbitda": 1867000000}, {"date": "2008-12-31", "symbol": "CNP", "reportedCurrency": "USD", "cik": "0001130310", "fillingDate": "2009-02-25", "acceptedDate": "2009-02-25 08:02:15", "calendarYear": "2008", "period": "FY", "revenue": 11322000000, "costOfRevenue": 7466000000, "grossProfit": 3856000000, "grossProfitRatio": 0.34057587, "researchAndDevelopmentExpenses": 0, "generalAndAdministrativeExpenses": 0, "sellingAndMarketingExpenses": 0, "sellingGeneralAndAdministrativeExpenses": 0, "otherExpenses": 2583000000, "operatingExpenses": 2583000000, "costAndExpenses": 10049000000, "interestIncome": 0, "interestExpense": -466000000, "depreciationAndAmortization": 736000000, "ebitda": 1955000000, "ebitdaratio": 0.1726726727, "operatingIncome": 1273000000, "operatingIncomeRatio": 0.1124359654, "totalOtherIncomeExpensesNet": 54000000, "incomeBeforeTax": 725000000, "incomeBeforeTaxRatio": 0.0640346229, "incomeTaxExpense": 278000000, "netIncome": 447000000, "netIncomeRatio": 0.0394806571, "eps": 1.32, "epsdiluted": 1.3, "weightedAverageShsOut": 336000000, "weightedAverageShsOutDil": 344000000, "link": "https://www.sec.gov/Archives/edgar/data/1130310/000113031009000004/0001130310-09-000004-index.htm", "finalLink": "https://www.sec.gov/Archives/edgar/data/1130310/000113031009000004/form10_k.htm", "calculatedOtherExpenses": 2583000000, "calculatedOperatingExpenses": 2583000000, "calculatedNetInterest": 466000000, "calculatedOtherIncome": -1014000000, "calculatedIncomeNonControlling": 0, "calculatedEbitda": 2009000000}, {"date": "2007-12-31", "symbol": "CNP", "reportedCurrency": "USD", "cik": "0001130310", "fillingDate": "2008-02-28", "acceptedDate": "2008-02-28 08:01:13", "calendarYear": "2007", "period": "FY", "revenue": 9623000000, "costOfRevenue": 5995000000, "grossProfit": 3628000000, "grossProfitRatio": 0.3770134054, "researchAndDevelopmentExpenses": 0, "generalAndAdministrativeExpenses": 0, "sellingAndMarketingExpenses": 0, "sellingGeneralAndAdministrativeExpenses": 0, "otherExpenses": 2411000000, "operatingExpenses": 2411000000, "costAndExpenses": 8406000000, "interestIncome": 0, "interestExpense": -503000000, "depreciationAndAmortization": 696000000, "ebitda": 1910000000, "ebitdaratio": 0.1984828016, "operatingIncome": 1217000000, "operatingIncomeRatio": 0.1264678375, "totalOtherIncomeExpensesNet": 3000000, "incomeBeforeTax": 594000000, "incomeBeforeTaxRatio": 0.0617271121, "incomeTaxExpense": 195000000, "netIncome": 399000000, "netIncomeRatio": 0.0414631612, "eps": 1.25, "epsdiluted": 1.17, "weightedAverageShsOut": 320480000, "weightedAverageShsOutDil": 342507000, "link": "https://www.sec.gov/Archives/edgar/data/1130310/000095013408003670/0000950134-08-003670-index.htm", "finalLink": "https://www.sec.gov/Archives/edgar/data/1130310/000095013408003670/h54051e10vk.htm", "calculatedOtherExpenses": 2411000000, "calculatedOperatingExpenses": 2411000000, "calculatedNetInterest": 503000000, "calculatedOtherIncome": -1126000000, "calculatedIncomeNonControlling": 0, "calculatedEbitda": 1913000000}, {"date": "2006-12-31", "symbol": "CNP", "reportedCurrency": "USD", "cik": "0001130310", "fillingDate": "2007-02-28", "acceptedDate": "2007-02-28 08:03:27", "calendarYear": "2006", "period": "FY", "revenue": 9319000000, "costOfRevenue": 5909000000, "grossProfit": 3410000000, "grossProfitRatio": 0.36591909, "researchAndDevelopmentExpenses": 0, "generalAndAdministrativeExpenses": 0, "sellingAndMarketingExpenses": 0, "sellingGeneralAndAdministrativeExpenses": 0, "otherExpenses": 2365000000, "operatingExpenses": 2365000000, "costAndExpenses": 8274000000, "interestIncome": 0, "interestExpense": 600000000, "depreciationAndAmortization": 655000000, "ebitda": 1651000000, "ebitdaratio": 0.1771649319, "operatingIncome": 1045000000, "operatingIncomeRatio": 0.1121364953, "totalOtherIncomeExpensesNet": 49000000, "incomeBeforeTax": 494000000, "incomeBeforeTaxRatio": 0.0530099796, "incomeTaxExpense": 62000000, "netIncome": 432000000, "netIncomeRatio": 0.0463569052, "eps": 1.39, "epsdiluted": 1.33, "weightedAverageShsOut": 310791367, "weightedAverageShsOutDil": 324812030, "link": "https://www.sec.gov/Archives/edgar/data/1130310/000095013407004335/0000950134-07-004335-index.htm", "finalLink": "https://www.sec.gov/Archives/edgar/data/1130310/000095013407004335/h43783e10vk.htm", "calculatedOtherExpenses": 2365000000, "calculatedOperatingExpenses": 2365000000, "calculatedNetInterest": -600000000, "calculatedOtherIncome": 49000000, "calculatedIncomeNonControlling": 0, "calculatedEbitda": 1700000000}, {"date": "2005-12-31", "symbol": "CNP", "reportedCurrency": "USD", "cik": "0001130310", "fillingDate": "2006-03-16", "acceptedDate": "2006-03-16 06:31:20", "calendarYear": "2005", "period": "FY", "revenue": 9722000000, "costOfRevenue": 6509000000, "grossProfit": 3213000000, "grossProfitRatio": 0.330487554, "researchAndDevelopmentExpenses": 0, "generalAndAdministrativeExpenses": 0, "sellingAndMarketingExpenses": 0, "sellingGeneralAndAdministrativeExpenses": 0, "otherExpenses": 2153000000, "operatingExpenses": 2153000000, "costAndExpenses": 8662000000, "interestIncome": 0, "interestExpense": 710000000, "depreciationAndAmortization": 618000000, "ebitda": 1650000000, "ebitdaratio": 0.169718165, "operatingIncome": 1060000000, "operatingIncomeRatio": 0.1090310636, "totalOtherIncomeExpensesNet": 28000000, "incomeBeforeTax": 378000000, "incomeBeforeTaxRatio": 0.0388808887, "incomeTaxExpense": 153000000, "netIncome": 252000000, "netIncomeRatio": 0.0259205925, "eps": 0.81, "epsdiluted": 0.75, "weightedAverageShsOut": 311111111, "weightedAverageShsOutDil": 336000000, "link": "https://www.sec.gov/Archives/edgar/data/1130310/000095013406005252/0000950134-06-005252-index.htm", "finalLink": "https://www.sec.gov/Archives/edgar/data/1130310/000095013406005252/h33322e10vk.txt", "calculatedOtherExpenses": 2153000000, "calculatedOperatingExpenses": 2153000000, "calculatedNetInterest": -710000000, "calculatedOtherIncome": 28000000, "calculatedIncomeNonControlling": -27000000, "calculatedEbitda": 1678000000}, {"date": "2004-12-31", "symbol": "CNP", "reportedCurrency": "USD", "cik": "0001130310", "fillingDate": "2005-03-16", "acceptedDate": "2005-03-16 09:48:16", "calendarYear": "2004", "period": "FY", "revenue": 8510428000, "costOfRevenue": 5524451000, "grossProfit": 2985977000, "grossProfitRatio": 0.3508609673, "researchAndDevelopmentExpenses": 0, "generalAndAdministrativeExpenses": 0, "sellingAndMarketingExpenses": 0, "sellingGeneralAndAdministrativeExpenses": 0, "otherExpenses": 1895858000, "operatingExpenses": 1895858000, "costAndExpenses": 7420309000, "interestIncome": 0, "interestExpense": 0, "depreciationAndAmortization": 582096000, "ebitda": 1641013000, "ebitdaratio": 0.1928237922, "operatingIncome": 1090119000, "operatingIncomeRatio": 0.1280921477, "totalOtherIncomeExpensesNet": 31202000, "incomeBeforeTax": 344021000, "incomeBeforeTaxRatio": 0.0404234664, "incomeTaxExpense": 138306000, "netIncome": -904704000, "netIncomeRatio": -0.1063053468, "eps": -2.94, "epsdiluted": -2.48, "weightedAverageShsOut": 307482993, "weightedAverageShsOutDil": 364516129, "link": "https://www.sec.gov/Archives/edgar/data/1130310/000095012905002466/0000950129-05-002466-index.htm", "finalLink": "https://www.sec.gov/Archives/edgar/data/1130310/000095012905002466/h23047e10vk.txt", "calculatedOtherExpenses": 1895858000, "calculatedOperatingExpenses": 1895858000, "calculatedNetInterest": 0, "calculatedOtherIncome": -746098000, "calculatedIncomeNonControlling": 1110419000, "calculatedEbitda": 1672215000}, {"date": "2003-12-31", "symbol": "CNP", "reportedCurrency": "USD", "cik": "0001130310", "fillingDate": "2004-03-15", "acceptedDate": "2004-03-15 06:04:59", "calendarYear": "2003", "period": "FY", "revenue": 9760124000, "costOfRevenue": 5439907000, "grossProfit": 4320217000, "grossProfitRatio": 0.4426395607, "researchAndDevelopmentExpenses": 0, "generalAndAdministrativeExpenses": 0, "sellingAndMarketingExpenses": 0, "sellingGeneralAndAdministrativeExpenses": 0, "otherExpenses": 2716053000, "operatingExpenses": 2716053000, "costAndExpenses": 8155960000, "interestIncome": 0, "interestExpense": 933820000, "depreciationAndAmortization": 799923000, "ebitda": 2409666000, "ebitdaratio": 0.2468888715, "operatingIncome": 1604164000, "operatingIncomeRatio": 0.1643589774, "totalOtherIncomeExpensesNet": -5579000, "incomeBeforeTax": 636012000, "incomeBeforeTaxRatio": 0.065164336, "incomeTaxExpense": 216301000, "netIncome": 483667000, "netIncomeRatio": 0.0495554155, "eps": 1.59, "epsdiluted": 1.46, "weightedAverageShsOut": 304193082, "weightedAverageShsOutDil": 331278767, "link": "https://www.sec.gov/Archives/edgar/data/1130310/000095012904001267/0000950129-04-001267-index.htm", "finalLink": "https://www.sec.gov/Archives/edgar/data/1130310/000095012904001267/h13311e10vk.txt", "calculatedOtherExpenses": 2716053000, "calculatedOperatingExpenses": 2716053000, "calculatedNetInterest": -933820000, "calculatedOtherIncome": -34332000, "calculatedIncomeNonControlling": -63956000, "calculatedEbitda": 2404087000}, {"date": "2002-12-31", "symbol": "CNP", "reportedCurrency": "USD", "cik": "0001130310", "fillingDate": "2003-03-10", "acceptedDate": "2003-03-10 17:21:09", "calendarYear": "2002", "period": "FY", "revenue": 7922498000, "costOfRevenue": 3990114000, "grossProfit": 3932384000, "grossProfitRatio": 0.4963565784, "researchAndDevelopmentExpenses": 0, "generalAndAdministrativeExpenses": 0, "sellingAndMarketingExpenses": 0, "sellingGeneralAndAdministrativeExpenses": 0, "otherExpenses": 2602948000, "operatingExpenses": 2602948000, "costAndExpenses": 6593062000, "interestIncome": 0, "interestExpense": 0, "depreciationAndAmortization": 628499000, "ebitda": 1954817000, "ebitdaratio": 0.2467425047, "operatingIncome": 1329436000, "operatingIncomeRatio": 0.1678051544, "totalOtherIncomeExpensesNet": 3118000, "incomeBeforeTax": 594309000, "incomeBeforeTaxRatio": 0.075015355, "incomeTaxExpense": 208026000, "netIncome": -3920234000, "netIncomeRatio": -0.4948229712, "eps": -13.16, "epsdiluted": -13.08, "weightedAverageShsOut": 297890122, "weightedAverageShsOutDil": 299712080, "link": "https://www.sec.gov/Archives/edgar/data/1130310/000095012903001299/0000950129-03-001299-index.htm", "finalLink": "https://www.sec.gov/Archives/edgar/data/1130310/000095012903001299/h03755e10vk.txt", "calculatedOtherExpenses": 2602948000, "calculatedOperatingExpenses": 2602948000, "calculatedNetInterest": 0, "calculatedOtherIncome": -735127000, "calculatedIncomeNonControlling": 4306517000, "calculatedEbitda": 1957935000}, {"date": "2001-12-31", "symbol": "CNP", "reportedCurrency": "USD", "cik": "0001130310", "fillingDate": "2002-04-01", "acceptedDate": "2002-04-01 00:00:00", "calendarYear": "2001", "period": "FY", "revenue": 46225837000, "costOfRevenue": 40048260000, "grossProfit": 6177577000, "grossProfitRatio": 0.1336390513, "researchAndDevelopmentExpenses": 0, "generalAndAdministrativeExpenses": 0, "sellingAndMarketingExpenses": 0, "sellingGeneralAndAdministrativeExpenses": 0, "otherExpenses": 4188459000, "operatingExpenses": 4188459000, "costAndExpenses": 44236719000, "interestIncome": 0, "interestExpense": 0, "depreciationAndAmortization": 911450000, "ebitda": 2731814000, "ebitdaratio": 0.0590971235, "operatingIncome": 1989118000, "operatingIncomeRatio": 0.0430304377, "totalOtherIncomeExpensesNet": 168754000, "incomeBeforeTax": 1418785000, "incomeBeforeTaxRatio": 0.0306924675, "incomeTaxExpense": 499845000, "netIncome": 980559000, "netIncomeRatio": 0.0212123579, "eps": 3.38, "epsdiluted": 3.35, "weightedAverageShsOut": 289852367, "weightedAverageShsOutDil": 292448060, "link": "https://www.sec.gov/Archives/edgar/data/1130310/000095012902001679/0000950129-02-001679-index.htm", "finalLink": "https://www.sec.gov/Archives/edgar/data/1130310/000095012902001679/h95548e10-k405.txt", "calculatedOtherExpenses": 4188459000, "calculatedOperatingExpenses": 4188459000, "calculatedNetInterest": 0, "calculatedOtherIncome": -570333000, "calculatedIncomeNonControlling": -61619000, "calculatedEbitda": 2900568000}, {"date": "2000-12-31", "symbol": "CNP", "reportedCurrency": "USD", "cik": "0001130310", "fillingDate": "2000-12-31", "acceptedDate": "2000-12-30 19:00:00", "calendarYear": "2000", "period": "FY", "revenue": 29339384000, "costOfRevenue": 23699654000, "grossProfit": 5639730000, "grossProfitRatio": 0.1922238722, "researchAndDevelopmentExpenses": 0, "generalAndAdministrativeExpenses": 0, "sellingAndMarketingExpenses": 0, "sellingGeneralAndAdministrativeExpenses": 0, "otherExpenses": 3760596000, "operatingExpenses": 3760596000, "costAndExpenses": 27460250000, "interestIncome": 0, "interestExpense": 754441000, "depreciationAndAmortization": 906328000, "ebitda": 2761955000, "ebitdaratio": 0.0941381387, "operatingIncome": 1879134000, "operatingIncomeRatio": 0.064048175, "totalOtherIncomeExpensesNet": 23507000, "incomeBeforeTax": 1148200000, "incomeBeforeTaxRatio": 0.0391351093, "incomeTaxExpense": 377064000, "netIncome": 447500000, "netIncomeRatio": 0.0152525356, "eps": 1.57, "epsdiluted": 1.56, "weightedAverageShsOut": 284784076, "weightedAverageShsOutDil": 286609615, "link": "", "finalLink": "", "calculatedOtherExpenses": 3760596000, "calculatedOperatingExpenses": 3760596000, "calculatedNetInterest": -754441000, "calculatedOtherIncome": 23507000, "calculatedIncomeNonControlling": 323636000, "calculatedEbitda": 2785462000}, {"date": "1999-12-31", "symbol": "CNP", "reportedCurrency": "USD", "cik": "0001130310", "fillingDate": "1999-12-31", "acceptedDate": "1999-12-30 19:00:00", "calendarYear": "1999", "period": "FY", "revenue": 15302800000, "costOfRevenue": 10885600000, "grossProfit": 4417200000, "grossProfitRatio": 0.288653057, "researchAndDevelopmentExpenses": 0, "generalAndAdministrativeExpenses": 0, "sellingAndMarketingExpenses": 0, "sellingGeneralAndAdministrativeExpenses": 0, "otherExpenses": 1353700000, "operatingExpenses": 1353700000, "costAndExpenses": 12239300000, "interestIncome": 0, "interestExpense": 0, "depreciationAndAmortization": 911100000, "ebitda": 3961700000, "ebitdaratio": 0.2588872625, "operatingIncome": 3063500000, "operatingIncomeRatio": 0.2001921217, "totalOtherIncomeExpensesNet": 12900000, "incomeBeforeTax": 2564800000, "incomeBeforeTaxRatio": 0.1676033144, "incomeTaxExpense": 899100000, "netIncome": 1849000000, "netIncomeRatio": 0.120827561, "eps": 5.2, "epsdiluted": 5.18, "weightedAverageShsOut": 285040000, "weightedAverageShsOutDil": 286021000, "link": "", "finalLink": "", "calculatedOtherExpenses": 1353700000, "calculatedOperatingExpenses": 1353700000, "calculatedNetInterest": 0, "calculatedOtherIncome": -498700000, "calculatedIncomeNonControlling": -183300000, "calculatedEbitda": 3974600000}, {"date": "1998-12-31", "symbol": "CNP", "reportedCurrency": "USD", "cik": "0001130310", "fillingDate": "1998-12-31", "acceptedDate": "1998-12-30 19:00:00", "calendarYear": "1998", "period": "FY", "revenue": 11488500000, "costOfRevenue": 6999800000, "grossProfit": 4488700000, "grossProfitRatio": 0.3907124516, "researchAndDevelopmentExpenses": 0, "generalAndAdministrativeExpenses": 0, "sellingAndMarketingExpenses": 0, "sellingGeneralAndAdministrativeExpenses": 0, "otherExpenses": 4187500000, "operatingExpenses": 4187500000, "costAndExpenses": 11187300000, "interestIncome": 0, "interestExpense": 0, "depreciationAndAmortization": 882100000, "ebitda": 1118200000, "ebitdaratio": 0.0973321147, "operatingIncome": 301200000, "operatingIncomeRatio": 0.0262175219, "totalOtherIncomeExpensesNet": 65100000, "incomeBeforeTax": -171500000, "incomeBeforeTaxRatio": -0.0149279714, "incomeTaxExpense": -30400000, "netIncome": -141100000, "netIncomeRatio": -0.0122818471, "eps": -0.5, "epsdiluted": -0.5, "weightedAverageShsOut": 282964000, "weightedAverageShsOutDil": 282964000, "link": "", "finalLink": "", "calculatedOtherExpenses": 4187500000, "calculatedOperatingExpenses": 4187500000, "calculatedNetInterest": 0, "calculatedOtherIncome": -472700000, "calculatedIncomeNonControlling": 0, "calculatedEbitda": 1183300000}, {"date": "1997-12-31", "symbol": "CNP", "reportedCurrency": "USD", "cik": "0001130310", "fillingDate": "1997-12-31", "acceptedDate": "1997-12-30 19:00:00", "calendarYear": "1997", "period": "FY", "revenue": 6873400000, "costOfRevenue": 3518300000, "grossProfit": 3355100000, "grossProfitRatio": 0.4881281462, "researchAndDevelopmentExpenses": 0, "generalAndAdministrativeExpenses": 0, "sellingAndMarketingExpenses": 0, "sellingGeneralAndAdministrativeExpenses": 0, "otherExpenses": 2355700000, "operatingExpenses": 2355700000, "costAndExpenses": 5874000000, "interestIncome": 0, "interestExpense": 0, "depreciationAndAmortization": 635000000, "ebitda": 1634400000, "ebitdaratio": 0.2377862484, "operatingIncome": 999400000, "operatingIncomeRatio": 0.1454011115, "totalOtherIncomeExpensesNet": 45100000, "incomeBeforeTax": 627500000, "incomeBeforeTaxRatio": 0.0912939739, "incomeTaxExpense": 206400000, "netIncome": 421100000, "netIncomeRatio": 0.0612651672, "eps": 1.66, "epsdiluted": 1.66, "weightedAverageShsOut": 253554217, "weightedAverageShsOutDil": 253554217, "link": "", "finalLink": "", "calculatedOtherExpenses": 2355700000, "calculatedOperatingExpenses": 2355700000, "calculatedNetInterest": 0, "calculatedOtherIncome": -371900000, "calculatedIncomeNonControlling": 0, "calculatedEbitda": 1634400000}, {"date": "1996-12-31", "symbol": "CNP", "reportedCurrency": "USD", "cik": "0001130310", "fillingDate": "1996-12-31", "acceptedDate": "1996-12-30 19:00:00", "calendarYear": "1996", "period": "FY", "revenue": 4095300000, "costOfRevenue": 1347200000, "grossProfit": 2748100000, "grossProfitRatio": 0.6710375308, "researchAndDevelopmentExpenses": 0, "generalAndAdministrativeExpenses": 0, "sellingAndMarketingExpenses": 0, "sellingGeneralAndAdministrativeExpenses": 0, "otherExpenses": 1852600000, "operatingExpenses": 1852600000, "costAndExpenses": 3199800000, "interestIncome": 0, "interestExpense": 0, "depreciationAndAmortization": 554700000, "ebitda": 1450200000, "ebitdaratio": 0.3541132518, "operatingIncome": 895500000, "operatingIncomeRatio": 0.2186652992, "totalOtherIncomeExpensesNet": 29200000, "incomeBeforeTax": 605100000, "incomeBeforeTaxRatio": 0.1477547432, "incomeTaxExpense": 200200000, "netIncome": 404900000, "netIncomeRatio": 0.0988694357, "eps": 1.66, "epsdiluted": 1.66, "weightedAverageShsOut": 243915663, "weightedAverageShsOutDil": 243915663, "link": "", "finalLink": "", "calculatedOtherExpenses": 1852600000, "calculatedOperatingExpenses": 1852600000, "calculatedNetInterest": 0, "calculatedOtherIncome": -290400000, "calculatedIncomeNonControlling": 0, "calculatedEbitda": 1450200000}, {"date": "1995-12-31", "symbol": "CNP", "reportedCurrency": "USD", "cik": "0001130310", "fillingDate": "1995-12-31", "acceptedDate": "1995-12-30 19:00:00", "calendarYear": "1995", "period": "FY", "revenue": 3730200000, "costOfRevenue": 1112600000, "grossProfit": 2617600000, "grossProfitRatio": 0.7017318106, "researchAndDevelopmentExpenses": 0, "generalAndAdministrativeExpenses": 0, "sellingAndMarketingExpenses": 0, "sellingGeneralAndAdministrativeExpenses": 0, "otherExpenses": 1712600000, "operatingExpenses": 1712600000, "costAndExpenses": 2825200000, "interestIncome": 0, "interestExpense": 0, "depreciationAndAmortization": 505700000, "ebitda": 1410700000, "ebitdaratio": 0.3781834754, "operatingIncome": 905000000, "operatingIncomeRatio": 0.242614337, "totalOtherIncomeExpensesNet": 800000, "incomeBeforeTax": 597000000, "incomeBeforeTaxRatio": 0.1600450378, "incomeTaxExpense": 199600000, "netIncome": 1105500000, "netIncomeRatio": 0.2963648062, "eps": 4.46, "epsdiluted": 4.46, "weightedAverageShsOut": 247869955, "weightedAverageShsOutDil": 247869955, "link": "", "finalLink": "", "calculatedOtherExpenses": 1712600000, "calculatedOperatingExpenses": 1712600000, "calculatedNetInterest": 0, "calculatedOtherIncome": -308000000, "calculatedIncomeNonControlling": -708100000, "calculatedEbitda": 1410700000}, {"date": "1994-12-31", "symbol": "CNP", "reportedCurrency": "USD", "cik": "0001130310", "fillingDate": "1994-12-31", "acceptedDate": "1994-12-30 19:00:00", "calendarYear": "1994", "period": "FY", "revenue": 4001900000, "costOfRevenue": 1269900000, "grossProfit": 2732000000, "grossProfitRatio": 0.682675729, "researchAndDevelopmentExpenses": 0, "generalAndAdministrativeExpenses": 0, "sellingAndMarketingExpenses": 0, "sellingGeneralAndAdministrativeExpenses": 0, "otherExpenses": 1720000000, "operatingExpenses": 1720000000, "costAndExpenses": 2989900000, "interestIncome": 0, "interestExpense": 0, "depreciationAndAmortization": 504000000, "ebitda": 1516000000, "ebitdaratio": 0.3788200605, "operatingIncome": 1012000000, "operatingIncomeRatio": 0.2528798821, "totalOtherIncomeExpensesNet": 1400000, "incomeBeforeTax": 626100000, "incomeBeforeTaxRatio": 0.1564506859, "incomeTaxExpense": 218600000, "netIncome": 399300000, "netIncomeRatio": 0.0997776056, "eps": 1.62, "epsdiluted": 1.62, "weightedAverageShsOut": 246481481, "weightedAverageShsOutDil": 246481481, "link": "", "finalLink": "", "calculatedOtherExpenses": 1720000000, "calculatedOperatingExpenses": 1720000000, "calculatedNetInterest": 0, "calculatedOtherIncome": -385900000, "calculatedIncomeNonControlling": 8200000, "calculatedEbitda": 1516000000}, {"date": "1993-12-31", "symbol": "CNP", "reportedCurrency": "USD", "cik": "0001130310", "fillingDate": "1993-12-31", "acceptedDate": "1993-12-30 19:00:00", "calendarYear": "1993", "period": "FY", "revenue": 4323900000, "costOfRevenue": 0, "grossProfit": 4323900000, "grossProfitRatio": 1, "researchAndDevelopmentExpenses": 0, "generalAndAdministrativeExpenses": 0, "sellingAndMarketingExpenses": 0, "sellingGeneralAndAdministrativeExpenses": 0, "otherExpenses": 0, "operatingExpenses": 0, "costAndExpenses": 0, "interestIncome": 0, "interestExpense": 0, "depreciationAndAmortization": 0, "ebitda": 4323900000, "ebitdaratio": 1, "operatingIncome": 4323900000, "operatingIncomeRatio": 1, "totalOtherIncomeExpensesNet": 0, "incomeBeforeTax": 0, "incomeBeforeTaxRatio": 0, "incomeTaxExpense": -416000000, "netIncome": 416000000, "netIncomeRatio": 0.0962094406, "eps": 1.6, "epsdiluted": 1.6, "weightedAverageShsOut": 260000000, "weightedAverageShsOutDil": 260000000, "link": "", "finalLink": "", "calculatedOtherExpenses": 0, "calculatedOperatingExpenses": 0, "calculatedNetInterest": 0, "calculatedOtherIncome": -4323900000, "calculatedIncomeNonControlling": 0, "calculatedEbitda": 4323900000}, {"date": "1992-12-31", "symbol": "CNP", "reportedCurrency": "USD", "cik": "0001130310", "fillingDate": "1992-12-31", "acceptedDate": "1992-12-30 19:00:00", "calendarYear": "1992", "period": "FY", "revenue": 4596400000, "costOfRevenue": 0, "grossProfit": 4596400000, "grossProfitRatio": 1, "researchAndDevelopmentExpenses": 0, "generalAndAdministrativeExpenses": 0, "sellingAndMarketingExpenses": 0, "sellingGeneralAndAdministrativeExpenses": 0, "otherExpenses": 0, "operatingExpenses": 0, "costAndExpenses": 0, "interestIncome": 0, "interestExpense": 0, "depreciationAndAmortization": 0, "ebitda": 4596400000, "ebitdaratio": 1, "operatingIncome": 4596400000, "operatingIncomeRatio": 1, "totalOtherIncomeExpensesNet": 0, "incomeBeforeTax": 0, "incomeBeforeTaxRatio": 0, "incomeTaxExpense": -434700000, "netIncome": 434700000, "netIncomeRatio": 0.0945740144, "eps": 1.69, "epsdiluted": 1.69, "weightedAverageShsOut": 257218935, "weightedAverageShsOutDil": 257218935, "link": "", "finalLink": "", "calculatedOtherExpenses": 0, "calculatedOperatingExpenses": 0, "calculatedNetInterest": 0, "calculatedOtherIncome": -4596400000, "calculatedIncomeNonControlling": 0, "calculatedEbitda": 4596400000}, {"date": "1991-12-31", "symbol": "CNP", "reportedCurrency": "USD", "cik": "0001130310", "fillingDate": "1991-12-31", "acceptedDate": "1991-12-30 19:00:00", "calendarYear": "1991", "period": "FY", "revenue": 4443700000, "costOfRevenue": 0, "grossProfit": 4443700000, "grossProfitRatio": 1, "researchAndDevelopmentExpenses": 0, "generalAndAdministrativeExpenses": 0, "sellingAndMarketingExpenses": 0, "sellingGeneralAndAdministrativeExpenses": 0, "otherExpenses": 0, "operatingExpenses": 0, "costAndExpenses": 0, "interestIncome": 0, "interestExpense": 0, "depreciationAndAmortization": 0, "ebitda": 4443700000, "ebitdaratio": 1, "operatingIncome": 4443700000, "operatingIncomeRatio": 1, "totalOtherIncomeExpensesNet": 0, "incomeBeforeTax": 0, "incomeBeforeTaxRatio": 0, "incomeTaxExpense": -417400000, "netIncome": 417400000, "netIncomeRatio": 0.0939307334, "eps": 1.64, "epsdiluted": 1.64, "weightedAverageShsOut": 254512195, "weightedAverageShsOutDil": 254512195, "link": "", "finalLink": "", "calculatedOtherExpenses": 0, "calculatedOperatingExpenses": 0, "calculatedNetInterest": 0, "calculatedOtherIncome": -4443700000, "calculatedIncomeNonControlling": 0, "calculatedEbitda": 4443700000}, {"date": "1990-12-31", "symbol": "CNP", "reportedCurrency": "USD", "cik": "0001130310", "fillingDate": "1990-12-31", "acceptedDate": "1990-12-30 19:00:00", "calendarYear": "1990", "period": "FY", "revenue": 4178600000, "costOfRevenue": 0, "grossProfit": 4178600000, "grossProfitRatio": 1, "researchAndDevelopmentExpenses": 0, "generalAndAdministrativeExpenses": 0, "sellingAndMarketingExpenses": 0, "sellingGeneralAndAdministrativeExpenses": 0, "otherExpenses": 0, "operatingExpenses": 0, "costAndExpenses": 0, "interestIncome": 0, "interestExpense": 0, "depreciationAndAmortization": 0, "ebitda": 4178600000, "ebitdaratio": 1, "operatingIncome": 4178600000, "operatingIncomeRatio": 1, "totalOtherIncomeExpensesNet": 0, "incomeBeforeTax": 0, "incomeBeforeTaxRatio": 0, "incomeTaxExpense": -339500000, "netIncome": 339500000, "netIncomeRatio": 0.0812473077, "eps": 1.34, "epsdiluted": 1.34, "weightedAverageShsOut": 253358209, "weightedAverageShsOutDil": 253358209, "link": "", "finalLink": "", "calculatedOtherExpenses": 0, "calculatedOperatingExpenses": 0, "calculatedNetInterest": 0, "calculatedOtherIncome": -4178600000, "calculatedIncomeNonControlling": 0, "calculatedEbitda": 4178600000}, {"date": "1989-12-31", "symbol": "CNP", "reportedCurrency": "USD", "cik": "0001130310", "fillingDate": "1989-12-31", "acceptedDate": "1989-12-30 19:00:00", "calendarYear": "1989", "period": "FY", "revenue": 3789800000, "costOfRevenue": 0, "grossProfit": 3789800000, "grossProfitRatio": 1, "researchAndDevelopmentExpenses": 0, "generalAndAdministrativeExpenses": 0, "sellingAndMarketingExpenses": 0, "sellingGeneralAndAdministrativeExpenses": 0, "otherExpenses": 0, "operatingExpenses": 0, "costAndExpenses": 0, "interestIncome": 0, "interestExpense": 0, "depreciationAndAmortization": 0, "ebitda": 3789800000, "ebitdaratio": 1, "operatingIncome": 3789800000, "operatingIncomeRatio": 1, "totalOtherIncomeExpensesNet": 0, "incomeBeforeTax": 0, "incomeBeforeTaxRatio": 0, "incomeTaxExpense": -413500000, "netIncome": 413500000, "netIncomeRatio": 0.1091086601, "eps": 1.66, "epsdiluted": 1.66, "weightedAverageShsOut": 249096386, "weightedAverageShsOutDil": 249096386, "link": "", "finalLink": "", "calculatedOtherExpenses": 0, "calculatedOperatingExpenses": 0, "calculatedNetInterest": 0, "calculatedOtherIncome": -3789800000, "calculatedIncomeNonControlling": 0, "calculatedEbitda": 3789800000}, {"date": "1988-12-31", "symbol": "CNP", "reportedCurrency": "USD", "cik": "0001130310", "fillingDate": "1988-12-31", "acceptedDate": "1988-12-30 19:00:00", "calendarYear": "1988", "period": "FY", "revenue": 3649500000, "costOfRevenue": 0, "grossProfit": 3649500000, "grossProfitRatio": 1, "researchAndDevelopmentExpenses": 0, "generalAndAdministrativeExpenses": 0, "sellingAndMarketingExpenses": 0, "sellingGeneralAndAdministrativeExpenses": 0, "otherExpenses": 0, "operatingExpenses": 0, "costAndExpenses": 0, "interestIncome": 0, "interestExpense": 0, "depreciationAndAmortization": 0, "ebitda": 3649500000, "ebitdaratio": 1, "operatingIncome": 3649500000, "operatingIncomeRatio": 1, "totalOtherIncomeExpensesNet": 0, "incomeBeforeTax": 0, "incomeBeforeTaxRatio": 0, "incomeTaxExpense": -395300000, "netIncome": 395300000, "netIncomeRatio": 0.1083162077, "eps": 1.67, "epsdiluted": 1.67, "weightedAverageShsOut": 215149701, "weightedAverageShsOutDil": 215149701, "link": "", "finalLink": "", "calculatedOtherExpenses": 0, "calculatedOperatingExpenses": 0, "calculatedNetInterest": 0, "calculatedOtherIncome": -3649500000, "calculatedIncomeNonControlling": 0, "calculatedEbitda": 3649500000}, {"date": "1987-12-31", "symbol": "CNP", "reportedCurrency": "USD", "cik": "0001130310", "fillingDate": "1987-12-31", "acceptedDate": "1987-12-30 19:00:00", "calendarYear": "1987", "period": "FY", "revenue": 3628200000, "costOfRevenue": 0, "grossProfit": 3628200000, "grossProfitRatio": 1, "researchAndDevelopmentExpenses": 0, "generalAndAdministrativeExpenses": 0, "sellingAndMarketingExpenses": 0, "sellingGeneralAndAdministrativeExpenses": 0, "otherExpenses": 0, "operatingExpenses": 0, "costAndExpenses": 0, "interestIncome": 0, "interestExpense": 0, "depreciationAndAmortization": 0, "ebitda": 3628200000, "ebitdaratio": 1, "operatingIncome": 3628200000, "operatingIncomeRatio": 1, "totalOtherIncomeExpensesNet": 0, "incomeBeforeTax": 0, "incomeBeforeTaxRatio": 0, "incomeTaxExpense": -435000000, "netIncome": 435000000, "netIncomeRatio": 0.1198941624, "eps": 1.87, "epsdiluted": 1.87, "weightedAverageShsOut": 215828877, "weightedAverageShsOutDil": 215828877, "link": "", "finalLink": "", "calculatedOtherExpenses": 0, "calculatedOperatingExpenses": 0, "calculatedNetInterest": 0, "calculatedOtherIncome": -3628200000, "calculatedIncomeNonControlling": 0, "calculatedEbitda": 3628200000}, {"date": "1986-12-31", "symbol": "CNP", "reportedCurrency": "USD", "cik": "0001130310", "fillingDate": "1986-12-31", "acceptedDate": "1986-12-30 19:00:00", "calendarYear": "1986", "period": "FY", "revenue": 3536000000, "costOfRevenue": 0, "grossProfit": 3536000000, "grossProfitRatio": 1, "researchAndDevelopmentExpenses": 0, "generalAndAdministrativeExpenses": 0, "sellingAndMarketingExpenses": 0, "sellingGeneralAndAdministrativeExpenses": 0, "otherExpenses": 0, "operatingExpenses": 0, "costAndExpenses": 0, "interestIncome": 0, "interestExpense": 0, "depreciationAndAmortization": 0, "ebitda": 3536000000, "ebitdaratio": 1, "operatingIncome": 3536000000, "operatingIncomeRatio": 1, "totalOtherIncomeExpensesNet": 0, "incomeBeforeTax": 0, "incomeBeforeTaxRatio": 0, "incomeTaxExpense": -424900000, "netIncome": 424900000, "netIncomeRatio": 0.1201640271, "eps": 1.91, "epsdiluted": 1.91, "weightedAverageShsOut": 208429319, "weightedAverageShsOutDil": 208429319, "link": "", "finalLink": "", "calculatedOtherExpenses": 0, "calculatedOperatingExpenses": 0, "calculatedNetInterest": 0, "calculatedOtherIncome": -3536000000, "calculatedIncomeNonControlling": 0, "calculatedEbitda": 3536000000}, {"date": "1985-12-31", "symbol": "CNP", "reportedCurrency": "USD", "cik": "0001130310", "fillingDate": "1985-12-31", "acceptedDate": "1985-12-30 19:00:00", "calendarYear": "1985", "period": "FY", "revenue": 4067800000, "costOfRevenue": 0, "grossProfit": 4067800000, "grossProfitRatio": 1, "researchAndDevelopmentExpenses": 0, "generalAndAdministrativeExpenses": 0, "sellingAndMarketingExpenses": 0, "sellingGeneralAndAdministrativeExpenses": 0, "otherExpenses": 0, "operatingExpenses": 0, "costAndExpenses": 0, "interestIncome": 0, "interestExpense": 0, "depreciationAndAmortization": 0, "ebitda": 4067800000, "ebitdaratio": 1, "operatingIncome": 4067800000, "operatingIncomeRatio": 1, "totalOtherIncomeExpensesNet": 0, "incomeBeforeTax": 0, "incomeBeforeTaxRatio": 0, "incomeTaxExpense": -464400000, "netIncome": 464400000, "netIncomeRatio": 0.1141649049, "eps": 2.21, "epsdiluted": 2.21, "weightedAverageShsOut": 198099548, "weightedAverageShsOutDil": 198099548, "link": "", "finalLink": "", "calculatedOtherExpenses": 0, "calculatedOperatingExpenses": 0, "calculatedNetInterest": 0, "calculatedOtherIncome": -4067800000, "calculatedIncomeNonControlling": 0, "calculatedEbitda": 4067800000}]}