{"originalCurrency": "USD", "convertedCurrency": "USD", "report": [{"date": "2023-12-31", "symbol": "CNX", "reportedCurrency": "USD", "cik": "0001070412", "fillingDate": "2024-02-08", "acceptedDate": "2024-02-08 16:34:03", "calendarYear": "2023", "period": "FY", "revenue": 1503296000, "costOfRevenue": 987170000, "grossProfit": 516126000, "grossProfitRatio": 0.3433295904, "researchAndDevelopmentExpenses": 0, "generalAndAdministrativeExpenses": 0, "sellingAndMarketingExpenses": 0, "sellingGeneralAndAdministrativeExpenses": 125344000, "otherExpenses": -79595000, "operatingExpenses": 204939000, "costAndExpenses": 1192109000, "interestIncome": 0, "interestExpense": 154278000, "depreciationAndAmortization": 433586000, "ebitda": 744773000, "ebitdaratio": 0.4954267157, "operatingIncome": 311187000, "operatingIncomeRatio": 0.2070031451, "totalOtherIncomeExpensesNet": 1911738000, "incomeBeforeTax": 2222925000, "incomeBeforeTaxRatio": 1.4787008014, "incomeTaxExpense": 502209000, "netIncome": 1720716000, "netIncomeRatio": 1.1446288688, "eps": 10.59, "epsdiluted": 8.96, "weightedAverageShsOut": 162490245, "weightedAverageShsOutDil": 192013989, "link": "https://www.sec.gov/Archives/edgar/data/1070412/000107041224000015/0001070412-24-000015-index.htm", "finalLink": "https://www.sec.gov/Archives/edgar/data/1070412/000107041224000015/cnx-20231231.htm", "calculatedOtherExpenses": 79595000, "calculatedOperatingExpenses": 204939000, "calculatedNetInterest": -154278000, "calculatedOtherIncome": 2066016000, "calculatedIncomeNonControlling": 0, "calculatedEbitda": 744773000}, {"date": "2022-12-31", "symbol": "CNX", "reportedCurrency": "USD", "cik": "0001070412", "fillingDate": "2023-02-09", "acceptedDate": "2023-02-09 12:07:50", "calendarYear": "2022", "period": "FY", "revenue": 3924986000, "costOfRevenue": 1127881000, "grossProfit": 2797105000, "grossProfitRatio": 0.7126407585, "researchAndDevelopmentExpenses": 0, "generalAndAdministrativeExpenses": 121697000, "sellingAndMarketingExpenses": 0, "sellingGeneralAndAdministrativeExpenses": 121697000, "otherExpenses": 72063000, "operatingExpenses": 193760000, "costAndExpenses": 1321641000, "interestIncome": 127689000, "interestExpense": 127689000, "depreciationAndAmortization": 461215000, "ebitda": 3054701000, "ebitdaratio": 0.7782705467, "operatingIncome": 2593486000, "operatingIncomeRatio": 0.6607631212, "totalOtherIncomeExpensesNet": -2805433000, "incomeBeforeTax": -211947000, "incomeBeforeTaxRatio": -0.0539994283, "incomeTaxExpense": -69870000, "netIncome": -142077000, "netIncomeRatio": -0.0361980909, "eps": -0.75, "epsdiluted": -0.75, "weightedAverageShsOut": 189507682, "weightedAverageShsOutDil": 189507682, "link": "https://www.sec.gov/Archives/edgar/data/1070412/000107041223000015/0001070412-23-000015-index.htm", "finalLink": "https://www.sec.gov/Archives/edgar/data/1070412/000107041223000015/cnx-20221231.htm", "calculatedOtherExpenses": 81922000, "calculatedOperatingExpenses": 203619000, "calculatedNetInterest": 0, "calculatedOtherIncome": -2805433000, "calculatedIncomeNonControlling": 0, "calculatedEbitda": 3054701000}, {"date": "2021-12-31", "symbol": "CNX", "reportedCurrency": "USD", "cik": "0001070412", "fillingDate": "2022-02-10", "acceptedDate": "2022-02-10 16:20:33", "calendarYear": "2021", "period": "FY", "revenue": 2389525000, "costOfRevenue": 1032836000, "grossProfit": 1356689000, "grossProfitRatio": 0.5677651416, "researchAndDevelopmentExpenses": 0, "generalAndAdministrativeExpenses": 112757000, "sellingAndMarketingExpenses": 0, "sellingGeneralAndAdministrativeExpenses": 112757000, "otherExpenses": 89281000, "operatingExpenses": 202038000, "costAndExpenses": 1234874000, "interestIncome": 151156000, "interestExpense": 151156000, "depreciationAndAmortization": 515118000, "ebitda": 1654021000, "ebitdaratio": 0.6921965663, "operatingIncome": 1138903000, "operatingIncomeRatio": 0.4766231782, "totalOtherIncomeExpensesNet": -1775416000, "incomeBeforeTax": -636513000, "incomeBeforeTaxRatio": -0.2663763719, "incomeTaxExpense": -137870000, "netIncome": -498643000, "netIncomeRatio": -0.2086787123, "eps": -2.31, "epsdiluted": -2.31, "weightedAverageShsOut": 215971381, "weightedAverageShsOutDil": 215971381, "link": "https://www.sec.gov/Archives/edgar/data/1070412/000107041222000011/0001070412-22-000011-index.htm", "finalLink": "https://www.sec.gov/Archives/edgar/data/1070412/000107041222000011/cnx-20211231.htm", "calculatedOtherExpenses": 105029000, "calculatedOperatingExpenses": 217786000, "calculatedNetInterest": 0, "calculatedOtherIncome": -1775416000, "calculatedIncomeNonControlling": 0, "calculatedEbitda": 1654021000}, {"date": "2020-12-31", "symbol": "CNX", "reportedCurrency": "USD", "cik": "0001070412", "fillingDate": "2021-02-09", "acceptedDate": "2021-02-09 16:13:09", "calendarYear": "2020", "period": "FY", "revenue": 1084996000, "costOfRevenue": 953009000, "grossProfit": 131987000, "grossProfitRatio": 0.1216474531, "researchAndDevelopmentExpenses": 0, "generalAndAdministrativeExpenses": 109375000, "sellingAndMarketingExpenses": 0, "sellingGeneralAndAdministrativeExpenses": 109375000, "otherExpenses": 100466000, "operatingExpenses": 209841000, "costAndExpenses": 1162850000, "interestIncome": 2000000, "interestExpense": 170806000, "depreciationAndAmortization": 501821000, "ebitda": 400383000, "ebitdaratio": 0.3690179503, "operatingIncome": -101438000, "operatingIncomeRatio": -0.0934915889, "totalOtherIncomeExpensesNet": -501393000, "incomeBeforeTax": -602831000, "incomeBeforeTaxRatio": -0.5556066566, "incomeTaxExpense": -174087000, "netIncome": -428744000, "netIncomeRatio": -0.3951572172, "eps": -2.15, "epsdiluted": -2.15, "weightedAverageShsOut": 199225441, "weightedAverageShsOutDil": 199225441, "link": "https://www.sec.gov/Archives/edgar/data/1070412/000107041221000016/0001070412-21-000016-index.htm", "finalLink": "https://www.sec.gov/Archives/edgar/data/1070412/000107041221000016/cnx-20201231.htm", "calculatedOtherExpenses": 124050000, "calculatedOperatingExpenses": 233425000, "calculatedNetInterest": -168806000, "calculatedOtherIncome": -332587000, "calculatedIncomeNonControlling": 0, "calculatedEbitda": 400383000}, {"date": "2019-12-31", "symbol": "CNX", "reportedCurrency": "USD", "cik": "0001070412", "fillingDate": "2020-02-10", "acceptedDate": "2020-02-10 17:02:12", "calendarYear": "2019", "period": "FY", "revenue": 1546344000, "costOfRevenue": 1022459000, "grossProfit": 523885000, "grossProfitRatio": 0.3387894285, "researchAndDevelopmentExpenses": 0, "generalAndAdministrativeExpenses": 143550000, "sellingAndMarketingExpenses": 0, "sellingGeneralAndAdministrativeExpenses": 143550000, "otherExpenses": 123635000, "operatingExpenses": 267185000, "costAndExpenses": 1289644000, "interestIncome": 2000000, "interestExpense": 151379000, "depreciationAndAmortization": 508463000, "ebitda": 762301000, "ebitdaratio": 0.4929698696, "operatingIncome": 253838000, "operatingIncomeRatio": 0.1641536424, "totalOtherIncomeExpensesNet": -194154000, "incomeBeforeTax": 59684000, "incomeBeforeTaxRatio": 0.0385968452, "incomeTaxExpense": 27736000, "netIncome": 31948000, "netIncomeRatio": 0.0206603447, "eps": 0.17, "epsdiluted": 0.17, "weightedAverageShsOut": 190727122, "weightedAverageShsOutDil": 190727122, "link": "https://www.sec.gov/Archives/edgar/data/1070412/000107041220000011/0001070412-20-000011-index.htm", "finalLink": "https://www.sec.gov/Archives/edgar/data/1070412/000107041220000011/cnx-123119x10k.htm", "calculatedOtherExpenses": 126497000, "calculatedOperatingExpenses": 270047000, "calculatedNetInterest": -149379000, "calculatedOtherIncome": -44775000, "calculatedIncomeNonControlling": 0, "calculatedEbitda": 762301000}, {"date": "2018-12-31", "symbol": "CNX", "reportedCurrency": "USD", "cik": "0001070412", "fillingDate": "2019-02-07", "acceptedDate": "2019-02-07 16:45:48", "calendarYear": "2018", "period": "FY", "revenue": 1760646000, "costOfRevenue": 989062000, "grossProfit": 771584000, "grossProfitRatio": 0.4382391463, "researchAndDevelopmentExpenses": 0, "generalAndAdministrativeExpenses": 134806000, "sellingAndMarketingExpenses": 0, "sellingGeneralAndAdministrativeExpenses": 134806000, "otherExpenses": 14571000, "operatingExpenses": 219251000, "costAndExpenses": 1208313000, "interestIncome": 0, "interestExpense": 145934000, "depreciationAndAmortization": 493423000, "ebitda": 1683990000, "ebitdaratio": 0.9564614352, "operatingIncome": 1190567000, "operatingIncomeRatio": 0.6762103228, "totalOtherIncomeExpensesNet": 692269000, "incomeBeforeTax": 1098668000, "incomeBeforeTaxRatio": 0.6240141403, "incomeTaxExpense": 215557000, "netIncome": 796533000, "netIncomeRatio": 0.4524095133, "eps": 3.75, "epsdiluted": 3.71, "weightedAverageShsOut": 212348581, "weightedAverageShsOutDil": 214628965, "link": "https://www.sec.gov/Archives/edgar/data/1070412/000107041219000024/0001070412-19-000024-index.htm", "finalLink": "https://www.sec.gov/Archives/edgar/data/1070412/000107041219000024/cnx-123118x10k.htm", "calculatedOtherExpenses": -553789000, "calculatedOperatingExpenses": -418983000, "calculatedNetInterest": -145934000, "calculatedOtherIncome": 54035000, "calculatedIncomeNonControlling": 86578000, "calculatedEbitda": 1683990000}, {"date": "2017-12-31", "symbol": "CNX", "reportedCurrency": "USD", "cik": "0001070412", "fillingDate": "2018-02-07", "acceptedDate": "2018-02-07 16:59:35", "calendarYear": "2017", "period": "FY", "revenue": 1248201000, "costOfRevenue": 965697000, "grossProfit": 282504000, "grossProfitRatio": 0.2263289326, "researchAndDevelopmentExpenses": 0, "generalAndAdministrativeExpenses": 93211000, "sellingAndMarketingExpenses": 0, "sellingGeneralAndAdministrativeExpenses": 93211000, "otherExpenses": -3825000, "operatingExpenses": 253654000, "costAndExpenses": 1219351000, "interestIncome": 0, "interestExpense": 161443000, "depreciationAndAmortization": 412036000, "ebitda": 25025000, "ebitdaratio": 0.0200488543, "operatingIncome": 25025000, "operatingIncomeRatio": 0.0200488543, "totalOtherIncomeExpensesNet": 251174000, "incomeBeforeTax": 118581000, "incomeBeforeTaxRatio": 0.0950015262, "incomeTaxExpense": -176458000, "netIncome": 380747000, "netIncomeRatio": 0.3050366087, "eps": 1.66, "epsdiluted": 1.65, "weightedAverageShsOut": 228835112, "weightedAverageShsOutDil": 230951812, "link": "https://www.sec.gov/Archives/edgar/data/1070412/000107041218000031/0001070412-18-000031-index.htm", "finalLink": "https://www.sec.gov/Archives/edgar/data/1070412/000107041218000031/cnx-123117x10k.htm", "calculatedOtherExpenses": 164268000, "calculatedOperatingExpenses": 257479000, "calculatedNetInterest": -161443000, "calculatedOtherIncome": 254999000, "calculatedIncomeNonControlling": -85708000, "calculatedEbitda": 437061000}, {"date": "2016-12-31", "symbol": "CNX", "reportedCurrency": "USD", "cik": "0001070412", "fillingDate": "2017-02-08", "acceptedDate": "2017-02-08 11:54:05", "calendarYear": "2016", "period": "FY", "revenue": 1980592000, "costOfRevenue": 1189521000, "grossProfit": 791071000, "grossProfitRatio": 0.3994113881, "researchAndDevelopmentExpenses": 0, "generalAndAdministrativeExpenses": 240645000, "sellingAndMarketingExpenses": 0, "sellingGeneralAndAdministrativeExpenses": 240645000, "otherExpenses": 167306000, "operatingExpenses": 1171333000, "costAndExpenses": 2360854000, "interestIncome": 1507000, "interestExpense": 191476000, "depreciationAndAmortization": 598503000, "ebitda": 385547000, "ebitdaratio": 0.1946625049, "operatingIncome": -212956000, "operatingIncomeRatio": -0.1075213875, "totalOtherIncomeExpensesNet": 45783000, "incomeBeforeTax": -525955000, "incomeBeforeTaxRatio": -0.2655544403, "incomeTaxExpense": 10010000, "netIncome": -848102000, "netIncomeRatio": -0.4282063141, "eps": -3.7, "epsdiluted": -3.7, "weightedAverageShsOut": 229387403, "weightedAverageShsOutDil": 229387403, "link": "https://www.sec.gov/Archives/edgar/data/1070412/000107041217000017/0001070412-17-000017-index.htm", "finalLink": "https://www.sec.gov/Archives/edgar/data/1070412/000107041217000017/cnx-123116x10k.htm", "calculatedOtherExpenses": 763382000, "calculatedOperatingExpenses": 1004027000, "calculatedNetInterest": -189969000, "calculatedOtherIncome": -123030000, "calculatedIncomeNonControlling": 312137000, "calculatedEbitda": 385547000}, {"date": "2015-12-31", "symbol": "CNX", "reportedCurrency": "USD", "cik": "0001070412", "fillingDate": "2016-02-05", "acceptedDate": "2016-02-05 13:31:34", "calendarYear": "2015", "period": "FY", "revenue": 2500981000, "costOfRevenue": 1285944000, "grossProfit": 1215037000, "grossProfitRatio": 0.4858241626, "researchAndDevelopmentExpenses": 0, "generalAndAdministrativeExpenses": 254331000, "sellingAndMarketingExpenses": 0, "sellingGeneralAndAdministrativeExpenses": 254331000, "otherExpenses": 145968000, "operatingExpenses": 1231432000, "costAndExpenses": 2517376000, "interestIncome": 2299000, "interestExpense": 199269000, "depreciationAndAmortization": 649601000, "ebitda": 779174000, "ebitdaratio": 0.3115473488, "operatingIncome": 129573000, "operatingIncomeRatio": 0.0518088702, "totalOtherIncomeExpensesNet": -283236000, "incomeBeforeTax": -498900000, "incomeBeforeTaxRatio": -0.1994817234, "incomeTaxExpense": -134425000, "netIncome": -374885000, "netIncomeRatio": -0.1498951811, "eps": -1.64, "epsdiluted": -1.64, "weightedAverageShsOut": 228942957, "weightedAverageShsOutDil": 229186125, "link": "https://www.sec.gov/Archives/edgar/data/1070412/000107041216000095/0001070412-16-000095-index.htm", "finalLink": "https://www.sec.gov/Archives/edgar/data/1070412/000107041216000095/cnx-123115x10k.htm", "calculatedOtherExpenses": 831133000, "calculatedOperatingExpenses": 1085464000, "calculatedNetInterest": -196970000, "calculatedOtherIncome": -431503000, "calculatedIncomeNonControlling": 10410000, "calculatedEbitda": 779174000}, {"date": "2014-12-31", "symbol": "CNX", "reportedCurrency": "USD", "cik": "0001070412", "fillingDate": "2015-02-06", "acceptedDate": "2015-02-06 12:09:26", "calendarYear": "2014", "period": "FY", "revenue": 3476100000, "costOfRevenue": 1193333000, "grossProfit": 2282767000, "grossProfitRatio": 0.6567034895, "researchAndDevelopmentExpenses": 0, "generalAndAdministrativeExpenses": 295771000, "sellingAndMarketingExpenses": 0, "sellingGeneralAndAdministrativeExpenses": 295771000, "otherExpenses": 207103000, "operatingExpenses": 2031516000, "costAndExpenses": 3224849000, "interestIncome": 5150000, "interestExpense": 223564000, "depreciationAndAmortization": 571191000, "ebitda": 1029545000, "ebitdaratio": 0.2961781882, "operatingIncome": 461201000, "operatingIncomeRatio": 0.1326777135, "totalOtherIncomeExpensesNet": 155437000, "incomeBeforeTax": 183124000, "incomeBeforeTaxRatio": 0.052680878, "incomeTaxExpense": 14347000, "netIncome": 163090000, "netIncomeRatio": 0.0469175225, "eps": 0.71, "epsdiluted": 0.7, "weightedAverageShsOut": 229994407, "weightedAverageShsOutDil": 231580278, "link": "https://www.sec.gov/Archives/edgar/data/1070412/000107041215000009/0001070412-15-000009-index.htm", "finalLink": "https://www.sec.gov/Archives/edgar/data/1070412/000107041215000009/cnx-123114x10k.htm", "calculatedOtherExpenses": 1525795000, "calculatedOperatingExpenses": 1821566000, "calculatedNetInterest": -218414000, "calculatedOtherIncome": -59663000, "calculatedIncomeNonControlling": 5687000, "calculatedEbitda": 1032392000}, {"date": "2013-12-31", "symbol": "CNX", "reportedCurrency": "USD", "cik": "0001070412", "fillingDate": "2014-02-07", "acceptedDate": "2014-02-07 14:47:57", "calendarYear": "2013", "period": "FY", "revenue": 3120722000, "costOfRevenue": 2783377000, "grossProfit": 337345000, "grossProfitRatio": 0.1080983824, "researchAndDevelopmentExpenses": 0, "generalAndAdministrativeExpenses": 90408000, "sellingAndMarketingExpenses": 0, "sellingGeneralAndAdministrativeExpenses": 90408000, "otherExpenses": 178963000, "operatingExpenses": 251035000, "costAndExpenses": 3034412000, "interestIncome": 15889000, "interestExpense": 219198000, "depreciationAndAmortization": 461122000, "ebitda": 726395000, "ebitdaratio": 0.232765046, "operatingIncome": 197793000, "operatingIncomeRatio": 0.0633805254, "totalOtherIncomeExpensesNet": 178963000, "incomeBeforeTax": 46075000, "incomeBeforeTaxRatio": 0.0147642116, "incomeTaxExpense": -33189000, "netIncome": 660442000, "netIncomeRatio": 0.2116311546, "eps": 2.89, "epsdiluted": 2.87, "weightedAverageShsOut": 228728628, "weightedAverageShsOutDil": 230077942, "link": "https://www.sec.gov/Archives/edgar/data/1070412/000107041214000005/0001070412-14-000005-index.htm", "finalLink": "https://www.sec.gov/Archives/edgar/data/1070412/000107041214000005/cnx-123113x10k.htm", "calculatedOtherExpenses": 49144000, "calculatedOperatingExpenses": 139552000, "calculatedNetInterest": -203309000, "calculatedOtherIncome": 51591000, "calculatedIncomeNonControlling": -581178000, "calculatedEbitda": 658915000}, {"date": "2012-12-31", "symbol": "CNX", "reportedCurrency": "USD", "cik": "0001070412", "fillingDate": "2013-02-07", "acceptedDate": "2013-02-07 13:32:15", "calendarYear": "2012", "period": "FY", "revenue": 5020603000, "costOfRevenue": 4228247000, "grossProfit": 792356000, "grossProfitRatio": 0.1578208833, "researchAndDevelopmentExpenses": 0, "generalAndAdministrativeExpenses": 148071000, "sellingAndMarketingExpenses": 0, "sellingGeneralAndAdministrativeExpenses": 148071000, "otherExpenses": 409704000, "operatingExpenses": 484726000, "costAndExpenses": 4712973000, "interestIncome": 28937000, "interestExpense": 220060000, "depreciationAndAmortization": 627438000, "ebitda": 1344772000, "ebitdaratio": 0.2678506944, "operatingIncome": 435099000, "operatingIncomeRatio": 0.0866626977, "totalOtherIncomeExpensesNet": 409704000, "incomeBeforeTax": 497274000, "incomeBeforeTaxRatio": 0.0990466683, "incomeTaxExpense": 109201000, "netIncome": 388470000, "netIncomeRatio": 0.0773751679, "eps": 1.71, "epsdiluted": 1.7, "weightedAverageShsOut": 227593524, "weightedAverageShsOutDil": 229141767, "link": "https://www.sec.gov/Archives/edgar/data/1070412/000107041213000011/0001070412-13-000011-index.htm", "finalLink": "https://www.sec.gov/Archives/edgar/data/1070412/000107041213000011/cnx-123112x10k.htm", "calculatedOtherExpenses": 209186000, "calculatedOperatingExpenses": 357257000, "calculatedNetInterest": -191123000, "calculatedOtherIncome": 253298000, "calculatedIncomeNonControlling": -397000, "calculatedEbitda": 1062537000}, {"date": "2011-12-31", "symbol": "CNX", "reportedCurrency": "USD", "cik": "0001070412", "fillingDate": "2012-02-10", "acceptedDate": "2012-02-10 11:57:03", "calendarYear": "2011", "period": "FY", "revenue": 6117242000, "costOfRevenue": 3795698000, "grossProfit": 2321544000, "grossProfitRatio": 0.3795082817, "researchAndDevelopmentExpenses": 0, "generalAndAdministrativeExpenses": 0, "sellingAndMarketingExpenses": 0, "sellingGeneralAndAdministrativeExpenses": 190483000, "otherExpenses": 962857000, "operatingExpenses": 1169430000, "costAndExpenses": 4965128000, "interestIncome": 0, "interestExpense": 248344000, "depreciationAndAmortization": 626005000, "ebitda": 1778119000, "ebitdaratio": 0.2906733132, "operatingIncome": 1168204000, "operatingIncomeRatio": 0.1909690674, "totalOtherIncomeExpensesNet": -115817000, "incomeBeforeTax": 787953000, "incomeBeforeTaxRatio": 0.1288085382, "incomeTaxExpense": 155456000, "netIncome": 632497000, "netIncomeRatio": 0.1033957787, "eps": 2.79, "epsdiluted": 2.76, "weightedAverageShsOut": 226680369, "weightedAverageShsOutDil": 229003599, "link": "https://www.sec.gov/Archives/edgar/data/1070412/000107041212000008/0001070412-12-000008-index.htm", "finalLink": "https://www.sec.gov/Archives/edgar/data/1070412/000107041212000008/cnx-123111x10k.htm", "calculatedOtherExpenses": 962857000, "calculatedOperatingExpenses": 1153340000, "calculatedNetInterest": -248344000, "calculatedOtherIncome": -131907000, "calculatedIncomeNonControlling": 0, "calculatedEbitda": 1794209000}, {"date": "2010-12-31", "symbol": "CNX", "reportedCurrency": "USD", "cik": "0001070412", "fillingDate": "2011-02-10", "acceptedDate": "2011-02-10 14:11:18", "calendarYear": "2010", "period": "FY", "revenue": 5236021000, "costOfRevenue": 3451382000, "grossProfit": 1784639000, "grossProfitRatio": 0.3408387781, "researchAndDevelopmentExpenses": 0, "generalAndAdministrativeExpenses": 0, "sellingAndMarketingExpenses": 0, "sellingGeneralAndAdministrativeExpenses": 150210000, "otherExpenses": 896121000, "operatingExpenses": 1046331000, "costAndExpenses": 4497713000, "interestIncome": 0, "interestExpense": 205032000, "depreciationAndAmortization": 571823000, "ebitda": 1310131000, "ebitdaratio": 0.250215001, "operatingIncome": 738308000, "operatingIncomeRatio": 0.141005546, "totalOtherIncomeExpensesNet": -65363000, "incomeBeforeTax": 467913000, "incomeBeforeTaxRatio": 0.0893642329, "incomeTaxExpense": 109287000, "netIncome": 346781000, "netIncomeRatio": 0.0662298719, "eps": 1.61, "epsdiluted": 1.6, "weightedAverageShsOut": 214920561, "weightedAverageShsOutDil": 217037804, "link": "https://www.sec.gov/Archives/edgar/data/1070412/000119312511030435/0001193125-11-030435-index.htm", "finalLink": "https://www.sec.gov/Archives/edgar/data/1070412/000119312511030435/d10k.htm", "calculatedOtherExpenses": 896121000, "calculatedOperatingExpenses": 1046331000, "calculatedNetInterest": -205032000, "calculatedOtherIncome": -65363000, "calculatedIncomeNonControlling": 11845000, "calculatedEbitda": 1310131000}, {"date": "2009-12-31", "symbol": "CNX", "reportedCurrency": "USD", "cik": "0001070412", "fillingDate": "2010-02-09", "acceptedDate": "2010-02-09 12:57:02", "calendarYear": "2009", "period": "FY", "revenue": 4621875000, "costOfRevenue": 2944777000, "grossProfit": 1677098000, "grossProfitRatio": 0.3628609601, "researchAndDevelopmentExpenses": 0, "generalAndAdministrativeExpenses": 0, "sellingAndMarketingExpenses": 0, "sellingGeneralAndAdministrativeExpenses": 130704000, "otherExpenses": 726630000, "operatingExpenses": 857334000, "costAndExpenses": 3802111000, "interestIncome": 0, "interestExpense": 31419000, "depreciationAndAmortization": 441387000, "ebitda": 1261151000, "ebitdaratio": 0.272865666, "operatingIncome": 819764000, "operatingIncomeRatio": 0.1773661122, "totalOtherIncomeExpensesNet": -31419000, "incomeBeforeTax": 788345000, "incomeBeforeTaxRatio": 0.1705682218, "incomeTaxExpense": 221203000, "netIncome": 539717000, "netIncomeRatio": 0.1167744692, "eps": 2.99, "epsdiluted": 2.95, "weightedAverageShsOut": 180693243, "weightedAverageShsOutDil": 182821136, "link": "https://www.sec.gov/Archives/edgar/data/1070412/000119312510025522/0001193125-10-025522-index.htm", "finalLink": "https://www.sec.gov/Archives/edgar/data/1070412/000119312510025522/d10k.htm", "calculatedOtherExpenses": 726630000, "calculatedOperatingExpenses": 857334000, "calculatedNetInterest": -31419000, "calculatedOtherIncome": 0, "calculatedIncomeNonControlling": 27425000, "calculatedEbitda": 1261151000}, {"date": "2008-12-31", "symbol": "CNX", "reportedCurrency": "USD", "cik": "0001070412", "fillingDate": "2009-02-17", "acceptedDate": "2009-02-17 11:17:33", "calendarYear": "2008", "period": "FY", "revenue": 4652445000, "costOfRevenue": 2843203000, "grossProfit": 1809242000, "grossProfitRatio": 0.3888798256, "researchAndDevelopmentExpenses": 0, "generalAndAdministrativeExpenses": 0, "sellingAndMarketingExpenses": 0, "sellingGeneralAndAdministrativeExpenses": 124543000, "otherExpenses": 623816000, "operatingExpenses": 1083647000, "costAndExpenses": 3926850000, "interestIncome": 0, "interestExpense": 36183000, "depreciationAndAmortization": 394492000, "ebitda": 1120087000, "ebitdaratio": 0.2407523356, "operatingIncome": 595636000, "operatingIncomeRatio": 0.1280264463, "totalOtherIncomeExpensesNet": 166142000, "incomeBeforeTax": 725595000, "incomeBeforeTaxRatio": 0.1559599307, "incomeTaxExpense": 239934000, "netIncome": 442470000, "netIncomeRatio": 0.095104832, "eps": 2.43, "epsdiluted": 2.4, "weightedAverageShsOut": 182386011, "weightedAverageShsOutDil": 184679592, "link": "https://www.sec.gov/Archives/edgar/data/1070412/000119312509030578/0001193125-09-030578-index.htm", "finalLink": "https://www.sec.gov/Archives/edgar/data/1070412/000119312509030578/d10k.htm", "calculatedOtherExpenses": 1089063000, "calculatedOperatingExpenses": 1213606000, "calculatedNetInterest": -36183000, "calculatedOtherIncome": 166142000, "calculatedIncomeNonControlling": 43191000, "calculatedEbitda": 990128000}, {"date": "2007-12-31", "symbol": "CNX", "reportedCurrency": "USD", "cik": "0001070412", "fillingDate": "2008-02-19", "acceptedDate": "2008-02-19 08:59:46", "calendarYear": "2007", "period": "FY", "revenue": 3762197000, "costOfRevenue": 2585499000, "grossProfit": 1176698000, "grossProfitRatio": 0.3127688422, "researchAndDevelopmentExpenses": 0, "generalAndAdministrativeExpenses": 0, "sellingAndMarketingExpenses": 0, "sellingGeneralAndAdministrativeExpenses": 108664000, "otherExpenses": 608226000, "operatingExpenses": 716890000, "costAndExpenses": 3302389000, "interestIncome": 0, "interestExpense": -140839000, "depreciationAndAmortization": 329234000, "ebitda": 592314000, "ebitdaratio": 0.1574383266, "operatingIncome": 263080000, "operatingIncomeRatio": 0.069927226, "totalOtherIncomeExpensesNet": 196728000, "incomeBeforeTax": 428957000, "incomeBeforeTaxRatio": 0.114017687, "incomeTaxExpense": 136137000, "netIncome": 267782000, "netIncomeRatio": 0.0711770277, "eps": 1.47, "epsdiluted": 1.45, "weightedAverageShsOut": 182050627, "weightedAverageShsOutDil": 184149751, "link": "https://www.sec.gov/Archives/edgar/data/1070412/000119312508033184/0001193125-08-033184-index.htm", "finalLink": "https://www.sec.gov/Archives/edgar/data/1070412/000119312508033184/d10k.htm", "calculatedOtherExpenses": 804954000, "calculatedOperatingExpenses": 913618000, "calculatedNetInterest": 140839000, "calculatedOtherIncome": 25038000, "calculatedIncomeNonControlling": 25038000, "calculatedEbitda": 592314000}, {"date": "2006-12-31", "symbol": "CNX", "reportedCurrency": "USD", "cik": "0001070412", "fillingDate": "2007-02-20", "acceptedDate": "2007-02-20 11:16:04", "calendarYear": "2006", "period": "FY", "revenue": 3715171000, "costOfRevenue": 2499259000, "grossProfit": 1215912000, "grossProfitRatio": 0.3272829165, "researchAndDevelopmentExpenses": 0, "generalAndAdministrativeExpenses": 0, "sellingAndMarketingExpenses": 0, "sellingGeneralAndAdministrativeExpenses": 91150000, "otherExpenses": 548776000, "operatingExpenses": 639926000, "costAndExpenses": 3139185000, "interestIncome": 0, "interestExpense": -116187000, "depreciationAndAmortization": 300010000, "ebitda": 705135000, "ebitdaratio": 0.1897988006, "operatingIncome": 405125000, "operatingIncomeRatio": 0.1090461247, "totalOtherIncomeExpensesNet": 170861000, "incomeBeforeTax": 550920000, "incomeBeforeTaxRatio": 0.1482892712, "incomeTaxExpense": 112430000, "netIncome": 408882000, "netIncomeRatio": 0.1100573836, "eps": 2.23, "epsdiluted": 2.2, "weightedAverageShsOut": 183354732, "weightedAverageShsOutDil": 185638106, "link": "https://www.sec.gov/Archives/edgar/data/1070412/000119312507034823/0001193125-07-034823-index.htm", "finalLink": "https://www.sec.gov/Archives/edgar/data/1070412/000119312507034823/d10k.htm", "calculatedOtherExpenses": 719637000, "calculatedOperatingExpenses": 810787000, "calculatedNetInterest": 116187000, "calculatedOtherIncome": 29608000, "calculatedIncomeNonControlling": 29608000, "calculatedEbitda": 705135000}, {"date": "2005-12-31", "symbol": "CNX", "reportedCurrency": "USD", "cik": "0001070412", "fillingDate": "2006-03-15", "acceptedDate": "2006-03-15 13:22:45", "calendarYear": "2005", "period": "FY", "revenue": 3810449000, "costOfRevenue": 2557291000, "grossProfit": 1253158000, "grossProfitRatio": 0.3288741038, "researchAndDevelopmentExpenses": 0, "generalAndAdministrativeExpenses": 0, "sellingAndMarketingExpenses": 0, "sellingGeneralAndAdministrativeExpenses": 80700000, "otherExpenses": 490457000, "operatingExpenses": 571157000, "costAndExpenses": 3128448000, "interestIncome": 0, "interestExpense": -396107000, "depreciationAndAmortization": 266334000, "ebitda": 515427000, "ebitdaratio": 0.1352667363, "operatingIncome": 249093000, "operatingIncomeRatio": 0.0653710363, "totalOtherIncomeExpensesNet": 432908000, "incomeBeforeTax": 654684000, "incomeBeforeTaxRatio": 0.1718128231, "incomeTaxExpense": 64339000, "netIncome": 580861000, "netIncomeRatio": 0.1524389908, "eps": 3.17, "epsdiluted": 3.13, "weightedAverageShsOut": 183489908, "weightedAverageShsOutDil": 185534980, "link": "https://www.sec.gov/Archives/edgar/data/1070412/000119312506054754/0001193125-06-054754-index.htm", "finalLink": "https://www.sec.gov/Archives/edgar/data/1070412/000119312506054754/d10k.htm", "calculatedOtherExpenses": 923365000, "calculatedOperatingExpenses": 1004065000, "calculatedNetInterest": 396107000, "calculatedOtherIncome": 9484000, "calculatedIncomeNonControlling": 9484000, "calculatedEbitda": 515427000}, {"date": "2004-12-31", "symbol": "CNX", "reportedCurrency": "USD", "cik": "0001070412", "fillingDate": "2005-02-28", "acceptedDate": "2005-02-28 14:58:33", "calendarYear": "2004", "period": "FY", "revenue": 2776749000, "costOfRevenue": 2001010000, "grossProfit": 775739000, "grossProfitRatio": 0.2793695073, "researchAndDevelopmentExpenses": 0, "generalAndAdministrativeExpenses": 0, "sellingAndMarketingExpenses": 0, "sellingGeneralAndAdministrativeExpenses": 183045000, "otherExpenses": 478702000, "operatingExpenses": 661747000, "costAndExpenses": 2662757000, "interestIncome": 0, "interestExpense": -54892000, "depreciationAndAmortization": 285304000, "ebitda": 312975000, "ebitdaratio": 0.1127127443, "operatingIncome": 27671000, "operatingIncomeRatio": 0.0099652507, "totalOtherIncomeExpensesNet": 86321000, "incomeBeforeTax": 82563000, "incomeBeforeTaxRatio": 0.0297336922, "incomeTaxExpense": -32646000, "netIncome": 115209000, "netIncomeRatio": 0.0414906065, "eps": 1.1, "epsdiluted": 1.09, "weightedAverageShsOut": 180461386, "weightedAverageShsOutDil": 182399890, "link": "https://www.sec.gov/Archives/edgar/data/1070412/000119312505038419/0001193125-05-038419-index.htm", "finalLink": "https://www.sec.gov/Archives/edgar/data/1070412/000119312505038419/d10k.htm", "calculatedOtherExpenses": 565023000, "calculatedOperatingExpenses": 748068000, "calculatedNetInterest": 54892000, "calculatedOtherIncome": 0, "calculatedIncomeNonControlling": 0, "calculatedEbitda": 312975000}, {"date": "2003-12-31", "symbol": "CNX", "reportedCurrency": "USD", "cik": "0001070412", "fillingDate": "2004-03-12", "acceptedDate": "2004-03-12 11:08:57", "calendarYear": "2003", "period": "FY", "revenue": 2222466000, "costOfRevenue": 1624016000, "grossProfit": 598450000, "grossProfitRatio": 0.2692729608, "researchAndDevelopmentExpenses": 0, "generalAndAdministrativeExpenses": 0, "sellingAndMarketingExpenses": 0, "sellingGeneralAndAdministrativeExpenses": 192153000, "otherExpenses": 402361000, "operatingExpenses": 594514000, "costAndExpenses": 2218530000, "interestIncome": 0, "interestExpense": -29366000, "depreciationAndAmortization": 249165000, "ebitda": 191060000, "ebitdaratio": 0.0859675694, "operatingIncome": -58105000, "operatingIncomeRatio": -0.026144382, "totalOtherIncomeExpensesNet": 62041000, "incomeBeforeTax": -33507000, "incomeBeforeTaxRatio": -0.0150764961, "incomeTaxExpense": -20941000, "netIncome": -7798000, "netIncomeRatio": -0.0035087151, "eps": -0.0477, "epsdiluted": -0.0477, "weightedAverageShsOut": 163465178, "weightedAverageShsOutDil": 163465178, "link": "https://www.sec.gov/Archives/edgar/data/1070412/000119312504039975/0001193125-04-039975-index.htm", "finalLink": "https://www.sec.gov/Archives/edgar/data/1070412/000119312504039975/d10k.htm", "calculatedOtherExpenses": 464402000, "calculatedOperatingExpenses": 656555000, "calculatedNetInterest": 29366000, "calculatedOtherIncome": -4768000, "calculatedIncomeNonControlling": -4768000, "calculatedEbitda": 191060000}, {"date": "2002-12-31", "symbol": "CNX", "reportedCurrency": "USD", "cik": "0001070412", "fillingDate": "2003-03-21", "acceptedDate": "2003-03-21 15:58:30", "calendarYear": "2002", "period": "FY", "revenue": 2183598000, "costOfRevenue": 1677605000, "grossProfit": 505993000, "grossProfitRatio": 0.2317244291, "researchAndDevelopmentExpenses": 0, "generalAndAdministrativeExpenses": 0, "sellingAndMarketingExpenses": 0, "sellingGeneralAndAdministrativeExpenses": 65888000, "otherExpenses": 435352000, "operatingExpenses": 501240000, "costAndExpenses": 2178845000, "interestIncome": 0, "interestExpense": 46213000, "depreciationAndAmortization": 262873000, "ebitda": 267626000, "ebitdaratio": 0.1225619368, "operatingIncome": 4753000, "operatingIncomeRatio": 0.0021766827, "totalOtherIncomeExpensesNet": 1037000, "incomeBeforeTax": -40423000, "incomeBeforeTaxRatio": -0.0185121071, "incomeTaxExpense": -52099000, "netIncome": 11676000, "netIncomeRatio": 0.0053471381, "eps": 0.075, "epsdiluted": 0.075, "weightedAverageShsOut": 157457120, "weightedAverageShsOutDil": 157668046, "link": "https://www.sec.gov/Archives/edgar/data/1070412/000092701603001246/0000927016-03-001246-index.htm", "finalLink": "https://www.sec.gov/Archives/edgar/data/1070412/000092701603001246/d10k.htm", "calculatedOtherExpenses": 435352000, "calculatedOperatingExpenses": 501240000, "calculatedNetInterest": -46213000, "calculatedOtherIncome": 1037000, "calculatedIncomeNonControlling": 0, "calculatedEbitda": 267626000}, {"date": "2001-06-30", "symbol": "CNX", "reportedCurrency": "USD", "cik": "0001070412", "fillingDate": "2001-09-28", "acceptedDate": "2001-09-28 00:00:00", "calendarYear": "2001", "period": "FY", "revenue": 2368415000, "costOfRevenue": 1568683000, "grossProfit": 799732000, "grossProfitRatio": 0.3376654851, "researchAndDevelopmentExpenses": 0, "generalAndAdministrativeExpenses": 0, "sellingAndMarketingExpenses": 0, "sellingGeneralAndAdministrativeExpenses": 223983000, "otherExpenses": 401338000, "operatingExpenses": 625321000, "costAndExpenses": 2194004000, "interestIncome": 0, "interestExpense": -259903000, "depreciationAndAmortization": 260464000, "ebitda": 240896000, "ebitdaratio": 0.1017119044, "operatingIncome": -19568000, "operatingIncomeRatio": -0.0082620656, "totalOtherIncomeExpensesNet": 193979000, "incomeBeforeTax": 240335000, "incomeBeforeTaxRatio": 0.1014750371, "incomeTaxExpense": 56685000, "netIncome": 183650000, "netIncomeRatio": 0.0775413093, "eps": 1.17, "epsdiluted": 1.17, "weightedAverageShsOut": 157227160, "weightedAverageShsOutDil": 157635870, "link": "https://www.sec.gov/Archives/edgar/data/1070412/000092701601502988/0000927016-01-502988-index.htm", "finalLink": "https://www.sec.gov/Archives/edgar/data/1070412/000092701601502988/d10k405.txt", "calculatedOtherExpenses": 595317000, "calculatedOperatingExpenses": 819300000, "calculatedNetInterest": 259903000, "calculatedOtherIncome": 0, "calculatedIncomeNonControlling": 0, "calculatedEbitda": 240896000}, {"date": "2000-06-30", "symbol": "CNX", "reportedCurrency": "USD", "cik": "0001070412", "fillingDate": "2000-09-28", "acceptedDate": "2000-09-28 00:00:00", "calendarYear": "2000", "period": "FY", "revenue": 2159209000, "costOfRevenue": 1486710000, "grossProfit": 672499000, "grossProfitRatio": 0.311456186, "researchAndDevelopmentExpenses": 0, "generalAndAdministrativeExpenses": 57992000, "sellingAndMarketingExpenses": 0, "sellingGeneralAndAdministrativeExpenses": 57992000, "otherExpenses": 440593000, "operatingExpenses": 498585000, "costAndExpenses": 1985295000, "interestIncome": 0, "interestExpense": 79445000, "depreciationAndAmortization": 266321000, "ebitda": 452313000, "ebitdaratio": 0.2094808793, "operatingIncome": 185992000, "operatingIncomeRatio": 0.0861389518, "totalOtherIncomeExpensesNet": -12078000, "incomeBeforeTax": 106547000, "incomeBeforeTaxRatio": 0.0493453853, "incomeTaxExpense": -493000, "netIncome": 107040000, "netIncomeRatio": 0.0495737096, "eps": 0.67, "epsdiluted": 0.67, "weightedAverageShsOut": 158999152, "weightedAverageShsOutDil": 159002652, "link": "https://www.sec.gov/Archives/edgar/data/1070412/000095013200000745/0000950132-00-000745-index.htm", "finalLink": "https://www.sec.gov/Archives/edgar/data/1070412/000095013200000745/0000950132-00-000745-0001.txt", "calculatedOtherExpenses": 428515000, "calculatedOperatingExpenses": 486507000, "calculatedNetInterest": -79445000, "calculatedOtherIncome": 0, "calculatedIncomeNonControlling": 0, "calculatedEbitda": 452313000}, {"date": "1999-06-30", "symbol": "CNX", "reportedCurrency": "USD", "cik": "0001070412", "fillingDate": "1999-09-28", "acceptedDate": "1999-09-28 00:00:00", "calendarYear": "1999", "period": "FY", "revenue": 1110500000, "costOfRevenue": 786500000, "grossProfit": 324000000, "grossProfitRatio": 0.2917604683, "researchAndDevelopmentExpenses": 0, "generalAndAdministrativeExpenses": 27700000, "sellingAndMarketingExpenses": 0, "sellingGeneralAndAdministrativeExpenses": 27700000, "otherExpenses": 225500000, "operatingExpenses": 253200000, "costAndExpenses": 1039700000, "interestIncome": 0, "interestExpense": 30700000, "depreciationAndAmortization": 127300000, "ebitda": 198100000, "ebitdaratio": 0.1783881135, "operatingIncome": 70800000, "operatingIncomeRatio": 0.0637550653, "totalOtherIncomeExpensesNet": -30700000, "incomeBeforeTax": 40100000, "incomeBeforeTaxRatio": 0.0361098604, "incomeTaxExpense": 100000, "netIncome": 40000000, "netIncomeRatio": 0.0360198109, "eps": 0.31, "epsdiluted": 0.31, "weightedAverageShsOut": 129032258, "weightedAverageShsOutDil": 129032258, "link": "https://www.sec.gov/Archives/edgar/data/1070412/000095013299000872/0000950132-99-000872-index.html", "finalLink": "https://www.sec.gov/Archives/edgar/data/1070412/000095013299000872/", "calculatedOtherExpenses": 225500000, "calculatedOperatingExpenses": 253200000, "calculatedNetInterest": -30700000, "calculatedOtherIncome": 0, "calculatedIncomeNonControlling": 0, "calculatedEbitda": 198100000}, {"date": "1998-12-31", "symbol": "CNX", "reportedCurrency": "USD", "cik": "0001070412", "fillingDate": "1998-12-31", "acceptedDate": "1998-12-31 00:00:00", "calendarYear": "1998", "period": "FY", "revenue": 2350000000, "costOfRevenue": 1577600000, "grossProfit": 772400000, "grossProfitRatio": 0.3286808511, "researchAndDevelopmentExpenses": 0, "generalAndAdministrativeExpenses": 55100000, "sellingAndMarketingExpenses": 0, "sellingGeneralAndAdministrativeExpenses": 55100000, "otherExpenses": 456600000, "operatingExpenses": 511700000, "costAndExpenses": 2089300000, "interestIncome": 0, "interestExpense": 48300000, "depreciationAndAmortization": 255500000, "ebitda": 516200000, "ebitdaratio": 0.2196595745, "operatingIncome": 260700000, "operatingIncomeRatio": 0.1109361702, "totalOtherIncomeExpensesNet": -48300000, "incomeBeforeTax": 212400000, "incomeBeforeTaxRatio": 0.0903829787, "incomeTaxExpense": 37800000, "netIncome": 174600000, "netIncomeRatio": 0.0742978723, "eps": 0.86, "epsdiluted": 0.86, "weightedAverageShsOut": 201849711, "weightedAverageShsOutDil": 201849711, "link": null, "finalLink": null, "calculatedOtherExpenses": 456600000, "calculatedOperatingExpenses": 511700000, "calculatedNetInterest": -48300000, "calculatedOtherIncome": 0, "calculatedIncomeNonControlling": 0, "calculatedEbitda": 516200000}, {"date": "1997-12-31", "symbol": "CNX", "reportedCurrency": "USD", "cik": "0001070412", "fillingDate": "1997-12-31", "acceptedDate": "1997-12-31 00:00:00", "calendarYear": "1997", "period": "FY", "revenue": 2349638000, "costOfRevenue": 1592413000, "grossProfit": 757225000, "grossProfitRatio": 0.322273048, "researchAndDevelopmentExpenses": 0, "generalAndAdministrativeExpenses": 55429000, "sellingAndMarketingExpenses": 0, "sellingGeneralAndAdministrativeExpenses": 55429000, "otherExpenses": 233304000, "operatingExpenses": 288733000, "costAndExpenses": 1881146000, "interestIncome": 0, "interestExpense": 234816000, "depreciationAndAmortization": 233304000, "ebitda": 701796000, "ebitdaratio": 0.2986826056, "operatingIncome": 468492000, "operatingIncomeRatio": 0.1993890123, "totalOtherIncomeExpensesNet": -234816000, "incomeBeforeTax": 233676000, "incomeBeforeTaxRatio": 0.0994519156, "incomeTaxExpense": 49887000, "netIncome": 183789000, "netIncomeRatio": 0.0782201343, "eps": 0.85, "epsdiluted": 0.85, "weightedAverageShsOut": 217613428, "weightedAverageShsOutDil": 217613428, "link": null, "finalLink": null, "calculatedOtherExpenses": 233304000, "calculatedOperatingExpenses": 288733000, "calculatedNetInterest": -234816000, "calculatedOtherIncome": 0, "calculatedIncomeNonControlling": 0, "calculatedEbitda": 701796000}]}