{"originalCurrency": "USD", "convertedCurrency": "USD", "report": [{"date": "2023-12-31", "symbol": "COF", "reportedCurrency": "USD", "cik": "0000927628", "fillingDate": "2024-02-23", "acceptedDate": "2024-02-22 18:12:08", "calendarYear": "2023", "period": "FY", "revenue": 49484000000, "costOfRevenue": 23715000000, "grossProfit": 25769000000, "grossProfitRatio": 0.5207541832, "researchAndDevelopmentExpenses": 0, "generalAndAdministrativeExpenses": 9302000000, "sellingAndMarketingExpenses": 4009000000, "sellingGeneralAndAdministrativeExpenses": 13311000000, "otherExpenses": -8854000000, "operatingExpenses": 8854000000, "costAndExpenses": 43439000000, "interestIncome": 41938000000, "interestExpense": 3208000000, "depreciationAndAmortization": 82000000, "ebitda": -4000000, "ebitdaratio": -8.08342e-05, "operatingIncome": -4000000, "operatingIncomeRatio": -8.08342e-05, "totalOtherIncomeExpensesNet": 6045000000, "incomeBeforeTax": 6045000000, "incomeBeforeTaxRatio": 0.1221606984, "incomeTaxExpense": 1158000000, "netIncome": 4887000000, "netIncomeRatio": 0.0987591949, "eps": 11.98, "epsdiluted": 11.95, "weightedAverageShsOut": 382400000, "weightedAverageShsOutDil": 383400000, "link": "https://www.sec.gov/Archives/edgar/data/927628/000092762824000094/0000927628-24-000094-index.htm", "finalLink": "https://www.sec.gov/Archives/edgar/data/927628/000092762824000094/cof-20231231.htm", "calculatedOtherExpenses": 12462000000, "calculatedOperatingExpenses": 25773000000, "calculatedNetInterest": 38730000000, "calculatedOtherIncome": -32681000000, "calculatedIncomeNonControlling": 0, "calculatedEbitda": 78000000}, {"date": "2022-12-31", "symbol": "COF", "reportedCurrency": "USD", "cik": "0000927628", "fillingDate": "2023-02-24", "acceptedDate": "2023-02-24 15:11:38", "calendarYear": "2022", "period": "FY", "revenue": 34250000000, "costOfRevenue": 0, "grossProfit": 34250000000, "grossProfitRatio": 1, "researchAndDevelopmentExpenses": 0, "generalAndAdministrativeExpenses": 8425000000, "sellingAndMarketingExpenses": 4017000000, "sellingGeneralAndAdministrativeExpenses": 12442000000, "otherExpenses": -8425000000, "operatingExpenses": 4017000000, "costAndExpenses": 4017000000, "interestIncome": 31237000000, "interestExpense": 4123000000, "depreciationAndAmortization": 70000000, "ebitda": 13433000000, "ebitdaratio": 0.3922043796, "operatingIncome": 13363000000, "operatingIncomeRatio": 0.3901605839, "totalOtherIncomeExpensesNet": -4123000000, "incomeBeforeTax": 9240000000, "incomeBeforeTaxRatio": 0.2697810219, "incomeTaxExpense": 1880000000, "netIncome": 7360000000, "netIncomeRatio": 0.2148905109, "eps": 17.98, "epsdiluted": 17.91, "weightedAverageShsOut": 391800000, "weightedAverageShsOutDil": 393200000, "link": "https://www.sec.gov/Archives/edgar/data/927628/000092762823000117/0000927628-23-000117-index.htm", "finalLink": "https://www.sec.gov/Archives/edgar/data/927628/000092762823000117/cof-20221231.htm", "calculatedOtherExpenses": 8445000000, "calculatedOperatingExpenses": 20887000000, "calculatedNetInterest": 27114000000, "calculatedOtherIncome": -31237000000, "calculatedIncomeNonControlling": 0, "calculatedEbitda": 13433000000}, {"date": "2021-12-31", "symbol": "COF", "reportedCurrency": "USD", "cik": "0000927628", "fillingDate": "2022-02-25", "acceptedDate": "2022-02-25 16:21:21", "calendarYear": "2021", "period": "FY", "revenue": 30435000000, "costOfRevenue": 0, "grossProfit": 30435000000, "grossProfitRatio": 1, "researchAndDevelopmentExpenses": 0, "generalAndAdministrativeExpenses": 7421000000, "sellingAndMarketingExpenses": 2871000000, "sellingGeneralAndAdministrativeExpenses": 10292000000, "otherExpenses": -24922000000, "operatingExpenses": -14630000000, "costAndExpenses": -14630000000, "interestIncome": 25769000000, "interestExpense": 1598000000, "depreciationAndAmortization": 29000000, "ebitda": 15834000000, "ebitdaratio": 0.5202562839, "operatingIncome": 15805000000, "operatingIncomeRatio": 0.5193034335, "totalOtherIncomeExpensesNet": 4000000, "incomeBeforeTax": 15809000000, "incomeBeforeTaxRatio": 0.5194348612, "incomeTaxExpense": 3415000000, "netIncome": 12390000000, "netIncomeRatio": 0.4070970922, "eps": 27.04, "epsdiluted": 26.94, "weightedAverageShsOut": 442500000, "weightedAverageShsOutDil": 444200000, "link": "https://www.sec.gov/Archives/edgar/data/927628/000092762822000106/0000927628-22-000106-index.htm", "finalLink": "https://www.sec.gov/Archives/edgar/data/927628/000092762822000106/cof-20211231.htm", "calculatedOtherExpenses": 4338000000, "calculatedOperatingExpenses": 14630000000, "calculatedNetInterest": 24171000000, "calculatedOtherIncome": -24167000000, "calculatedIncomeNonControlling": 4000000, "calculatedEbitda": 15834000000}, {"date": "2020-12-31", "symbol": "COF", "reportedCurrency": "USD", "cik": "0000927628", "fillingDate": "2021-02-25", "acceptedDate": "2021-02-25 16:40:40", "calendarYear": "2020", "period": "FY", "revenue": 28523000000, "costOfRevenue": 0, "grossProfit": 28523000000, "grossProfitRatio": 1, "researchAndDevelopmentExpenses": 0, "generalAndAdministrativeExpenses": 6805000000, "sellingAndMarketingExpenses": 1610000000, "sellingGeneralAndAdministrativeExpenses": 8415000000, "otherExpenses": -33738000000, "operatingExpenses": -25323000000, "costAndExpenses": -25323000000, "interestIncome": 26033000000, "interestExpense": 3120000000, "depreciationAndAmortization": 60000000, "ebitda": 3260000000, "ebitdaratio": 0.1142937279, "operatingIncome": 3200000000, "operatingIncomeRatio": 0.1121901623, "totalOtherIncomeExpensesNet": 3000000, "incomeBeforeTax": 3203000000, "incomeBeforeTaxRatio": 0.1122953406, "incomeTaxExpense": 486000000, "netIncome": 2714000000, "netIncomeRatio": 0.0951512814, "eps": 5.19, "epsdiluted": 5.18, "weightedAverageShsOut": 457800000, "weightedAverageShsOutDil": 458900000, "link": "https://www.sec.gov/Archives/edgar/data/927628/000092762821000094/0000927628-21-000094-index.htm", "finalLink": "https://www.sec.gov/Archives/edgar/data/927628/000092762821000094/cof-20201231.htm", "calculatedOtherExpenses": 16908000000, "calculatedOperatingExpenses": 25323000000, "calculatedNetInterest": 22913000000, "calculatedOtherIncome": -22910000000, "calculatedIncomeNonControlling": 3000000, "calculatedEbitda": 3260000000}, {"date": "2019-12-31", "symbol": "COF", "reportedCurrency": "USD", "cik": "0000927628", "fillingDate": "2020-02-20", "acceptedDate": "2020-02-20 16:17:55", "calendarYear": "2019", "period": "FY", "revenue": 28593000000, "costOfRevenue": 0, "grossProfit": 28593000000, "grossProfitRatio": 1, "researchAndDevelopmentExpenses": 0, "generalAndAdministrativeExpenses": 6388000000, "sellingAndMarketingExpenses": 2274000000, "sellingGeneralAndAdministrativeExpenses": 8662000000, "otherExpenses": -30368000000, "operatingExpenses": -21706000000, "costAndExpenses": -21706000000, "interestIncome": 28513000000, "interestExpense": 5173000000, "depreciationAndAmortization": 112000000, "ebitda": 6999000000, "ebitdaratio": 0.244780191, "operatingIncome": 6887000000, "operatingIncomeRatio": 0.2408631483, "totalOtherIncomeExpensesNet": -13000000, "incomeBeforeTax": 6874000000, "incomeBeforeTaxRatio": 0.2404084916, "incomeTaxExpense": 1341000000, "netIncome": 5546000000, "netIncomeRatio": 0.1939635575, "eps": 11.1, "epsdiluted": 11.05, "weightedAverageShsOut": 467600000, "weightedAverageShsOutDil": 469900000, "link": "https://www.sec.gov/Archives/edgar/data/927628/000092762820000102/0000927628-20-000102-index.htm", "finalLink": "https://www.sec.gov/Archives/edgar/data/927628/000092762820000102/cof-12312019x10k.htm", "calculatedOtherExpenses": 13044000000, "calculatedOperatingExpenses": 21706000000, "calculatedNetInterest": 23340000000, "calculatedOtherIncome": -23353000000, "calculatedIncomeNonControlling": -13000000, "calculatedEbitda": 6999000000}, {"date": "2018-12-31", "symbol": "COF", "reportedCurrency": "USD", "cik": "0000927628", "fillingDate": "2019-02-20", "acceptedDate": "2019-02-20 15:52:42", "calendarYear": "2018", "period": "FY", "revenue": 27461000000, "costOfRevenue": 288000000, "grossProfit": 27173000000, "grossProfitRatio": 0.9895123994, "researchAndDevelopmentExpenses": 0, "generalAndAdministrativeExpenses": 5727000000, "sellingAndMarketingExpenses": 2174000000, "sellingGeneralAndAdministrativeExpenses": 7901000000, "otherExpenses": 15898000000, "operatingExpenses": 25059000000, "costAndExpenses": 25059000000, "interestIncome": 27176000000, "interestExpense": 4301000000, "depreciationAndAmortization": 174000000, "ebitda": 14005000000, "ebitdaratio": 0.5099959943, "operatingIncome": 11609000000, "operatingIncomeRatio": 0.4227449838, "totalOtherIncomeExpensesNet": -4291000000, "incomeBeforeTax": 7318000000, "incomeBeforeTaxRatio": 0.266487018, "incomeTaxExpense": 1293000000, "netIncome": 6015000000, "netIncomeRatio": 0.2190379083, "eps": 12.53, "epsdiluted": 12.45, "weightedAverageShsOut": 479900000, "weightedAverageShsOutDil": 483100000, "link": "https://www.sec.gov/Archives/edgar/data/927628/000092762819000093/0000927628-19-000093-index.htm", "finalLink": "https://www.sec.gov/Archives/edgar/data/927628/000092762819000093/cof-12312018x10k.htm", "calculatedOtherExpenses": 7663000000, "calculatedOperatingExpenses": 15564000000, "calculatedNetInterest": 22875000000, "calculatedOtherIncome": -27166000000, "calculatedIncomeNonControlling": 10000000, "calculatedEbitda": 11783000000}, {"date": "2017-12-31", "symbol": "COF", "reportedCurrency": "USD", "cik": "0000927628", "fillingDate": "2018-02-21", "acceptedDate": "2018-02-21 17:01:17", "calendarYear": "2017", "period": "FY", "revenue": 27237000000, "costOfRevenue": 990000000, "grossProfit": 26247000000, "grossProfitRatio": 0.9636523846, "researchAndDevelopmentExpenses": 0, "generalAndAdministrativeExpenses": 5899000000, "sellingAndMarketingExpenses": 1670000000, "sellingGeneralAndAdministrativeExpenses": 7569000000, "otherExpenses": 15761000000, "operatingExpenses": 24507000000, "costAndExpenses": 25497000000, "interestIncome": 25222000000, "interestExpense": 2762000000, "depreciationAndAmortization": 245000000, "ebitda": 10559000000, "ebitdaratio": 0.3876711826, "operatingIncome": -135000000, "operatingIncomeRatio": -0.004956493, "totalOtherIncomeExpensesNet": 5627000000, "incomeBeforeTax": 5492000000, "incomeBeforeTaxRatio": 0.2016374784, "incomeTaxExpense": 3375000000, "netIncome": 1982000000, "netIncomeRatio": 0.0727686603, "eps": 3.52, "epsdiluted": 3.49, "weightedAverageShsOut": 484200000, "weightedAverageShsOutDil": 488600000, "link": "https://www.sec.gov/Archives/edgar/data/927628/000092762818000107/0000927628-18-000107-index.htm", "finalLink": "https://www.sec.gov/Archives/edgar/data/927628/000092762818000107/cof-12312017x10k.htm", "calculatedOtherExpenses": 18813000000, "calculatedOperatingExpenses": 26382000000, "calculatedNetInterest": 22460000000, "calculatedOtherIncome": -16833000000, "calculatedIncomeNonControlling": 135000000, "calculatedEbitda": 110000000}, {"date": "2016-12-31", "symbol": "COF", "reportedCurrency": "USD", "cik": "0000927628", "fillingDate": "2017-02-23", "acceptedDate": "2017-02-23 16:30:02", "calendarYear": "2016", "period": "FY", "revenue": 25501000000, "costOfRevenue": 853000000, "grossProfit": 24648000000, "grossProfitRatio": 0.9665503314, "researchAndDevelopmentExpenses": 0, "generalAndAdministrativeExpenses": 5202000000, "sellingAndMarketingExpenses": 1811000000, "sellingGeneralAndAdministrativeExpenses": 7013000000, "otherExpenses": 13853000000, "operatingExpenses": 22035000000, "costAndExpenses": 22888000000, "interestIncome": 22891000000, "interestExpense": 2018000000, "depreciationAndAmortization": 386000000, "ebitda": 9911000000, "ebitdaratio": 0.3886514254, "operatingIncome": -19000000, "operatingIncomeRatio": -0.0007450688, "totalOtherIncomeExpensesNet": 5503000000, "incomeBeforeTax": 5484000000, "incomeBeforeTaxRatio": 0.2150503902, "incomeTaxExpense": 1714000000, "netIncome": 3751000000, "netIncomeRatio": 0.1470922709, "eps": 6.96, "epsdiluted": 6.89, "weightedAverageShsOut": 504900000, "weightedAverageShsOutDil": 509800000, "link": "https://www.sec.gov/Archives/edgar/data/927628/000092762817000115/0000927628-17-000115-index.htm", "finalLink": "https://www.sec.gov/Archives/edgar/data/927628/000092762817000115/cof-12312016x10k.htm", "calculatedOtherExpenses": 17654000000, "calculatedOperatingExpenses": 24667000000, "calculatedNetInterest": 20873000000, "calculatedOtherIncome": -15370000000, "calculatedIncomeNonControlling": 19000000, "calculatedEbitda": 367000000}, {"date": "2015-12-31", "symbol": "COF", "reportedCurrency": "USD", "cik": "0000927628", "fillingDate": "2016-02-25", "acceptedDate": "2016-02-25 16:59:23", "calendarYear": "2015", "period": "FY", "revenue": 23413000000, "costOfRevenue": 766000000, "grossProfit": 22647000000, "grossProfitRatio": 0.9672831333, "researchAndDevelopmentExpenses": 0, "generalAndAdministrativeExpenses": 4975000000, "sellingAndMarketingExpenses": 1744000000, "sellingGeneralAndAdministrativeExpenses": 6719000000, "otherExpenses": 11555000000, "operatingExpenses": 19157000000, "costAndExpenses": 19923000000, "interestIncome": 20459000000, "interestExpense": 1625000000, "depreciationAndAmortization": 430000000, "ebitda": 9644000000, "ebitdaratio": 0.4119079144, "operatingIncome": 38000000, "operatingIncomeRatio": 0.0016230299, "totalOtherIncomeExpensesNet": 5843000000, "incomeBeforeTax": 5881000000, "incomeBeforeTaxRatio": 0.251185239, "incomeTaxExpense": 1869000000, "netIncome": 4050000000, "netIncomeRatio": 0.1729808226, "eps": 7.15, "epsdiluted": 7.07, "weightedAverageShsOut": 541800000, "weightedAverageShsOutDil": 548000000, "link": "https://www.sec.gov/Archives/edgar/data/927628/000092762816000140/0000927628-16-000140-index.htm", "finalLink": "https://www.sec.gov/Archives/edgar/data/927628/000092762816000140/cof-12312015x10k.htm", "calculatedOtherExpenses": 15890000000, "calculatedOperatingExpenses": 22609000000, "calculatedNetInterest": 18834000000, "calculatedOtherIncome": -12991000000, "calculatedIncomeNonControlling": -38000000, "calculatedEbitda": 468000000}, {"date": "2014-12-31", "symbol": "COF", "reportedCurrency": "USD", "cik": "0000927628", "fillingDate": "2015-02-24", "acceptedDate": "2015-02-24 17:18:28", "calendarYear": "2014", "period": "FY", "revenue": 22290000000, "costOfRevenue": 837000000, "grossProfit": 21453000000, "grossProfitRatio": 0.9624495289, "researchAndDevelopmentExpenses": 0, "generalAndAdministrativeExpenses": 4593000000, "sellingAndMarketingExpenses": 1561000000, "sellingGeneralAndAdministrativeExpenses": 6154000000, "otherExpenses": 10348000000, "operatingExpenses": 17300000000, "costAndExpenses": 18137000000, "interestIncome": 19397000000, "interestExpense": 1579000000, "depreciationAndAmortization": 532000000, "ebitda": 10155000000, "ebitdaratio": 0.4555854643, "operatingIncome": 5000000, "operatingIncomeRatio": 0.0002243158, "totalOtherIncomeExpensesNet": 6564000000, "incomeBeforeTax": 6569000000, "incomeBeforeTaxRatio": 0.2947061463, "incomeTaxExpense": 2146000000, "netIncome": 4428000000, "netIncomeRatio": 0.198654105, "eps": 7.71, "epsdiluted": 7.59, "weightedAverageShsOut": 563100000, "weightedAverageShsOutDil": 571900000, "link": "https://www.sec.gov/Archives/edgar/data/927628/000092762815000026/0000927628-15-000026-index.htm", "finalLink": "https://www.sec.gov/Archives/edgar/data/927628/000092762815000026/cof-12312014x10k.htm", "calculatedOtherExpenses": 15294000000, "calculatedOperatingExpenses": 21448000000, "calculatedNetInterest": 17818000000, "calculatedOtherIncome": -11254000000, "calculatedIncomeNonControlling": -5000000, "calculatedEbitda": 537000000}, {"date": "2013-12-31", "symbol": "COF", "reportedCurrency": "USD", "cik": "0000927628", "fillingDate": "2014-02-27", "acceptedDate": "2014-02-27 17:30:41", "calendarYear": "2013", "period": "FY", "revenue": 22384000000, "costOfRevenue": 1032000000, "grossProfit": 21352000000, "grossProfitRatio": 0.9538956397, "researchAndDevelopmentExpenses": 0, "generalAndAdministrativeExpenses": 4432000000, "sellingAndMarketingExpenses": 1373000000, "sellingGeneralAndAdministrativeExpenses": 5805000000, "otherExpenses": 10908000000, "operatingExpenses": 17598000000, "costAndExpenses": 18630000000, "interestIncome": 19898000000, "interestExpense": 1792000000, "depreciationAndAmortization": 671000000, "ebitda": 10041000000, "ebitdaratio": 0.4485793424, "operatingIncome": -233000000, "operatingIncomeRatio": -0.0104092209, "totalOtherIncomeExpensesNet": 6650000000, "incomeBeforeTax": 6417000000, "incomeBeforeTaxRatio": 0.2866779843, "incomeTaxExpense": 2025000000, "netIncome": 4159000000, "netIncomeRatio": 0.1858023588, "eps": 7.05, "epsdiluted": 6.96, "weightedAverageShsOut": 579700000, "weightedAverageShsOutDil": 587600000, "link": "https://www.sec.gov/Archives/edgar/data/927628/000119312514073467/0001193125-14-073467-index.htm", "finalLink": "https://www.sec.gov/Archives/edgar/data/927628/000119312514073467/d637300d10k.htm", "calculatedOtherExpenses": 15780000000, "calculatedOperatingExpenses": 21585000000, "calculatedNetInterest": 18106000000, "calculatedOtherIncome": -11456000000, "calculatedIncomeNonControlling": 233000000, "calculatedEbitda": 438000000}, {"date": "2012-12-31", "symbol": "COF", "reportedCurrency": "USD", "cik": "0000927628", "fillingDate": "2013-02-28", "acceptedDate": "2013-02-28 16:19:23", "calendarYear": "2012", "period": "FY", "revenue": 20802000000, "costOfRevenue": 1069000000, "grossProfit": 19733000000, "grossProfitRatio": 0.9486107105, "researchAndDevelopmentExpenses": 0, "generalAndAdministrativeExpenses": 3876000000, "sellingAndMarketingExpenses": 1364000000, "sellingGeneralAndAdministrativeExpenses": 5240000000, "otherExpenses": 12569000000, "operatingExpenses": 18587000000, "costAndExpenses": 19656000000, "interestIncome": 18964000000, "interestExpense": 2375000000, "depreciationAndAmortization": 604000000, "ebitda": 9055000000, "ebitdaratio": 0.4352946832, "operatingIncome": -217000000, "operatingIncomeRatio": -0.0104316893, "totalOtherIncomeExpensesNet": 5252000000, "incomeBeforeTax": 5035000000, "incomeBeforeTaxRatio": 0.2420440342, "incomeTaxExpense": 1301000000, "netIncome": 3517000000, "netIncomeRatio": 0.1690702817, "eps": 6.21, "epsdiluted": 6.16, "weightedAverageShsOut": 561100000, "weightedAverageShsOutDil": 566500000, "link": "https://www.sec.gov/Archives/edgar/data/927628/000119312513084249/0001193125-13-084249-index.htm", "finalLink": "https://www.sec.gov/Archives/edgar/data/927628/000119312513084249/d447949d10k.htm", "calculatedOtherExpenses": 14710000000, "calculatedOperatingExpenses": 19950000000, "calculatedNetInterest": 16589000000, "calculatedOtherIncome": -11337000000, "calculatedIncomeNonControlling": 217000000, "calculatedEbitda": 387000000}, {"date": "2011-12-31", "symbol": "COF", "reportedCurrency": "USD", "cik": "0000927628", "fillingDate": "2012-02-29", "acceptedDate": "2012-02-28 18:55:20", "calendarYear": "2011", "period": "FY", "revenue": 16279000000, "costOfRevenue": 0, "grossProfit": 16279000000, "grossProfitRatio": 1, "researchAndDevelopmentExpenses": 0, "generalAndAdministrativeExpenses": 3562000000, "sellingAndMarketingExpenses": 1337000000, "sellingGeneralAndAdministrativeExpenses": 4899000000, "otherExpenses": 21000000, "operatingExpenses": 13893000000, "costAndExpenses": 13872000000, "interestIncome": 14987000000, "interestExpense": 2246000000, "depreciationAndAmortization": 600000000, "ebitda": 7327000000, "ebitdaratio": 0.4500890718, "operatingIncome": -106000000, "operatingIncomeRatio": -0.0065114565, "totalOtherIncomeExpensesNet": 4693000000, "incomeBeforeTax": 4587000000, "incomeBeforeTaxRatio": 0.2817740647, "incomeTaxExpense": 1334000000, "netIncome": 3147000000, "netIncomeRatio": 0.1933165428, "eps": 6.85, "epsdiluted": 6.8, "weightedAverageShsOut": 455500000, "weightedAverageShsOutDil": 459100000, "link": "https://www.sec.gov/Archives/edgar/data/927628/000119312512086138/0001193125-12-086138-index.htm", "finalLink": "https://www.sec.gov/Archives/edgar/data/927628/000119312512086138/d258810d10k.htm", "calculatedOtherExpenses": 11486000000, "calculatedOperatingExpenses": 16385000000, "calculatedNetInterest": 12741000000, "calculatedOtherIncome": -8048000000, "calculatedIncomeNonControlling": 106000000, "calculatedEbitda": 494000000}, {"date": "2010-12-31", "symbol": "COF", "reportedCurrency": "USD", "cik": "0000927628", "fillingDate": "2011-03-01", "acceptedDate": "2011-03-01 13:38:03", "calendarYear": "2010", "period": "FY", "revenue": 16171000000, "costOfRevenue": -65000000, "grossProfit": 16236000000, "grossProfitRatio": 1.0040195412, "researchAndDevelopmentExpenses": 0, "generalAndAdministrativeExpenses": 3114000000, "sellingAndMarketingExpenses": 958000000, "sellingGeneralAndAdministrativeExpenses": 4072000000, "otherExpenses": 62000000, "operatingExpenses": 14656000000, "costAndExpenses": 14591000000, "interestIncome": 15353000000, "interestExpense": 2896000000, "depreciationAndAmortization": 582000000, "ebitda": 7501000000, "ebitdaratio": 0.4638550492, "operatingIncome": -307000000, "operatingIncomeRatio": -0.0189846021, "totalOtherIncomeExpensesNet": 4637000000, "incomeBeforeTax": 4330000000, "incomeBeforeTaxRatio": 0.2677632799, "incomeTaxExpense": 1280000000, "netIncome": 2743000000, "netIncomeRatio": 0.1696246367, "eps": 6.07, "epsdiluted": 6.01, "weightedAverageShsOut": 452100000, "weightedAverageShsOutDil": 456400000, "link": "https://www.sec.gov/Archives/edgar/data/927628/000114036111012916/0001140361-11-012916-index.htm", "finalLink": "https://www.sec.gov/Archives/edgar/data/927628/000114036111012916/form10k.htm", "calculatedOtherExpenses": 12471000000, "calculatedOperatingExpenses": 16543000000, "calculatedNetInterest": 12457000000, "calculatedOtherIncome": -7820000000, "calculatedIncomeNonControlling": 307000000, "calculatedEbitda": 275000000}, {"date": "2009-12-31", "symbol": "COF", "reportedCurrency": "USD", "cik": "0000927628", "fillingDate": "2010-02-26", "acceptedDate": "2010-02-26 17:19:27", "calendarYear": "2009", "period": "FY", "revenue": 12983267000, "costOfRevenue": -31951000, "grossProfit": 13015218000, "grossProfitRatio": 1.0024609368, "researchAndDevelopmentExpenses": 0, "generalAndAdministrativeExpenses": 2977237000, "sellingAndMarketingExpenses": 588338000, "sellingGeneralAndAdministrativeExpenses": 3565575000, "otherExpenses": 31951000, "operatingExpenses": 14495000000, "costAndExpenses": 14463049000, "interestIncome": 10664585000, "interestExpense": 2967470000, "depreciationAndAmortization": 682603000, "ebitda": 4883339000, "ebitdaratio": 0.376125593, "operatingIncome": -130515000, "operatingIncomeRatio": -0.0100525546, "totalOtherIncomeExpensesNet": 712134000, "incomeBeforeTax": 1336102000, "incomeBeforeTaxRatio": 0.1029095373, "incomeTaxExpense": 349485000, "netIncome": 883781000, "netIncomeRatio": 0.0680707714, "eps": 0.75, "epsdiluted": 0.74, "weightedAverageShsOut": 450000000, "weightedAverageShsOutDil": 454900000, "link": "https://www.sec.gov/Archives/edgar/data/927628/000119312510043152/0001193125-10-043152-index.htm", "finalLink": "https://www.sec.gov/Archives/edgar/data/927628/000119312510043152/d10k.htm", "calculatedOtherExpenses": 9580158000, "calculatedOperatingExpenses": 13145733000, "calculatedNetInterest": 7697115000, "calculatedOtherIncome": -6230498000, "calculatedIncomeNonControlling": 102836000, "calculatedEbitda": 552088000}, {"date": "2008-12-31", "symbol": "COF", "reportedCurrency": "USD", "cik": "0000927628", "fillingDate": "2009-02-26", "acceptedDate": "2009-02-26 17:27:32", "calendarYear": "2008", "period": "FY", "revenue": 13838826000, "costOfRevenue": -53860000, "grossProfit": 13892686000, "grossProfitRatio": 1.0038919486, "researchAndDevelopmentExpenses": 0, "generalAndAdministrativeExpenses": 2855424000, "sellingAndMarketingExpenses": 1118208000, "sellingGeneralAndAdministrativeExpenses": 3973632000, "otherExpenses": 13686055000, "operatingExpenses": 17140000000, "costAndExpenses": 17086140000, "interestIncome": 11111999000, "interestExpense": 3963284000, "depreciationAndAmortization": 691430000, "ebitda": 5105818000, "ebitdaratio": 0.3689487822, "operatingIncome": -130515000, "operatingIncomeRatio": -0.0094310746, "totalOtherIncomeExpensesNet": 712134000, "incomeBeforeTax": 581619000, "incomeBeforeTaxRatio": 0.0420280593, "incomeTaxExpense": 497102000, "netIncome": -45998000, "netIncomeRatio": -0.0033238369, "eps": -0.12, "epsdiluted": -0.12, "weightedAverageShsOut": 376000000, "weightedAverageShsOutDil": 378000000, "link": "https://www.sec.gov/Archives/edgar/data/927628/000119312509039271/0001193125-09-039271-index.htm", "finalLink": "https://www.sec.gov/Archives/edgar/data/927628/000119312509039271/d10k.htm", "calculatedOtherExpenses": 10049569000, "calculatedOperatingExpenses": 14023201000, "calculatedNetInterest": 7148715000, "calculatedOtherIncome": -6436581000, "calculatedIncomeNonControlling": 130515000, "calculatedEbitda": 560915000}, {"date": "2007-12-31", "symbol": "COF", "reportedCurrency": "USD", "cik": "0000927628", "fillingDate": "2008-02-29", "acceptedDate": "2008-02-29 16:36:20", "calendarYear": "2007", "period": "FY", "revenue": 14478824000, "costOfRevenue": 0, "grossProfit": 14478824000, "grossProfitRatio": 1, "researchAndDevelopmentExpenses": 0, "generalAndAdministrativeExpenses": 3123772000, "sellingAndMarketingExpenses": 1347836000, "sellingGeneralAndAdministrativeExpenses": 4471608000, "otherExpenses": 11184630000, "operatingExpenses": 15125000000, "costAndExpenses": 15019756000, "interestIncome": 11078156000, "interestExpense": 4548311000, "depreciationAndAmortization": 678757000, "ebitda": 8075237000, "ebitdaratio": 0.5577274094, "operatingIncome": -1021387000, "operatingIncomeRatio": -0.0705435055, "totalOtherIncomeExpensesNet": 4890943000, "incomeBeforeTax": 3869556000, "incomeBeforeTaxRatio": 0.2672562357, "incomeTaxExpense": 1277837000, "netIncome": 1570332000, "netIncomeRatio": 0.1084571509, "eps": 4.02, "epsdiluted": 3.97, "weightedAverageShsOut": 390287000, "weightedAverageShsOutDil": 395545000, "link": "https://www.sec.gov/Archives/edgar/data/927628/000119312508043757/0001193125-08-043757-index.htm", "finalLink": "https://www.sec.gov/Archives/edgar/data/927628/000119312508043757/d10k.htm", "calculatedOtherExpenses": 11028603000, "calculatedOperatingExpenses": 15500211000, "calculatedNetInterest": 6529845000, "calculatedOtherIncome": -1638902000, "calculatedIncomeNonControlling": 1021387000, "calculatedEbitda": -342630000}, {"date": "2006-12-31", "symbol": "COF", "reportedCurrency": "USD", "cik": "0000927628", "fillingDate": "2007-03-01", "acceptedDate": "2007-03-01 15:59:21", "calendarYear": "2006", "period": "FY", "revenue": 12096362000, "costOfRevenue": 0, "grossProfit": 12096362000, "grossProfitRatio": 1, "researchAndDevelopmentExpenses": 0, "generalAndAdministrativeExpenses": 2700148000, "sellingAndMarketingExpenses": 1444635000, "sellingGeneralAndAdministrativeExpenses": 4144783000, "otherExpenses": 7808897000, "operatingExpenses": 11493000000, "costAndExpenses": 11493000000, "interestIncome": 8194229000, "interestExpense": 3094599000, "depreciationAndAmortization": 542090000, "ebitda": 7289420000, "ebitdaratio": 0.6026125872, "operatingIncome": 6747330000, "operatingIncomeRatio": 0.5577982868, "totalOtherIncomeExpensesNet": -3094599000, "incomeBeforeTax": 3652731000, "incomeBeforeTaxRatio": 0.3019693855, "incomeTaxExpense": 1238238000, "netIncome": 2414493000, "netIncomeRatio": 0.1996048895, "eps": 7.8, "epsdiluted": 7.62, "weightedAverageShsOut": 309584000, "weightedAverageShsOutDil": 317023000, "link": "https://www.sec.gov/Archives/edgar/data/927628/000119312507044343/0001193125-07-044343-index.htm", "finalLink": "https://www.sec.gov/Archives/edgar/data/927628/000119312507044343/d10k.htm", "calculatedOtherExpenses": 1204249000, "calculatedOperatingExpenses": 5349032000, "calculatedNetInterest": 5099630000, "calculatedOtherIncome": -8194229000, "calculatedIncomeNonControlling": 0, "calculatedEbitda": 7289420000}, {"date": "2005-12-31", "symbol": "COF", "reportedCurrency": "USD", "cik": "0000927628", "fillingDate": "2006-03-02", "acceptedDate": "2006-03-02 17:25:49", "calendarYear": "2005", "period": "FY", "revenue": 10038347000, "costOfRevenue": 0, "grossProfit": 10038347000, "grossProfitRatio": 1, "researchAndDevelopmentExpenses": 0, "generalAndAdministrativeExpenses": 1749738000, "sellingAndMarketingExpenses": 1379938000, "sellingGeneralAndAdministrativeExpenses": 3129676000, "otherExpenses": 6126324000, "operatingExpenses": 9256000000, "costAndExpenses": 9256000000, "interestIncome": 5726881000, "interestExpense": 2046639000, "depreciationAndAmortization": 425640000, "ebitda": 5301281000, "ebitdaratio": 0.5281029835, "operatingIncome": 4875641000, "operatingIncomeRatio": 0.4857015802, "totalOtherIncomeExpensesNet": -2046639000, "incomeBeforeTax": 2829002000, "incomeBeforeTaxRatio": 0.2818195067, "incomeTaxExpense": 1019855000, "netIncome": 1809147000, "netIncomeRatio": 0.1802235966, "eps": 6.98, "epsdiluted": 6.73, "weightedAverageShsOut": 259159000, "weightedAverageShsOutDil": 268908000, "link": "https://www.sec.gov/Archives/edgar/data/927628/000119312506044064/0001193125-06-044064-index.htm", "finalLink": "https://www.sec.gov/Archives/edgar/data/927628/000119312506044064/d10k.htm", "calculatedOtherExpenses": 2033030000, "calculatedOperatingExpenses": 5162706000, "calculatedNetInterest": 3680242000, "calculatedOtherIncome": -5726881000, "calculatedIncomeNonControlling": 0, "calculatedEbitda": 5301281000}, {"date": "2004-12-31", "symbol": "COF", "reportedCurrency": "USD", "cik": "0000927628", "fillingDate": "2005-03-09", "acceptedDate": "2005-03-09 12:17:54", "calendarYear": "2004", "period": "FY", "revenue": 8903135000, "costOfRevenue": 0, "grossProfit": 8903135000, "grossProfitRatio": 1, "researchAndDevelopmentExpenses": 0, "generalAndAdministrativeExpenses": 1642721000, "sellingAndMarketingExpenses": 1337780000, "sellingGeneralAndAdministrativeExpenses": 2980501000, "otherExpenses": -7732130000, "operatingExpenses": -4751629000, "costAndExpenses": -4751629000, "interestIncome": 4794420000, "interestExpense": 1791442000, "depreciationAndAmortization": 381852000, "ebitda": 4533358000, "ebitdaratio": 0.5091867078, "operatingIncome": 4151506000, "operatingIncomeRatio": 0.4662970965, "totalOtherIncomeExpensesNet": -1791442000, "incomeBeforeTax": 2360064000, "incomeBeforeTaxRatio": 0.2650823558, "incomeTaxExpense": 816582000, "netIncome": 1543482000, "netIncomeRatio": 0.1733638769, "eps": 6.55, "epsdiluted": 6.21, "weightedAverageShsOut": 235613000, "weightedAverageShsOutDil": 248767000, "link": "https://www.sec.gov/Archives/edgar/data/927628/000119312505045269/0001193125-05-045269-index.htm", "finalLink": "https://www.sec.gov/Archives/edgar/data/927628/000119312505045269/d10k.htm", "calculatedOtherExpenses": 1771128000, "calculatedOperatingExpenses": 4751629000, "calculatedNetInterest": 3002978000, "calculatedOtherIncome": -4794420000, "calculatedIncomeNonControlling": 0, "calculatedEbitda": 4533358000}, {"date": "2003-12-31", "symbol": "COF", "reportedCurrency": "USD", "cik": "0000927628", "fillingDate": "2004-03-05", "acceptedDate": "2004-03-05 09:28:19", "calendarYear": "2003", "period": "FY", "revenue": 8201013000, "costOfRevenue": 0, "grossProfit": 8201013000, "grossProfitRatio": 1, "researchAndDevelopmentExpenses": 0, "generalAndAdministrativeExpenses": 1570415000, "sellingAndMarketingExpenses": 1118422000, "sellingGeneralAndAdministrativeExpenses": 2688837000, "otherExpenses": -7495529000, "operatingExpenses": -4806692000, "costAndExpenses": -4806692000, "interestIncome": 4367654000, "interestExpense": 1582565000, "depreciationAndAmortization": 384016000, "ebitda": 3778337000, "ebitdaratio": 0.4607158896, "operatingIncome": 3394321000, "operatingIncomeRatio": 0.4138904548, "totalOtherIncomeExpensesNet": -1567528000, "incomeBeforeTax": 1826793000, "incomeBeforeTaxRatio": 0.2227521161, "incomeTaxExpense": 675914000, "netIncome": 1135842000, "netIncomeRatio": 0.1385002072, "eps": 5.05, "epsdiluted": 4.85, "weightedAverageShsOut": 224919208, "weightedAverageShsOutDil": 234194227, "link": "https://www.sec.gov/Archives/edgar/data/927628/000119312504035097/0001193125-04-035097-index.htm", "finalLink": "https://www.sec.gov/Archives/edgar/data/927628/000119312504035097/d10k.htm", "calculatedOtherExpenses": 2117855000, "calculatedOperatingExpenses": 4806692000, "calculatedNetInterest": 2785089000, "calculatedOtherIncome": -4352617000, "calculatedIncomeNonControlling": 15037000, "calculatedEbitda": 3778337000}, {"date": "2002-12-31", "symbol": "COF", "reportedCurrency": "USD", "cik": "0000927628", "fillingDate": "2003-03-17", "acceptedDate": "2003-03-14 21:29:44", "calendarYear": "2002", "period": "FY", "revenue": 8185948000, "costOfRevenue": 0, "grossProfit": 8185948000, "grossProfitRatio": 1, "researchAndDevelopmentExpenses": 0, "generalAndAdministrativeExpenses": 1557887000, "sellingAndMarketingExpenses": 1070624000, "sellingGeneralAndAdministrativeExpenses": 2628511000, "otherExpenses": -7901766000, "operatingExpenses": -5273255000, "costAndExpenses": -5273255000, "interestIncome": 4180766000, "interestExpense": 1461654000, "depreciationAndAmortization": 124072000, "ebitda": 3036765000, "ebitdaratio": 0.370972916, "operatingIncome": 2912693000, "operatingIncomeRatio": 0.3558162109, "totalOtherIncomeExpensesNet": -1461654000, "incomeBeforeTax": 1451039000, "incomeBeforeTaxRatio": 0.1772597383, "incomeTaxExpense": 551395000, "netIncome": 899644000, "netIncomeRatio": 0.1099010157, "eps": 4.09, "epsdiluted": 3.93, "weightedAverageShsOut": 219961858, "weightedAverageShsOutDil": 228917048, "link": "https://www.sec.gov/Archives/edgar/data/927628/000095013303000793/0000950133-03-000793-index.htm", "finalLink": "https://www.sec.gov/Archives/edgar/data/927628/000095013303000793/w83110e10vk.htm", "calculatedOtherExpenses": 2644744000, "calculatedOperatingExpenses": 5273255000, "calculatedNetInterest": 2719112000, "calculatedOtherIncome": -4180766000, "calculatedIncomeNonControlling": 0, "calculatedEbitda": 3036765000}, {"date": "2001-12-31", "symbol": "COF", "reportedCurrency": "USD", "cik": "0000927628", "fillingDate": "2002-03-22", "acceptedDate": "2002-03-22 00:00:00", "calendarYear": "2001", "period": "FY", "revenue": 6083283000, "costOfRevenue": 0, "grossProfit": 6083283000, "grossProfitRatio": 1, "researchAndDevelopmentExpenses": 0, "generalAndAdministrativeExpenses": 1392072000, "sellingAndMarketingExpenses": 1082979000, "sellingGeneralAndAdministrativeExpenses": 2475051000, "otherExpenses": -6351907000, "operatingExpenses": -3876856000, "costAndExpenses": -3876856000, "interestIncome": 2834397000, "interestExpense": 1171007000, "depreciationAndAmortization": 337562000, "ebitda": 2543989000, "ebitdaratio": 0.4181934327, "operatingIncome": 2206427000, "operatingIncomeRatio": 0.3627033298, "totalOtherIncomeExpensesNet": -1171007000, "incomeBeforeTax": 1035420000, "incomeBeforeTaxRatio": 0.1702074357, "incomeTaxExpense": 393455000, "netIncome": 641965000, "netIncomeRatio": 0.1055293663, "eps": 3.06, "epsdiluted": 2.91, "weightedAverageShsOut": 209792484, "weightedAverageShsOutDil": 220606529, "link": "https://www.sec.gov/Archives/edgar/data/927628/000092838502000920/0000928385-02-000920-index.htm", "finalLink": "https://www.sec.gov/Archives/edgar/data/927628/000092838502000920/d10k.htm", "calculatedOtherExpenses": 1401805000, "calculatedOperatingExpenses": 3876856000, "calculatedNetInterest": 1663390000, "calculatedOtherIncome": -2834397000, "calculatedIncomeNonControlling": 0, "calculatedEbitda": 2543989000}, {"date": "2000-12-31", "symbol": "COF", "reportedCurrency": "USD", "cik": "0000927628", "fillingDate": "2001-03-29", "acceptedDate": "2001-03-29 00:00:00", "calendarYear": "2000", "period": "FY", "revenue": 4623301000, "costOfRevenue": 0, "grossProfit": 4623301000, "grossProfitRatio": 1, "researchAndDevelopmentExpenses": 0, "generalAndAdministrativeExpenses": 1023367000, "sellingAndMarketingExpenses": 906147000, "sellingGeneralAndAdministrativeExpenses": 1929514000, "otherExpenses": -4994324000, "operatingExpenses": -3064810000, "costAndExpenses": -3064810000, "interestIncome": 2389902000, "interestExpense": 801017000, "depreciationAndAmortization": 244823000, "ebitda": 1803314000, "ebitdaratio": 0.3900490148, "operatingIncome": 1558491000, "operatingIncomeRatio": 0.3370948593, "totalOtherIncomeExpensesNet": -801017000, "incomeBeforeTax": 757474000, "incomeBeforeTaxRatio": 0.1638383484, "incomeTaxExpense": 287840000, "netIncome": 469634000, "netIncomeRatio": 0.101579802, "eps": 2.39, "epsdiluted": 2.24, "weightedAverageShsOut": 196499582, "weightedAverageShsOutDil": 209658036, "link": "https://www.sec.gov/Archives/edgar/data/927628/000092838501500145/0000928385-01-500145-index.htm", "finalLink": "https://www.sec.gov/Archives/edgar/data/927628/000092838501500145/d10k.txt", "calculatedOtherExpenses": 1135296000, "calculatedOperatingExpenses": 3064810000, "calculatedNetInterest": 1588885000, "calculatedOtherIncome": -2389902000, "calculatedIncomeNonControlling": 0, "calculatedEbitda": 1803314000}, {"date": "1999-12-31", "symbol": "COF", "reportedCurrency": "USD", "cik": "0000927628", "fillingDate": "2000-03-21", "acceptedDate": "2000-03-21 00:00:00", "calendarYear": "1999", "period": "FY", "revenue": 3425000000, "costOfRevenue": 0, "grossProfit": 3425000000, "grossProfitRatio": 1, "researchAndDevelopmentExpenses": 0, "generalAndAdministrativeExpenses": 780200000, "sellingAndMarketingExpenses": 731900000, "sellingGeneralAndAdministrativeExpenses": 1512100000, "otherExpenses": -3819200000, "operatingExpenses": -2307100000, "costAndExpenses": -2307100000, "interestIncome": 1593500000, "interestExpense": 540900000, "depreciationAndAmortization": 172600000, "ebitda": 1290500000, "ebitdaratio": 0.3767883212, "operatingIncome": 1117900000, "operatingIncomeRatio": 0.3263941606, "totalOtherIncomeExpensesNet": -540900000, "incomeBeforeTax": 577000000, "incomeBeforeTaxRatio": 0.1684671533, "incomeTaxExpense": 213900000, "netIncome": 363100000, "netIncomeRatio": 0.1060145985, "eps": 1.84, "epsdiluted": 1.72, "weightedAverageShsOut": 197336957, "weightedAverageShsOutDil": 211104651, "link": "https://www.sec.gov/Archives/edgar/data/927628/000092838500000798/0000928385-00-000798-index.htm", "finalLink": "https://www.sec.gov/Archives/edgar/data/927628/000092838500000798/0000928385-00-000798.txt", "calculatedOtherExpenses": 795000000, "calculatedOperatingExpenses": 2307100000, "calculatedNetInterest": 1052600000, "calculatedOtherIncome": -1593500000, "calculatedIncomeNonControlling": 0, "calculatedEbitda": 1290500000}, {"date": "1998-12-31", "symbol": "COF", "reportedCurrency": "USD", "cik": "0000927628", "fillingDate": "1999-03-26", "acceptedDate": "1999-03-26 00:00:00", "calendarYear": "1998", "period": "FY", "revenue": 2183100000, "costOfRevenue": 0, "grossProfit": 2183100000, "grossProfitRatio": 1, "researchAndDevelopmentExpenses": 0, "generalAndAdministrativeExpenses": 476400000, "sellingAndMarketingExpenses": 446300000, "sellingGeneralAndAdministrativeExpenses": 922700000, "otherExpenses": -2245100000, "operatingExpenses": -1322400000, "costAndExpenses": -1322400000, "interestIncome": 1111600000, "interestExpense": 416800000, "depreciationAndAmortization": 108200000, "ebitda": 968900000, "ebitdaratio": 0.4438184233, "operatingIncome": 860700000, "operatingIncomeRatio": 0.3942558747, "totalOtherIncomeExpensesNet": -416800000, "incomeBeforeTax": 443900000, "incomeBeforeTaxRatio": 0.2033347075, "incomeTaxExpense": 168700000, "netIncome": 275200000, "netIncomeRatio": 0.1260592735, "eps": 1.4, "epsdiluted": 1.32, "weightedAverageShsOut": 196571429, "weightedAverageShsOutDil": 208484848, "link": "https://www.sec.gov/Archives/edgar/data/927628/000092838599000952/0000928385-99-000952-index.htm", "finalLink": "https://www.sec.gov/Archives/edgar/data/927628/0000928385-99-000952.txt", "calculatedOtherExpenses": 399700000, "calculatedOperatingExpenses": 1322400000, "calculatedNetInterest": 694800000, "calculatedOtherIncome": -1111600000, "calculatedIncomeNonControlling": 0, "calculatedEbitda": 968900000}, {"date": "1997-12-31", "symbol": "COF", "reportedCurrency": "USD", "cik": "0000927628", "fillingDate": "1998-03-18", "acceptedDate": "1998-03-18 00:00:00", "calendarYear": "1997", "period": "FY", "revenue": 1452200000, "costOfRevenue": 0, "grossProfit": 1452200000, "grossProfitRatio": 1, "researchAndDevelopmentExpenses": 0, "generalAndAdministrativeExpenses": 289300000, "sellingAndMarketingExpenses": 0, "sellingGeneralAndAdministrativeExpenses": 289300000, "otherExpenses": -1101100000, "operatingExpenses": -811800000, "costAndExpenses": -811800000, "interestIncome": 718000000, "interestExpense": 334900000, "depreciationAndAmortization": 46600000, "ebitda": 687000000, "ebitdaratio": 0.473075334, "operatingIncome": 640400000, "operatingIncomeRatio": 0.4409860901, "totalOtherIncomeExpensesNet": -334900000, "incomeBeforeTax": 305500000, "incomeBeforeTaxRatio": 0.2103704724, "incomeTaxExpense": 116100000, "netIncome": 189400000, "netIncomeRatio": 0.1304228068, "eps": 0.96, "epsdiluted": 0.93, "weightedAverageShsOut": 197979094, "weightedAverageShsOutDil": 202928571, "link": "https://www.sec.gov/Archives/edgar/data/927628/000092838598000498/0000928385-98-000498-index.htm", "finalLink": "https://www.sec.gov/Archives/edgar/data/927628/0000928385-98-000498.txt", "calculatedOtherExpenses": 522500000, "calculatedOperatingExpenses": 811800000, "calculatedNetInterest": 383100000, "calculatedOtherIncome": -718000000, "calculatedIncomeNonControlling": 0, "calculatedEbitda": 687000000}, {"date": "1996-12-31", "symbol": "COF", "reportedCurrency": "USD", "cik": "0000927628", "fillingDate": "1997-03-27", "acceptedDate": "1997-03-27 00:00:00", "calendarYear": "1996", "period": "FY", "revenue": 1128900000, "costOfRevenue": 0, "grossProfit": 1128900000, "grossProfitRatio": 1, "researchAndDevelopmentExpenses": 0, "generalAndAdministrativeExpenses": 215200000, "sellingAndMarketingExpenses": 0, "sellingGeneralAndAdministrativeExpenses": 215200000, "otherExpenses": -800600000, "operatingExpenses": -585400000, "costAndExpenses": -585400000, "interestIncome": 660500000, "interestExpense": 295000000, "depreciationAndAmortization": 41900000, "ebitda": 585400000, "ebitdaratio": 0.5185578882, "operatingIncome": 543500000, "operatingIncomeRatio": 0.4814421118, "totalOtherIncomeExpensesNet": -295000000, "incomeBeforeTax": 248500000, "incomeBeforeTaxRatio": 0.2201257862, "incomeTaxExpense": 93200000, "netIncome": 155300000, "netIncomeRatio": 0.1375675436, "eps": 0.77, "epsdiluted": 0.77, "weightedAverageShsOut": 201688312, "weightedAverageShsOutDil": 201688312, "link": "https://www.sec.gov/Archives/edgar/data/927628/000095013397001012/0000950133-97-001012-index.htm", "finalLink": "https://www.sec.gov/Archives/edgar/data/927628/0000950133-97-001012.txt", "calculatedOtherExpenses": 370200000, "calculatedOperatingExpenses": 585400000, "calculatedNetInterest": 365500000, "calculatedOtherIncome": -660500000, "calculatedIncomeNonControlling": 0, "calculatedEbitda": 585400000}, {"date": "1995-12-31", "symbol": "COF", "reportedCurrency": "USD", "cik": "0000927628", "fillingDate": "1995-12-31", "acceptedDate": "1995-12-30 19:00:00", "calendarYear": "1995", "period": "FY", "revenue": 761000000, "costOfRevenue": 0, "grossProfit": 761000000, "grossProfitRatio": 1, "researchAndDevelopmentExpenses": 0, "generalAndAdministrativeExpenses": 135800000, "sellingAndMarketingExpenses": 0, "sellingGeneralAndAdministrativeExpenses": 135800000, "otherExpenses": -449700000, "operatingExpenses": -313900000, "costAndExpenses": -313900000, "interestIncome": 457400000, "interestExpense": 249400000, "depreciationAndAmortization": 37400000, "ebitda": 484500000, "ebitdaratio": 0.6366622865, "operatingIncome": 447100000, "operatingIncomeRatio": 0.5875164258, "totalOtherIncomeExpensesNet": -249400000, "incomeBeforeTax": 197700000, "incomeBeforeTaxRatio": 0.2597897503, "incomeTaxExpense": 71200000, "netIncome": 126500000, "netIncomeRatio": 0.1662286465, "eps": 0.64, "epsdiluted": 0.64, "weightedAverageShsOut": 197656250, "weightedAverageShsOutDil": 197656250, "link": "", "finalLink": "", "calculatedOtherExpenses": 178100000, "calculatedOperatingExpenses": 313900000, "calculatedNetInterest": 208000000, "calculatedOtherIncome": -457400000, "calculatedIncomeNonControlling": 0, "calculatedEbitda": 484500000}, {"date": "1994-12-31", "symbol": "COF", "reportedCurrency": "USD", "cik": "0000927628", "fillingDate": "1994-12-31", "acceptedDate": "1994-12-30 19:00:00", "calendarYear": "1994", "period": "FY", "revenue": 561900000, "costOfRevenue": 0, "grossProfit": 561900000, "grossProfitRatio": 1, "researchAndDevelopmentExpenses": 0, "generalAndAdministrativeExpenses": 94700000, "sellingAndMarketingExpenses": 0, "sellingGeneralAndAdministrativeExpenses": 94700000, "otherExpenses": -416100000, "operatingExpenses": -321400000, "costAndExpenses": -321400000, "interestIncome": 258700000, "interestExpense": 93700000, "depreciationAndAmortization": 19900000, "ebitda": 260400000, "ebitdaratio": 0.4634276562, "operatingIncome": 240500000, "operatingIncomeRatio": 0.4280121018, "totalOtherIncomeExpensesNet": -93700000, "incomeBeforeTax": 146800000, "incomeBeforeTaxRatio": 0.2612564513, "incomeTaxExpense": 51600000, "netIncome": 95200000, "netIncomeRatio": 0.1694251646, "eps": 0.48, "epsdiluted": 0.48, "weightedAverageShsOut": 198333333, "weightedAverageShsOutDil": 198333333, "link": "", "finalLink": "", "calculatedOtherExpenses": 226700000, "calculatedOperatingExpenses": 321400000, "calculatedNetInterest": 165000000, "calculatedOtherIncome": -258700000, "calculatedIncomeNonControlling": 0, "calculatedEbitda": 260400000}]}