{"originalCurrency": "USD", "convertedCurrency": "USD", "report": [{"date": "2023-06-30", "symbol": "COHR", "reportedCurrency": "USD", "cik": "0000820318", "fillingDate": "2023-08-18", "acceptedDate": "2023-08-18 13:42:31", "calendarYear": "2023", "period": "FY", "revenue": 5160100000, "costOfRevenue": 3541817000, "grossProfit": 1618283000, "grossProfitRatio": 0.3136146586, "researchAndDevelopmentExpenses": 499603000, "generalAndAdministrativeExpenses": 0, "sellingAndMarketingExpenses": 0, "sellingGeneralAndAdministrativeExpenses": 1036699000, "otherExpenses": -31566000, "operatingExpenses": 1536302000, "costAndExpenses": 5078119000, "interestIncome": 0, "interestExpense": 286872000, "depreciationAndAmortization": 681687000, "ebitda": 50415000, "ebitdaratio": 0.0097701595, "operatingIncome": 50415000, "operatingIncomeRatio": 0.0097701595, "totalOtherIncomeExpensesNet": -150667000, "incomeBeforeTax": -355558000, "incomeBeforeTaxRatio": -0.0689052538, "incomeTaxExpense": -96100000, "netIncome": -259458000, "netIncomeRatio": -0.0502815837, "eps": -1.89, "epsdiluted": -1.89, "weightedAverageShsOut": 137578000, "weightedAverageShsOutDil": 137578000, "link": "https://www.sec.gov/Archives/edgar/data/820318/000082031823000016/0000820318-23-000016-index.htm", "finalLink": "https://www.sec.gov/Archives/edgar/data/820318/000082031823000016/iivi-20230630.htm", "calculatedOtherExpenses": 31566000, "calculatedOperatingExpenses": 1567868000, "calculatedNetInterest": -286872000, "calculatedOtherIncome": -119101000, "calculatedIncomeNonControlling": 0, "calculatedEbitda": 732102000}, {"date": "2022-06-30", "symbol": "COHR", "reportedCurrency": "USD", "cik": "0000820318", "fillingDate": "2022-06-30", "acceptedDate": "2022-06-30 00:00:00", "calendarYear": "2022", "period": "FY", "revenue": 3316616000, "costOfRevenue": 2051120000, "grossProfit": 1265496000, "grossProfitRatio": 0.3815624118, "researchAndDevelopmentExpenses": 377106000, "generalAndAdministrativeExpenses": 0, "sellingAndMarketingExpenses": 0, "sellingGeneralAndAdministrativeExpenses": 474096000, "otherExpenses": -11233000, "operatingExpenses": 851202000, "costAndExpenses": 2902322000, "interestIncome": 0, "interestExpense": 121254000, "depreciationAndAmortization": 286779000, "ebitda": 403061000, "ebitdaratio": 0.1215277862, "operatingIncome": 116282000, "operatingIncomeRatio": 0.0350604351, "totalOtherIncomeExpensesNet": 165525000, "incomeBeforeTax": 281807000, "incomeBeforeTaxRatio": 0.0849682327, "incomeTaxExpense": 47048000, "netIncome": 234759000, "netIncomeRatio": 0.0707826893, "eps": 2.01, "epsdiluted": 2.01, "weightedAverageShsOut": 116513000, "weightedAverageShsOutDil": 116513000, "link": null, "finalLink": null, "calculatedOtherExpenses": 298012000, "calculatedOperatingExpenses": 1149214000, "calculatedNetInterest": -121254000, "calculatedOtherIncome": 286779000, "calculatedIncomeNonControlling": 0, "calculatedEbitda": 403061000}, {"date": "2021-06-30", "symbol": "COHR", "reportedCurrency": "USD", "cik": "0000820318", "fillingDate": "2021-06-30", "acceptedDate": "2021-06-30 00:00:00", "calendarYear": "2021", "period": "FY", "revenue": 3105891000, "costOfRevenue": 1889678000, "grossProfit": 1216213000, "grossProfitRatio": 0.3915826409, "researchAndDevelopmentExpenses": 330105000, "generalAndAdministrativeExpenses": 0, "sellingAndMarketingExpenses": 0, "sellingGeneralAndAdministrativeExpenses": 483989000, "otherExpenses": 10370000, "operatingExpenses": 814094000, "costAndExpenses": 2703772000, "interestIncome": 0, "interestExpense": 59899000, "depreciationAndAmortization": 270069000, "ebitda": 412489000, "ebitdaratio": 0.1328085886, "operatingIncome": 142420000, "operatingIncomeRatio": 0.0458547966, "totalOtherIncomeExpensesNet": 210170000, "incomeBeforeTax": 352590000, "incomeBeforeTaxRatio": 0.1135229794, "incomeTaxExpense": 55038000, "netIncome": 297552000, "netIncomeRatio": 0.0958024605, "eps": 2.5, "epsdiluted": 2.37, "weightedAverageShsOut": 115034000, "weightedAverageShsOutDil": 115034000, "link": null, "finalLink": null, "calculatedOtherExpenses": 259699000, "calculatedOperatingExpenses": 1073793000, "calculatedNetInterest": -59899000, "calculatedOtherIncome": 270069000, "calculatedIncomeNonControlling": 0, "calculatedEbitda": 412489000}, {"date": "2020-06-30", "symbol": "COHR", "reportedCurrency": "USD", "cik": "0000820318", "fillingDate": "2020-06-30", "acceptedDate": "2020-06-30 00:00:00", "calendarYear": "2020", "period": "FY", "revenue": 2380071000, "costOfRevenue": 1560521000, "grossProfit": 819550000, "grossProfitRatio": 0.3443384672, "researchAndDevelopmentExpenses": 339073000, "generalAndAdministrativeExpenses": 0, "sellingAndMarketingExpenses": 0, "sellingGeneralAndAdministrativeExpenses": 440998000, "otherExpenses": -13998000, "operatingExpenses": 780071000, "costAndExpenses": 2340592000, "interestIncome": 0, "interestExpense": 89409000, "depreciationAndAmortization": 220882000, "ebitda": 25481000, "ebitdaratio": 0.0107059831, "operatingIncome": -195401000, "operatingIncomeRatio": -0.0820988113, "totalOtherIncomeExpensesNet": 131473000, "incomeBeforeTax": -63928000, "incomeBeforeTaxRatio": -0.0268597029, "incomeTaxExpense": 3101000, "netIncome": -67029000, "netIncomeRatio": -0.0281626052, "eps": -0.79, "epsdiluted": -0.79, "weightedAverageShsOut": 84828000, "weightedAverageShsOutDil": 84828000, "link": null, "finalLink": null, "calculatedOtherExpenses": 234880000, "calculatedOperatingExpenses": 1014951000, "calculatedNetInterest": -89409000, "calculatedOtherIncome": 220882000, "calculatedIncomeNonControlling": 0, "calculatedEbitda": 25481000}, {"date": "2019-06-30", "symbol": "COHR", "reportedCurrency": "USD", "cik": "0000820318", "fillingDate": "2019-06-30", "acceptedDate": "2019-06-30 00:00:00", "calendarYear": "2019", "period": "FY", "revenue": 1362496000, "costOfRevenue": 841147000, "grossProfit": 521349000, "grossProfitRatio": 0.3826425912, "researchAndDevelopmentExpenses": 139163000, "generalAndAdministrativeExpenses": 0, "sellingAndMarketingExpenses": 0, "sellingGeneralAndAdministrativeExpenses": 233518000, "otherExpenses": 2562000, "operatingExpenses": 372681000, "costAndExpenses": 1213828000, "interestIncome": 0, "interestExpense": 22417000, "depreciationAndAmortization": 92365000, "ebitda": 243595000, "ebitdaratio": 0.178785846, "operatingIncome": 151230000, "operatingIncomeRatio": 0.1109948213, "totalOtherIncomeExpensesNet": -22417000, "incomeBeforeTax": 128813000, "incomeBeforeTaxRatio": 0.0945419289, "incomeTaxExpense": 21296000, "netIncome": 107517000, "netIncomeRatio": 0.0789117913, "eps": 1.69, "epsdiluted": 1.63, "weightedAverageShsOut": 63584000, "weightedAverageShsOutDil": 65804000, "link": null, "finalLink": null, "calculatedOtherExpenses": -2562000, "calculatedOperatingExpenses": 370119000, "calculatedNetInterest": -22417000, "calculatedOtherIncome": 0, "calculatedIncomeNonControlling": 0, "calculatedEbitda": 243595000}, {"date": "2018-06-30", "symbol": "COHR", "reportedCurrency": "USD", "cik": "0000820318", "fillingDate": "2018-06-30", "acceptedDate": "2018-06-30 00:00:00", "calendarYear": "2018", "period": "FY", "revenue": 1158794000, "costOfRevenue": 696591000, "grossProfit": 462203000, "grossProfitRatio": 0.3988655447, "researchAndDevelopmentExpenses": 116875000, "generalAndAdministrativeExpenses": 0, "sellingAndMarketingExpenses": 0, "sellingGeneralAndAdministrativeExpenses": 208565000, "otherExpenses": 3783000, "operatingExpenses": 325440000, "costAndExpenses": 1022031000, "interestIncome": 0, "interestExpense": 18352000, "depreciationAndAmortization": 80770000, "ebitda": 221316000, "ebitdaratio": 0.1909882171, "operatingIncome": 140546000, "operatingIncomeRatio": 0.1212864409, "totalOtherIncomeExpensesNet": 3783000, "incomeBeforeTax": 122194000, "incomeBeforeTaxRatio": 0.1054492861, "incomeTaxExpense": 34192000, "netIncome": 88002000, "netIncomeRatio": 0.0759427474, "eps": 1.41, "epsdiluted": 1.35, "weightedAverageShsOut": 62499000, "weightedAverageShsOutDil": 65133000, "link": null, "finalLink": null, "calculatedOtherExpenses": -3783000, "calculatedOperatingExpenses": 321657000, "calculatedNetInterest": -18352000, "calculatedOtherIncome": 0, "calculatedIncomeNonControlling": 0, "calculatedEbitda": 221316000}, {"date": "2017-06-30", "symbol": "COHR", "reportedCurrency": "USD", "cik": "0000820318", "fillingDate": "2017-06-30", "acceptedDate": "2017-06-30 00:00:00", "calendarYear": "2017", "period": "FY", "revenue": 972046000, "costOfRevenue": 583693000, "grossProfit": 388353000, "grossProfitRatio": 0.3995212161, "researchAndDevelopmentExpenses": 96810000, "generalAndAdministrativeExpenses": 0, "sellingAndMarketingExpenses": 0, "sellingGeneralAndAdministrativeExpenses": 176002000, "otherExpenses": 10056000, "operatingExpenses": 272812000, "costAndExpenses": 856505000, "interestIncome": 0, "interestExpense": 6809000, "depreciationAndAmortization": 63637000, "ebitda": 125597000, "ebitdaratio": 0.1292089058, "operatingIncome": 125597000, "operatingIncomeRatio": 0.1292089058, "totalOtherIncomeExpensesNet": 10056000, "incomeBeforeTax": 118788000, "incomeBeforeTaxRatio": 0.1222040932, "incomeTaxExpense": 23514000, "netIncome": 95274000, "netIncomeRatio": 0.09801388, "eps": 1.52, "epsdiluted": 1.48, "weightedAverageShsOut": 62576000, "weightedAverageShsOutDil": 64507000, "link": null, "finalLink": null, "calculatedOtherExpenses": -10056000, "calculatedOperatingExpenses": 262756000, "calculatedNetInterest": -6809000, "calculatedOtherIncome": 0, "calculatedIncomeNonControlling": 0, "calculatedEbitda": 189234000}, {"date": "2016-06-30", "symbol": "COHR", "reportedCurrency": "USD", "cik": "0000820318", "fillingDate": "2016-06-30", "acceptedDate": "2016-06-30 00:00:00", "calendarYear": "2016", "period": "FY", "revenue": 827216000, "costOfRevenue": 514403000, "grossProfit": 312813000, "grossProfitRatio": 0.3781515348, "researchAndDevelopmentExpenses": 60354000, "generalAndAdministrativeExpenses": 0, "sellingAndMarketingExpenses": 0, "sellingGeneralAndAdministrativeExpenses": 160646000, "otherExpenses": 1223000, "operatingExpenses": 221000000, "costAndExpenses": 735403000, "interestIncome": 0, "interestExpense": 3081000, "depreciationAndAmortization": 56663000, "ebitda": 93036000, "ebitdaratio": 0.112468811, "operatingIncome": 93036000, "operatingIncomeRatio": 0.112468811, "totalOtherIncomeExpensesNet": 1223000, "incomeBeforeTax": 89955000, "incomeBeforeTaxRatio": 0.1087442699, "incomeTaxExpense": 24469000, "netIncome": 65486000, "netIncomeRatio": 0.0791643295, "eps": 1.07, "epsdiluted": 1.04, "weightedAverageShsOut": 61366000, "weightedAverageShsOutDil": 62909000, "link": null, "finalLink": null, "calculatedOtherExpenses": -1223000, "calculatedOperatingExpenses": 219777000, "calculatedNetInterest": -3081000, "calculatedOtherIncome": 0, "calculatedIncomeNonControlling": 0, "calculatedEbitda": 149699000}, {"date": "2015-06-30", "symbol": "COHR", "reportedCurrency": "USD", "cik": "0000820318", "fillingDate": "2015-06-30", "acceptedDate": "2015-06-30 00:00:00", "calendarYear": "2015", "period": "FY", "revenue": 741961000, "costOfRevenue": 470363000, "grossProfit": 271598000, "grossProfitRatio": 0.3660542805, "researchAndDevelopmentExpenses": 51260000, "generalAndAdministrativeExpenses": 0, "sellingAndMarketingExpenses": 0, "sellingGeneralAndAdministrativeExpenses": 143539000, "otherExpenses": 6176000, "operatingExpenses": 194799000, "costAndExpenses": 665162000, "interestIncome": 0, "interestExpense": 3863000, "depreciationAndAmortization": 53083000, "ebitda": 82975000, "ebitdaratio": 0.1118320235, "operatingIncome": 82975000, "operatingIncomeRatio": 0.1118320235, "totalOtherIncomeExpensesNet": 6176000, "incomeBeforeTax": 79112000, "incomeBeforeTaxRatio": 0.1066255504, "incomeTaxExpense": 13137000, "netIncome": 65975000, "netIncomeRatio": 0.088919768, "eps": 1.08, "epsdiluted": 1.05, "weightedAverageShsOut": 61219000, "weightedAverageShsOutDil": 62586000, "link": null, "finalLink": null, "calculatedOtherExpenses": -6176000, "calculatedOperatingExpenses": 188623000, "calculatedNetInterest": -3863000, "calculatedOtherIncome": 0, "calculatedIncomeNonControlling": 0, "calculatedEbitda": 136058000}, {"date": "2014-06-30", "symbol": "COHR", "reportedCurrency": "USD", "cik": "0000820318", "fillingDate": "2014-06-30", "acceptedDate": "2014-06-30 00:00:00", "calendarYear": "2014", "period": "FY", "revenue": 683261000, "costOfRevenue": 456545000, "grossProfit": 226716000, "grossProfitRatio": 0.331814636, "researchAndDevelopmentExpenses": 42523000, "generalAndAdministrativeExpenses": 0, "sellingAndMarketingExpenses": 0, "sellingGeneralAndAdministrativeExpenses": 137707000, "otherExpenses": 3634000, "operatingExpenses": 180230000, "costAndExpenses": 636775000, "interestIncome": 0, "interestExpense": 4479000, "depreciationAndAmortization": 53098000, "ebitda": 50120000, "ebitdaratio": 0.0733541063, "operatingIncome": 50120000, "operatingIncomeRatio": 0.0733541063, "totalOtherIncomeExpensesNet": 3634000, "incomeBeforeTax": 45641000, "incomeBeforeTaxRatio": 0.0667987782, "incomeTaxExpense": 7325000, "netIncome": 38449000, "netIncomeRatio": 0.0562727859, "eps": 0.62, "epsdiluted": 0.6, "weightedAverageShsOut": 62248000, "weightedAverageShsOutDil": 63686000, "link": null, "finalLink": null, "calculatedOtherExpenses": -3634000, "calculatedOperatingExpenses": 176596000, "calculatedNetInterest": -4479000, "calculatedOtherIncome": 0, "calculatedIncomeNonControlling": -133000, "calculatedEbitda": 103218000}, {"date": "2013-06-30", "symbol": "COHR", "reportedCurrency": "USD", "cik": "0000820318", "fillingDate": "2013-06-30", "acceptedDate": "2013-06-30 00:00:00", "calendarYear": "2013", "period": "FY", "revenue": 558396000, "costOfRevenue": 360830000, "grossProfit": 197566000, "grossProfitRatio": 0.353809841, "researchAndDevelopmentExpenses": 22689000, "generalAndAdministrativeExpenses": 0, "sellingAndMarketingExpenses": 0, "sellingGeneralAndAdministrativeExpenses": 110175000, "otherExpenses": 7155000, "operatingExpenses": 132864000, "costAndExpenses": 493694000, "interestIncome": 0, "interestExpense": 1160000, "depreciationAndAmortization": 40929000, "ebitda": 71857000, "ebitdaratio": 0.1286846611, "operatingIncome": 71857000, "operatingIncomeRatio": 0.1286846611, "totalOtherIncomeExpensesNet": 7155000, "incomeBeforeTax": 70697000, "incomeBeforeTaxRatio": 0.1266072823, "incomeTaxExpense": 18766000, "netIncome": 50813000, "netIncomeRatio": 0.0909981447, "eps": 0.81, "epsdiluted": 0.8, "weightedAverageShsOut": 62411000, "weightedAverageShsOutDil": 63884000, "link": null, "finalLink": null, "calculatedOtherExpenses": -7155000, "calculatedOperatingExpenses": 125709000, "calculatedNetInterest": -1160000, "calculatedOtherIncome": 0, "calculatedIncomeNonControlling": 1118000, "calculatedEbitda": 112786000}, {"date": "2012-06-30", "symbol": "COHR", "reportedCurrency": "USD", "cik": "0000820318", "fillingDate": "2012-06-30", "acceptedDate": "2012-06-30 00:00:00", "calendarYear": "2012", "period": "FY", "revenue": 534630000, "costOfRevenue": 341889000, "grossProfit": 192741000, "grossProfitRatio": 0.3605128781, "researchAndDevelopmentExpenses": 21410000, "generalAndAdministrativeExpenses": 0, "sellingAndMarketingExpenses": 0, "sellingGeneralAndAdministrativeExpenses": 99392000, "otherExpenses": 7168000, "operatingExpenses": 120802000, "costAndExpenses": 462691000, "interestIncome": 0, "interestExpense": 212000, "depreciationAndAmortization": 34693000, "ebitda": 79107000, "ebitdaratio": 0.1479658829, "operatingIncome": 79107000, "operatingIncomeRatio": 0.1479658829, "totalOtherIncomeExpensesNet": 7168000, "incomeBeforeTax": 78895000, "incomeBeforeTaxRatio": 0.147569347, "incomeTaxExpense": 17620000, "netIncome": 60306000, "netIncomeRatio": 0.1127995062, "eps": 0.96, "epsdiluted": 0.94, "weightedAverageShsOut": 62823000, "weightedAverageShsOutDil": 64385000, "link": null, "finalLink": null, "calculatedOtherExpenses": -7168000, "calculatedOperatingExpenses": 113634000, "calculatedNetInterest": -212000, "calculatedOtherIncome": 0, "calculatedIncomeNonControlling": 969000, "calculatedEbitda": 113800000}, {"date": "2011-06-30", "symbol": "COHR", "reportedCurrency": "USD", "cik": "0000820318", "fillingDate": "2011-06-30", "acceptedDate": "2011-06-30 00:00:00", "calendarYear": "2011", "period": "FY", "revenue": 502801000, "costOfRevenue": 295902000, "grossProfit": 206899000, "grossProfitRatio": 0.4114928172, "researchAndDevelopmentExpenses": 16079000, "generalAndAdministrativeExpenses": 0, "sellingAndMarketingExpenses": 0, "sellingGeneralAndAdministrativeExpenses": 92045000, "otherExpenses": 0, "operatingExpenses": 108124000, "costAndExpenses": 404026000, "interestIncome": 0, "interestExpense": 103000, "depreciationAndAmortization": 25669000, "ebitda": 98775000, "ebitdaratio": 0.19644949, "operatingIncome": 98775000, "operatingIncomeRatio": 0.19644949, "totalOtherIncomeExpensesNet": 3090000, "incomeBeforeTax": 101762000, "incomeBeforeTaxRatio": 0.20239021, "incomeTaxExpense": 18744000, "netIncome": 82682000, "netIncomeRatio": 0.1644427915, "eps": 1.33, "epsdiluted": 1.3, "weightedAverageShsOut": 62211000, "weightedAverageShsOutDil": 63612000, "link": null, "finalLink": null, "calculatedOtherExpenses": 0, "calculatedOperatingExpenses": 108124000, "calculatedNetInterest": -103000, "calculatedOtherIncome": 3090000, "calculatedIncomeNonControlling": 336000, "calculatedEbitda": 124444000}, {"date": "2010-06-30", "symbol": "COHR", "reportedCurrency": "USD", "cik": "0000820318", "fillingDate": "2010-06-30", "acceptedDate": "2010-06-30 00:00:00", "calendarYear": "2010", "period": "FY", "revenue": 345091000, "costOfRevenue": 210492000, "grossProfit": 134599000, "grossProfitRatio": 0.3900391491, "researchAndDevelopmentExpenses": 11806000, "generalAndAdministrativeExpenses": 0, "sellingAndMarketingExpenses": 0, "sellingGeneralAndAdministrativeExpenses": 71112000, "otherExpenses": 0, "operatingExpenses": 83195000, "costAndExpenses": 293687000, "interestIncome": 0, "interestExpense": 87000, "depreciationAndAmortization": 21039000, "ebitda": 51404000, "ebitdaratio": 0.1489578111, "operatingIncome": 51404000, "operatingIncomeRatio": 0.1489578111, "totalOtherIncomeExpensesNet": -87000, "incomeBeforeTax": 51317000, "incomeBeforeTaxRatio": 0.1487057037, "incomeTaxExpense": 12582000, "netIncome": 38577000, "netIncomeRatio": 0.1117879052, "eps": 0.64, "epsdiluted": 0.63, "weightedAverageShsOut": 60304000, "weightedAverageShsOutDil": 61504000, "link": null, "finalLink": null, "calculatedOtherExpenses": 277000, "calculatedOperatingExpenses": 83195000, "calculatedNetInterest": -87000, "calculatedOtherIncome": 0, "calculatedIncomeNonControlling": 158000, "calculatedEbitda": 72443000}, {"date": "2009-06-30", "symbol": "COHR", "reportedCurrency": "USD", "cik": "0000820318", "fillingDate": "2009-06-30", "acceptedDate": "2009-06-30 00:00:00", "calendarYear": "2009", "period": "FY", "revenue": 292222000, "costOfRevenue": 176104000, "grossProfit": 116118000, "grossProfitRatio": 0.3973622794, "researchAndDevelopmentExpenses": 10205000, "generalAndAdministrativeExpenses": 0, "sellingAndMarketingExpenses": 0, "sellingGeneralAndAdministrativeExpenses": 58068000, "otherExpenses": 1402000, "operatingExpenses": 69675000, "costAndExpenses": 245779000, "interestIncome": 0, "interestExpense": 178000, "depreciationAndAmortization": 15354000, "ebitda": 61797000, "ebitdaratio": 0.2114727844, "operatingIncome": 46443000, "operatingIncomeRatio": 0.1589305391, "totalOtherIncomeExpensesNet": -178000, "incomeBeforeTax": 46265000, "incomeBeforeTaxRatio": 0.1583214132, "incomeTaxExpense": 7407000, "netIncome": 36781000, "netIncomeRatio": 0.1258666356, "eps": 0.62, "epsdiluted": 0.61, "weightedAverageShsOut": 59334000, "weightedAverageShsOutDil": 60164000, "link": null, "finalLink": null, "calculatedOtherExpenses": 1402000, "calculatedOperatingExpenses": 69675000, "calculatedNetInterest": -178000, "calculatedOtherIncome": 0, "calculatedIncomeNonControlling": 2077000, "calculatedEbitda": 61797000}, {"date": "2008-06-30", "symbol": "COHR", "reportedCurrency": "USD", "cik": "0000820318", "fillingDate": "2008-06-30", "acceptedDate": "2008-06-30 00:00:00", "calendarYear": "2008", "period": "FY", "revenue": 316191000, "costOfRevenue": 185985000, "grossProfit": 130206000, "grossProfitRatio": 0.4117954021, "researchAndDevelopmentExpenses": 7734000, "generalAndAdministrativeExpenses": 0, "sellingAndMarketingExpenses": 0, "sellingGeneralAndAdministrativeExpenses": 60810000, "otherExpenses": 0, "operatingExpenses": 68544000, "costAndExpenses": 254529000, "interestIncome": 0, "interestExpense": -30296000, "depreciationAndAmortization": 15524000, "ebitda": 74432000, "ebitdaratio": 0.2354020197, "operatingIncome": 58908000, "operatingIncomeRatio": 0.186305113, "totalOtherIncomeExpensesNet": 29209000, "incomeBeforeTax": 90629000, "incomeBeforeTaxRatio": 0.2866273866, "incomeTaxExpense": 24936000, "netIncome": 64268000, "netIncomeRatio": 0.2032568922, "eps": 1.08, "epsdiluted": 1.05, "weightedAverageShsOut": 59382000, "weightedAverageShsOutDil": 60966000, "link": null, "finalLink": null, "calculatedOtherExpenses": 2754000, "calculatedOperatingExpenses": 71298000, "calculatedNetInterest": 30296000, "calculatedOtherIncome": 1425000, "calculatedIncomeNonControlling": 1425000, "calculatedEbitda": 74432000}, {"date": "2007-06-30", "symbol": "COHR", "reportedCurrency": "USD", "cik": "0000820318", "fillingDate": "2007-06-30", "acceptedDate": "2007-06-30 00:00:00", "calendarYear": "2007", "period": "FY", "revenue": 263195000, "costOfRevenue": 143754000, "grossProfit": 119441000, "grossProfitRatio": 0.4538118125, "researchAndDevelopmentExpenses": 16065000, "generalAndAdministrativeExpenses": 0, "sellingAndMarketingExpenses": 0, "sellingGeneralAndAdministrativeExpenses": 55064000, "otherExpenses": 0, "operatingExpenses": 71129000, "costAndExpenses": 214883000, "interestIncome": 0, "interestExpense": -4197000, "depreciationAndAmortization": 16745000, "ebitda": 62455000, "ebitdaratio": 0.2372955413, "operatingIncome": 45710000, "operatingIncomeRatio": 0.173673512, "totalOtherIncomeExpensesNet": 2602000, "incomeBeforeTax": 49907000, "incomeBeforeTaxRatio": 0.1896198636, "incomeTaxExpense": 11941000, "netIncome": 37966000, "netIncomeRatio": 0.1442504607, "eps": 0.65, "epsdiluted": 0.63, "weightedAverageShsOut": 58852000, "weightedAverageShsOutDil": 60576000, "link": null, "finalLink": null, "calculatedOtherExpenses": 2602000, "calculatedOperatingExpenses": 73731000, "calculatedNetInterest": 4197000, "calculatedOtherIncome": 0, "calculatedIncomeNonControlling": 0, "calculatedEbitda": 62455000}, {"date": "2006-06-30", "symbol": "COHR", "reportedCurrency": "USD", "cik": "0000820318", "fillingDate": "2006-06-30", "acceptedDate": "2006-06-30 00:00:00", "calendarYear": "2006", "period": "FY", "revenue": 232525000, "costOfRevenue": 138987000, "grossProfit": 93538000, "grossProfitRatio": 0.4022707236, "researchAndDevelopmentExpenses": 6894000, "generalAndAdministrativeExpenses": 0, "sellingAndMarketingExpenses": 0, "sellingGeneralAndAdministrativeExpenses": 48084000, "otherExpenses": 0, "operatingExpenses": 54978000, "costAndExpenses": 193965000, "interestIncome": 0, "interestExpense": 32660000, "depreciationAndAmortization": 15784000, "ebitda": 69779000, "ebitdaratio": 0.3000924632, "operatingIncome": 53995000, "operatingIncomeRatio": 0.2322115902, "totalOtherIncomeExpensesNet": -15435000, "incomeBeforeTax": 21335000, "incomeBeforeTaxRatio": 0.0917535749, "incomeTaxExpense": 10541000, "netIncome": 10794000, "netIncomeRatio": 0.046420815, "eps": 0.18, "epsdiluted": 0.18, "weightedAverageShsOut": 58345946, "weightedAverageShsOutDil": 59966667, "link": null, "finalLink": null, "calculatedOtherExpenses": -15435000, "calculatedOperatingExpenses": 39543000, "calculatedNetInterest": -32660000, "calculatedOtherIncome": 0, "calculatedIncomeNonControlling": 0, "calculatedEbitda": 69779000}, {"date": "2005-06-30", "symbol": "COHR", "reportedCurrency": "USD", "cik": "0000820318", "fillingDate": "2005-06-30", "acceptedDate": "2005-06-30 00:00:00", "calendarYear": "2005", "period": "FY", "revenue": 194040000, "costOfRevenue": 104877000, "grossProfit": 89163000, "grossProfitRatio": 0.4595083488, "researchAndDevelopmentExpenses": 12634000, "generalAndAdministrativeExpenses": 0, "sellingAndMarketingExpenses": 0, "sellingGeneralAndAdministrativeExpenses": 41895000, "otherExpenses": 0, "operatingExpenses": 54529000, "costAndExpenses": 159406000, "interestIncome": 0, "interestExpense": 423000, "depreciationAndAmortization": 12705000, "ebitda": 47078000, "ebitdaratio": 0.2426200783, "operatingIncome": 34373000, "operatingIncomeRatio": 0.1771438879, "totalOtherIncomeExpensesNet": 261000, "incomeBeforeTax": 33950000, "incomeBeforeTaxRatio": 0.174963925, "incomeTaxExpense": 9107000, "netIncome": 24843000, "netIncomeRatio": 0.128030303, "eps": 0.43, "epsdiluted": 0.42, "weightedAverageShsOut": 58137500, "weightedAverageShsOutDil": 59628205, "link": null, "finalLink": null, "calculatedOtherExpenses": 261000, "calculatedOperatingExpenses": 54790000, "calculatedNetInterest": -423000, "calculatedOtherIncome": 0, "calculatedIncomeNonControlling": 0, "calculatedEbitda": 47078000}, {"date": "2004-06-30", "symbol": "COHR", "reportedCurrency": "USD", "cik": "0000820318", "fillingDate": "2004-06-30", "acceptedDate": "2004-06-30 00:00:00", "calendarYear": "2004", "period": "FY", "revenue": 150848000, "costOfRevenue": 79558000, "grossProfit": 71290000, "grossProfitRatio": 0.47259493, "researchAndDevelopmentExpenses": 12100000, "generalAndAdministrativeExpenses": 0, "sellingAndMarketingExpenses": 0, "sellingGeneralAndAdministrativeExpenses": 34359000, "otherExpenses": 0, "operatingExpenses": 46459000, "costAndExpenses": 126017000, "interestIncome": 0, "interestExpense": 416000, "depreciationAndAmortization": 9633000, "ebitda": 34466000, "ebitdaratio": 0.2284816504, "operatingIncome": 24833000, "operatingIncomeRatio": 0.1646226665, "totalOtherIncomeExpensesNet": -2000, "incomeBeforeTax": 24417000, "incomeBeforeTaxRatio": 0.1618649236, "incomeTaxExpense": 7080000, "netIncome": 17337000, "netIncomeRatio": 0.1149302609, "eps": 0.3, "epsdiluted": 0.29, "weightedAverageShsOut": 56972414, "weightedAverageShsOutDil": 58872000, "link": null, "finalLink": null, "calculatedOtherExpenses": -2000, "calculatedOperatingExpenses": 46457000, "calculatedNetInterest": -416000, "calculatedOtherIncome": 0, "calculatedIncomeNonControlling": 0, "calculatedEbitda": 34466000}, {"date": "2003-06-30", "symbol": "COHR", "reportedCurrency": "USD", "cik": "0000820318", "fillingDate": "2003-06-30", "acceptedDate": "2003-06-30 00:00:00", "calendarYear": "2003", "period": "FY", "revenue": 128210000, "costOfRevenue": 69408000, "grossProfit": 58802000, "grossProfitRatio": 0.4586381717, "researchAndDevelopmentExpenses": 13096000, "generalAndAdministrativeExpenses": 0, "sellingAndMarketingExpenses": 0, "sellingGeneralAndAdministrativeExpenses": 28510000, "otherExpenses": 0, "operatingExpenses": 41606000, "costAndExpenses": 111014000, "interestIncome": 0, "interestExpense": 1443000, "depreciationAndAmortization": 9327000, "ebitda": 26820000, "ebitdaratio": 0.2091880509, "operatingIncome": 17493000, "operatingIncomeRatio": 0.1364402153, "totalOtherIncomeExpensesNet": -297000, "incomeBeforeTax": 16050000, "incomeBeforeTaxRatio": 0.125185243, "incomeTaxExpense": 4430000, "netIncome": 11620000, "netIncomeRatio": 0.090632556, "eps": 0.19, "epsdiluted": 0.19, "weightedAverageShsOut": 59589744, "weightedAverageShsOutDil": 61157895, "link": null, "finalLink": null, "calculatedOtherExpenses": -297000, "calculatedOperatingExpenses": 41309000, "calculatedNetInterest": -1443000, "calculatedOtherIncome": 0, "calculatedIncomeNonControlling": 0, "calculatedEbitda": 26820000}, {"date": "2002-06-30", "symbol": "COHR", "reportedCurrency": "USD", "cik": "0000820318", "fillingDate": "2002-06-30", "acceptedDate": "2002-06-30 00:00:00", "calendarYear": "2002", "period": "FY", "revenue": 113688000, "costOfRevenue": 69732000, "grossProfit": 43956000, "grossProfitRatio": 0.3866371121, "researchAndDevelopmentExpenses": 11346000, "generalAndAdministrativeExpenses": 0, "sellingAndMarketingExpenses": 0, "sellingGeneralAndAdministrativeExpenses": 21245000, "otherExpenses": 0, "operatingExpenses": 32591000, "costAndExpenses": 102323000, "interestIncome": 0, "interestExpense": 2266000, "depreciationAndAmortization": 8792000, "ebitda": 20568000, "ebitdaratio": 0.1809161917, "operatingIncome": 11776000, "operatingIncomeRatio": 0.1035817325, "totalOtherIncomeExpensesNet": -411000, "incomeBeforeTax": 9510000, "incomeBeforeTaxRatio": 0.0836499894, "incomeTaxExpense": 2246000, "netIncome": 7264000, "netIncomeRatio": 0.0638941665, "eps": 0.13, "epsdiluted": 0.13, "weightedAverageShsOut": 55876923, "weightedAverageShsOutDil": 56972549, "link": null, "finalLink": null, "calculatedOtherExpenses": -411000, "calculatedOperatingExpenses": 32180000, "calculatedNetInterest": -2266000, "calculatedOtherIncome": 0, "calculatedIncomeNonControlling": 0, "calculatedEbitda": 20568000}, {"date": "2001-06-30", "symbol": "COHR", "reportedCurrency": "USD", "cik": "0000820318", "fillingDate": "2001-06-30", "acceptedDate": "2001-06-30 00:00:00", "calendarYear": "2001", "period": "FY", "revenue": 123334000, "costOfRevenue": 72181000, "grossProfit": 51153000, "grossProfitRatio": 0.4147518122, "researchAndDevelopmentExpenses": 8118000, "generalAndAdministrativeExpenses": 0, "sellingAndMarketingExpenses": 0, "sellingGeneralAndAdministrativeExpenses": 24767000, "otherExpenses": 0, "operatingExpenses": 32885000, "costAndExpenses": 105066000, "interestIncome": 0, "interestExpense": 5094000, "depreciationAndAmortization": 8704000, "ebitda": 28354000, "ebitdaratio": 0.2298960546, "operatingIncome": 19650000, "operatingIncomeRatio": 0.1593234631, "totalOtherIncomeExpensesNet": -1382000, "incomeBeforeTax": 14556000, "incomeBeforeTaxRatio": 0.1180209837, "incomeTaxExpense": 5065000, "netIncome": 9491000, "netIncomeRatio": 0.0769536381, "eps": 0.17, "epsdiluted": 0.17, "weightedAverageShsOut": 54234286, "weightedAverageShsOutDil": 55829412, "link": null, "finalLink": null, "calculatedOtherExpenses": -1382000, "calculatedOperatingExpenses": 31503000, "calculatedNetInterest": -5094000, "calculatedOtherIncome": 0, "calculatedIncomeNonControlling": 0, "calculatedEbitda": 28354000}, {"date": "2000-06-30", "symbol": "COHR", "reportedCurrency": "USD", "cik": "0000820318", "fillingDate": "2000-06-30", "acceptedDate": "2000-06-30 00:00:00", "calendarYear": "2000", "period": "FY", "revenue": 73810000, "costOfRevenue": 36550000, "grossProfit": 37260000, "grossProfitRatio": 0.5048096464, "researchAndDevelopmentExpenses": 4040000, "generalAndAdministrativeExpenses": 0, "sellingAndMarketingExpenses": 0, "sellingGeneralAndAdministrativeExpenses": 17889000, "otherExpenses": 5000000, "operatingExpenses": 26929000, "costAndExpenses": 63479000, "interestIncome": 0, "interestExpense": 481000, "depreciationAndAmortization": 5000000, "ebitda": 15397000, "ebitdaratio": 0.2086031703, "operatingIncome": 10397000, "operatingIncomeRatio": 0.1408616719, "totalOtherIncomeExpensesNet": -66000, "incomeBeforeTax": 9916000, "incomeBeforeTaxRatio": 0.1343449397, "incomeTaxExpense": 2476000, "netIncome": 7440000, "netIncomeRatio": 0.1007993497, "eps": 0.15, "epsdiluted": 0.14, "weightedAverageShsOut": 51305263, "weightedAverageShsOutDil": 53170909, "link": null, "finalLink": null, "calculatedOtherExpenses": 4934000, "calculatedOperatingExpenses": 26863000, "calculatedNetInterest": -481000, "calculatedOtherIncome": 0, "calculatedIncomeNonControlling": 0, "calculatedEbitda": 15397000}, {"date": "1999-06-30", "symbol": "COHR", "reportedCurrency": "USD", "cik": "0000820318", "fillingDate": "1999-09-28", "acceptedDate": "1999-09-28 00:00:00", "calendarYear": "1999", "period": "FY", "revenue": 61800000, "costOfRevenue": 32000000, "grossProfit": 29800000, "grossProfitRatio": 0.4822006472, "researchAndDevelopmentExpenses": 3300000, "generalAndAdministrativeExpenses": 0, "sellingAndMarketingExpenses": 0, "sellingGeneralAndAdministrativeExpenses": 13600000, "otherExpenses": 4600000, "operatingExpenses": 21500000, "costAndExpenses": 53500000, "interestIncome": 0, "interestExpense": 200000, "depreciationAndAmortization": 4600000, "ebitda": 12900000, "ebitdaratio": 0.2087378641, "operatingIncome": 8300000, "operatingIncomeRatio": 0.1343042071, "totalOtherIncomeExpensesNet": -200000, "incomeBeforeTax": 8100000, "incomeBeforeTaxRatio": 0.1310679612, "incomeTaxExpense": 2600000, "netIncome": 5500000, "netIncomeRatio": 0.0889967638, "eps": 0.11, "epsdiluted": 0.11, "weightedAverageShsOut": 50370370, "weightedAverageShsOutDil": 50370370, "link": "https://www.sec.gov/Archives/edgar/data/820318/000082031899000010/0000820318-99-000010-index.htm", "finalLink": "https://www.sec.gov/Archives/edgar/data/820318/000082031899000010/0000820318-99-000010.txt", "calculatedOtherExpenses": 4600000, "calculatedOperatingExpenses": 21500000, "calculatedNetInterest": -200000, "calculatedOtherIncome": 0, "calculatedIncomeNonControlling": 0, "calculatedEbitda": 12900000}, {"date": "1998-06-30", "symbol": "COHR", "reportedCurrency": "USD", "cik": "0000820318", "fillingDate": "1998-09-23", "acceptedDate": "1998-09-23 00:00:00", "calendarYear": "1998", "period": "FY", "revenue": 61300000, "costOfRevenue": 30100000, "grossProfit": 31200000, "grossProfitRatio": 0.5089722675, "researchAndDevelopmentExpenses": 3300000, "generalAndAdministrativeExpenses": 0, "sellingAndMarketingExpenses": 0, "sellingGeneralAndAdministrativeExpenses": 14300000, "otherExpenses": 3900000, "operatingExpenses": 21500000, "costAndExpenses": 51600000, "interestIncome": 0, "interestExpense": 300000, "depreciationAndAmortization": 3900000, "ebitda": 13800000, "ebitdaratio": 0.2251223491, "operatingIncome": 9900000, "operatingIncomeRatio": 0.1615008157, "totalOtherIncomeExpensesNet": -200000, "incomeBeforeTax": 9600000, "incomeBeforeTaxRatio": 0.1566068515, "incomeTaxExpense": 2800000, "netIncome": 6800000, "netIncomeRatio": 0.1109298532, "eps": 0.13, "epsdiluted": 0.13, "weightedAverageShsOut": 51809524, "weightedAverageShsOutDil": 53333333, "link": "https://www.sec.gov/Archives/edgar/data/820318/000082031898000014/0000820318-98-000014-index.htm", "finalLink": "https://www.sec.gov/Archives/edgar/data/820318/0000820318-98-000014.txt", "calculatedOtherExpenses": 3700000, "calculatedOperatingExpenses": 21300000, "calculatedNetInterest": -300000, "calculatedOtherIncome": 0, "calculatedIncomeNonControlling": 0, "calculatedEbitda": 13800000}, {"date": "1997-06-30", "symbol": "COHR", "reportedCurrency": "USD", "cik": "0000820318", "fillingDate": "1997-09-29", "acceptedDate": "1997-09-29 00:00:00", "calendarYear": "1997", "period": "FY", "revenue": 52700000, "costOfRevenue": 24400000, "grossProfit": 28300000, "grossProfitRatio": 0.5370018975, "researchAndDevelopmentExpenses": 3000000, "generalAndAdministrativeExpenses": 0, "sellingAndMarketingExpenses": 0, "sellingGeneralAndAdministrativeExpenses": 12700000, "otherExpenses": 3200000, "operatingExpenses": 18900000, "costAndExpenses": 43300000, "interestIncome": 0, "interestExpense": -1100000, "depreciationAndAmortization": 3200000, "ebitda": 12100000, "ebitdaratio": 0.229601518, "operatingIncome": 8900000, "operatingIncomeRatio": 0.1688804554, "totalOtherIncomeExpensesNet": 500000, "incomeBeforeTax": 10000000, "incomeBeforeTaxRatio": 0.1897533207, "incomeTaxExpense": 2900000, "netIncome": 7100000, "netIncomeRatio": 0.1347248577, "eps": 0.13, "epsdiluted": 0.13, "weightedAverageShsOut": 52592593, "weightedAverageShsOutDil": 52592593, "link": "https://www.sec.gov/Archives/edgar/data/820318/000082031897000020/0000820318-97-000020-index.htm", "finalLink": "https://www.sec.gov/Archives/edgar/data/820318/0000820318-97-000020.txt", "calculatedOtherExpenses": 3700000, "calculatedOperatingExpenses": 19400000, "calculatedNetInterest": 1100000, "calculatedOtherIncome": 0, "calculatedIncomeNonControlling": 0, "calculatedEbitda": 12100000}, {"date": "1996-06-30", "symbol": "COHR", "reportedCurrency": "USD", "cik": "0000820318", "fillingDate": "1996-09-24", "acceptedDate": "1996-09-24 00:00:00", "calendarYear": "1996", "period": "FY", "revenue": 37900000, "costOfRevenue": 18100000, "grossProfit": 19800000, "grossProfitRatio": 0.5224274406, "researchAndDevelopmentExpenses": 1700000, "generalAndAdministrativeExpenses": 0, "sellingAndMarketingExpenses": 0, "sellingGeneralAndAdministrativeExpenses": 9900000, "otherExpenses": 2500000, "operatingExpenses": 14100000, "costAndExpenses": 32200000, "interestIncome": 0, "interestExpense": -700000, "depreciationAndAmortization": 2500000, "ebitda": 7800000, "ebitdaratio": 0.2058047493, "operatingIncome": 5300000, "operatingIncomeRatio": 0.1398416887, "totalOtherIncomeExpensesNet": 400000, "incomeBeforeTax": 6000000, "incomeBeforeTaxRatio": 0.1583113456, "incomeTaxExpense": 1600000, "netIncome": 4400000, "netIncomeRatio": 0.1160949868, "eps": 0.0875, "epsdiluted": 0.0875, "weightedAverageShsOut": 50285714, "weightedAverageShsOutDil": 50285714, "link": "https://www.sec.gov/Archives/edgar/data/820318/000082031896000020/0000820318-96-000020-index.htm", "finalLink": "https://www.sec.gov/Archives/edgar/data/820318/0000820318-96-000020.txt", "calculatedOtherExpenses": 2900000, "calculatedOperatingExpenses": 14500000, "calculatedNetInterest": 700000, "calculatedOtherIncome": 0, "calculatedIncomeNonControlling": 0, "calculatedEbitda": 7800000}, {"date": "1995-06-30", "symbol": "COHR", "reportedCurrency": "USD", "cik": "0000820318", "fillingDate": "1995-09-18", "acceptedDate": "1995-09-18 00:00:00", "calendarYear": "1995", "period": "FY", "revenue": 27800000, "costOfRevenue": 13800000, "grossProfit": 14000000, "grossProfitRatio": 0.5035971223, "researchAndDevelopmentExpenses": 1400000, "generalAndAdministrativeExpenses": 0, "sellingAndMarketingExpenses": 0, "sellingGeneralAndAdministrativeExpenses": 7300000, "otherExpenses": 2000000, "operatingExpenses": 10700000, "costAndExpenses": 24500000, "interestIncome": 0, "interestExpense": -200000, "depreciationAndAmortization": 2000000, "ebitda": 5200000, "ebitdaratio": 0.1870503597, "operatingIncome": 3200000, "operatingIncomeRatio": 0.1151079137, "totalOtherIncomeExpensesNet": 100000, "incomeBeforeTax": 3400000, "incomeBeforeTaxRatio": 0.1223021583, "incomeTaxExpense": 900000, "netIncome": 2500000, "netIncomeRatio": 0.0899280576, "eps": 0.06, "epsdiluted": 0.06, "weightedAverageShsOut": 41666667, "weightedAverageShsOutDil": 41666667, "link": "https://www.sec.gov/Archives/edgar/data/820318/000095013295000354/0000950132-95-000354-index.htm", "finalLink": "https://www.sec.gov/Archives/edgar/data/820318/0000950132-95-000354.txt", "calculatedOtherExpenses": 2100000, "calculatedOperatingExpenses": 10800000, "calculatedNetInterest": 200000, "calculatedOtherIncome": 0, "calculatedIncomeNonControlling": 0, "calculatedEbitda": 5200000}, {"date": "1994-06-30", "symbol": "COHR", "reportedCurrency": "USD", "cik": "0000820318", "fillingDate": "1994-06-30", "acceptedDate": "1994-06-30 00:00:00", "calendarYear": "1994", "period": "FY", "revenue": 18700000, "costOfRevenue": 9500000, "grossProfit": 9200000, "grossProfitRatio": 0.4919786096, "researchAndDevelopmentExpenses": 0, "generalAndAdministrativeExpenses": 0, "sellingAndMarketingExpenses": 0, "sellingGeneralAndAdministrativeExpenses": 6500000, "otherExpenses": 1800000, "operatingExpenses": 8300000, "costAndExpenses": 17800000, "interestIncome": 0, "interestExpense": -1600000, "depreciationAndAmortization": 1800000, "ebitda": 1900000, "ebitdaratio": 0.1016042781, "operatingIncome": 100000, "operatingIncomeRatio": 0.0053475936, "totalOtherIncomeExpensesNet": 800000, "incomeBeforeTax": 1700000, "incomeBeforeTaxRatio": 0.0909090909, "incomeTaxExpense": 600000, "netIncome": 1100000, "netIncomeRatio": 0.0588235294, "eps": 0.03, "epsdiluted": 0.03, "weightedAverageShsOut": 36666667, "weightedAverageShsOutDil": 36666667, "link": null, "finalLink": null, "calculatedOtherExpenses": 2600000, "calculatedOperatingExpenses": 9100000, "calculatedNetInterest": 1600000, "calculatedOtherIncome": 0, "calculatedIncomeNonControlling": 0, "calculatedEbitda": 1900000}, {"date": "1993-06-30", "symbol": "COHR", "reportedCurrency": "USD", "cik": "0000820318", "fillingDate": "1993-06-30", "acceptedDate": "1993-06-30 00:00:00", "calendarYear": "1993", "period": "FY", "revenue": 17200000, "costOfRevenue": 9600000, "grossProfit": 7600000, "grossProfitRatio": 0.4418604651, "researchAndDevelopmentExpenses": 0, "generalAndAdministrativeExpenses": 0, "sellingAndMarketingExpenses": 0, "sellingGeneralAndAdministrativeExpenses": 5600000, "otherExpenses": 1800000, "operatingExpenses": 7400000, "costAndExpenses": 17000000, "interestIncome": 0, "interestExpense": 0, "depreciationAndAmortization": 1800000, "ebitda": 2000000, "ebitdaratio": 0.1162790698, "operatingIncome": 200000, "operatingIncomeRatio": 0.011627907, "totalOtherIncomeExpensesNet": 0, "incomeBeforeTax": 0, "incomeBeforeTaxRatio": 0, "incomeTaxExpense": 100000, "netIncome": 100000, "netIncomeRatio": 0.0058139535, "eps": 0.0025, "epsdiluted": 0.0025, "weightedAverageShsOut": 40000000, "weightedAverageShsOutDil": 40000000, "link": null, "finalLink": null, "calculatedOtherExpenses": 1800000, "calculatedOperatingExpenses": 7400000, "calculatedNetInterest": 0, "calculatedOtherIncome": -200000, "calculatedIncomeNonControlling": -200000, "calculatedEbitda": 2000000}, {"date": "1992-06-30", "symbol": "COHR", "reportedCurrency": "USD", "cik": "0000820318", "fillingDate": "1992-06-30", "acceptedDate": "1992-06-30 00:00:00", "calendarYear": "1992", "period": "FY", "revenue": 16600000, "costOfRevenue": 8700000, "grossProfit": 7900000, "grossProfitRatio": 0.4759036145, "researchAndDevelopmentExpenses": 0, "generalAndAdministrativeExpenses": 0, "sellingAndMarketingExpenses": 0, "sellingGeneralAndAdministrativeExpenses": 5000000, "otherExpenses": 1600000, "operatingExpenses": 6600000, "costAndExpenses": 15300000, "interestIncome": 0, "interestExpense": 300000, "depreciationAndAmortization": 1600000, "ebitda": 2900000, "ebitdaratio": 0.1746987952, "operatingIncome": 1300000, "operatingIncomeRatio": 0.078313253, "totalOtherIncomeExpensesNet": -300000, "incomeBeforeTax": 1000000, "incomeBeforeTaxRatio": 0.0602409639, "incomeTaxExpense": 300000, "netIncome": 700000, "netIncomeRatio": 0.0421686747, "eps": 0.0175, "epsdiluted": 0.0175, "weightedAverageShsOut": 40000000, "weightedAverageShsOutDil": 40000000, "link": null, "finalLink": null, "calculatedOtherExpenses": 1600000, "calculatedOperatingExpenses": 6600000, "calculatedNetInterest": -300000, "calculatedOtherIncome": 0, "calculatedIncomeNonControlling": 0, "calculatedEbitda": 2900000}, {"date": "1991-06-30", "symbol": "COHR", "reportedCurrency": "USD", "cik": "0000820318", "fillingDate": "1991-06-30", "acceptedDate": "1991-06-30 00:00:00", "calendarYear": "1991", "period": "FY", "revenue": 15000000, "costOfRevenue": 7900000, "grossProfit": 7100000, "grossProfitRatio": 0.4733333333, "researchAndDevelopmentExpenses": 0, "generalAndAdministrativeExpenses": 0, "sellingAndMarketingExpenses": 0, "sellingGeneralAndAdministrativeExpenses": 5000000, "otherExpenses": 1500000, "operatingExpenses": 6500000, "costAndExpenses": 14400000, "interestIncome": 0, "interestExpense": 100000, "depreciationAndAmortization": 1500000, "ebitda": 2100000, "ebitdaratio": 0.14, "operatingIncome": 600000, "operatingIncomeRatio": 0.04, "totalOtherIncomeExpensesNet": -100000, "incomeBeforeTax": 500000, "incomeBeforeTaxRatio": 0.0333333333, "incomeTaxExpense": 100000, "netIncome": 400000, "netIncomeRatio": 0.0266666667, "eps": 0.01, "epsdiluted": 0.01, "weightedAverageShsOut": 40000000, "weightedAverageShsOutDil": 40000000, "link": null, "finalLink": null, "calculatedOtherExpenses": 1500000, "calculatedOperatingExpenses": 6500000, "calculatedNetInterest": -100000, "calculatedOtherIncome": 0, "calculatedIncomeNonControlling": 0, "calculatedEbitda": 2100000}, {"date": "1990-06-30", "symbol": "COHR", "reportedCurrency": "USD", "cik": "0000820318", "fillingDate": "1990-06-30", "acceptedDate": "1990-06-30 00:00:00", "calendarYear": "1990", "period": "FY", "revenue": 15100000, "costOfRevenue": 7100000, "grossProfit": 8000000, "grossProfitRatio": 0.5298013245, "researchAndDevelopmentExpenses": 0, "generalAndAdministrativeExpenses": 0, "sellingAndMarketingExpenses": 0, "sellingGeneralAndAdministrativeExpenses": 5000000, "otherExpenses": 1300000, "operatingExpenses": 6300000, "costAndExpenses": 13400000, "interestIncome": 0, "interestExpense": -200000, "depreciationAndAmortization": 1300000, "ebitda": 2900000, "ebitdaratio": 0.1920529801, "operatingIncome": 1600000, "operatingIncomeRatio": 0.1059602649, "totalOtherIncomeExpensesNet": 100000, "incomeBeforeTax": 1800000, "incomeBeforeTaxRatio": 0.119205298, "incomeTaxExpense": 800000, "netIncome": 1000000, "netIncomeRatio": 0.0662251656, "eps": 0.025, "epsdiluted": 0.025, "weightedAverageShsOut": 40000000, "weightedAverageShsOutDil": 40000000, "link": null, "finalLink": null, "calculatedOtherExpenses": 1400000, "calculatedOperatingExpenses": 6400000, "calculatedNetInterest": 200000, "calculatedOtherIncome": 0, "calculatedIncomeNonControlling": 0, "calculatedEbitda": 2900000}, {"date": "1989-06-30", "symbol": "COHR", "reportedCurrency": "USD", "cik": "0000820318", "fillingDate": "1989-06-30", "acceptedDate": "1989-06-30 00:00:00", "calendarYear": "1989", "period": "FY", "revenue": 13900000, "costOfRevenue": 6000000, "grossProfit": 7900000, "grossProfitRatio": 0.5683453237, "researchAndDevelopmentExpenses": 0, "generalAndAdministrativeExpenses": 0, "sellingAndMarketingExpenses": 0, "sellingGeneralAndAdministrativeExpenses": 4600000, "otherExpenses": 900000, "operatingExpenses": 5500000, "costAndExpenses": 11500000, "interestIncome": 0, "interestExpense": -600000, "depreciationAndAmortization": 900000, "ebitda": 3000000, "ebitdaratio": 0.2158273381, "operatingIncome": 2100000, "operatingIncomeRatio": 0.1510791367, "totalOtherIncomeExpensesNet": 300000, "incomeBeforeTax": 2700000, "incomeBeforeTaxRatio": 0.1942446043, "incomeTaxExpense": 1000000, "netIncome": 1700000, "netIncomeRatio": 0.1223021583, "eps": 0.04, "epsdiluted": 0.04, "weightedAverageShsOut": 42500000, "weightedAverageShsOutDil": 42500000, "link": null, "finalLink": null, "calculatedOtherExpenses": 1200000, "calculatedOperatingExpenses": 5800000, "calculatedNetInterest": 600000, "calculatedOtherIncome": 0, "calculatedIncomeNonControlling": 0, "calculatedEbitda": 3000000}, {"date": "1988-06-30", "symbol": "COHR", "reportedCurrency": "USD", "cik": "0000820318", "fillingDate": "1988-06-30", "acceptedDate": "1988-06-30 00:00:00", "calendarYear": "1988", "period": "FY", "revenue": 12400000, "costOfRevenue": 6300000, "grossProfit": 6100000, "grossProfitRatio": 0.4919354839, "researchAndDevelopmentExpenses": 0, "generalAndAdministrativeExpenses": 0, "sellingAndMarketingExpenses": 0, "sellingGeneralAndAdministrativeExpenses": 3600000, "otherExpenses": 600000, "operatingExpenses": 4200000, "costAndExpenses": 10500000, "interestIncome": 0, "interestExpense": -300000, "depreciationAndAmortization": 600000, "ebitda": 2300000, "ebitdaratio": 0.185483871, "operatingIncome": 1700000, "operatingIncomeRatio": 0.1370967742, "totalOtherIncomeExpensesNet": 200000, "incomeBeforeTax": 2000000, "incomeBeforeTaxRatio": 0.1612903226, "incomeTaxExpense": 700000, "netIncome": 1300000, "netIncomeRatio": 0.1048387097, "eps": 0.0325, "epsdiluted": 0.0325, "weightedAverageShsOut": 40000000, "weightedAverageShsOutDil": 40000000, "link": null, "finalLink": null, "calculatedOtherExpenses": 800000, "calculatedOperatingExpenses": 4400000, "calculatedNetInterest": 300000, "calculatedOtherIncome": 0, "calculatedIncomeNonControlling": 0, "calculatedEbitda": 2300000}, {"date": "1987-06-30", "symbol": "COHR", "reportedCurrency": "USD", "cik": "0000820318", "fillingDate": "1987-06-30", "acceptedDate": "1987-06-30 00:00:00", "calendarYear": "1987", "period": "FY", "revenue": 9800000, "costOfRevenue": 5400000, "grossProfit": 4400000, "grossProfitRatio": 0.4489795918, "researchAndDevelopmentExpenses": 0, "generalAndAdministrativeExpenses": 0, "sellingAndMarketingExpenses": 0, "sellingGeneralAndAdministrativeExpenses": 2800000, "otherExpenses": 400000, "operatingExpenses": 3200000, "costAndExpenses": 8600000, "interestIncome": 0, "interestExpense": -100000, "depreciationAndAmortization": 400000, "ebitda": 1500000, "ebitdaratio": 0.1530612245, "operatingIncome": 1100000, "operatingIncomeRatio": 0.112244898, "totalOtherIncomeExpensesNet": 100000, "incomeBeforeTax": 1200000, "incomeBeforeTaxRatio": 0.1224489796, "incomeTaxExpense": 500000, "netIncome": 700000, "netIncomeRatio": 0.0714285714, "eps": 0.0225, "epsdiluted": 0.0225, "weightedAverageShsOut": 31111111, "weightedAverageShsOutDil": 31111111, "link": null, "finalLink": null, "calculatedOtherExpenses": 500000, "calculatedOperatingExpenses": 3300000, "calculatedNetInterest": 100000, "calculatedOtherIncome": 0, "calculatedIncomeNonControlling": 0, "calculatedEbitda": 1500000}, {"date": "1986-06-30", "symbol": "COHR", "reportedCurrency": "USD", "cik": "0000820318", "fillingDate": "1986-06-30", "acceptedDate": "1986-06-30 00:00:00", "calendarYear": "1986", "period": "FY", "revenue": 8700000, "costOfRevenue": 5900000, "grossProfit": 2800000, "grossProfitRatio": 0.3218390805, "researchAndDevelopmentExpenses": 0, "generalAndAdministrativeExpenses": 0, "sellingAndMarketingExpenses": 0, "sellingGeneralAndAdministrativeExpenses": 2600000, "otherExpenses": 0, "operatingExpenses": 2600000, "costAndExpenses": 8500000, "interestIncome": 0, "interestExpense": -100000, "depreciationAndAmortization": 100000, "ebitda": 300000, "ebitdaratio": 0.0344827586, "operatingIncome": 200000, "operatingIncomeRatio": 0.0229885057, "totalOtherIncomeExpensesNet": 200000, "incomeBeforeTax": 300000, "incomeBeforeTaxRatio": 0.0344827586, "incomeTaxExpense": 100000, "netIncome": 200000, "netIncomeRatio": 0.0229885057, "eps": 0.0075, "epsdiluted": 0.0075, "weightedAverageShsOut": 26666667, "weightedAverageShsOutDil": 26666667, "link": null, "finalLink": null, "calculatedOtherExpenses": 0, "calculatedOperatingExpenses": 2600000, "calculatedNetInterest": 100000, "calculatedOtherIncome": 0, "calculatedIncomeNonControlling": 0, "calculatedEbitda": 300000}]}