{"originalCurrency": "USD", "convertedCurrency": "USD", "report": [{"date": "2023-12-31", "symbol": "COKE", "reportedCurrency": "USD", "cik": "0000317540", "fillingDate": "2024-02-21", "acceptedDate": "2024-02-21 16:19:51", "calendarYear": "2023", "period": "FY", "revenue": 6653858000, "costOfRevenue": 4055147000, "grossProfit": 2598711000, "grossProfitRatio": 0.3905570272, "researchAndDevelopmentExpenses": 0, "generalAndAdministrativeExpenses": 1877056000, "sellingAndMarketingExpenses": 780000000, "sellingGeneralAndAdministrativeExpenses": 1877056000, "otherExpenses": -5738000, "operatingExpenses": 1877056000, "costAndExpenses": 5932203000, "interestIncome": 918000, "interestExpense": -918000, "depreciationAndAmortization": 176966000, "ebitda": 1057975000, "ebitdaratio": 0.15900174, "operatingIncome": 834451000, "operatingIncomeRatio": 0.1254085975, "totalOtherIncomeExpensesNet": -165092000, "incomeBeforeTax": 557481000, "incomeBeforeTaxRatio": 0.0837831225, "incomeTaxExpense": 149106000, "netIncome": 408375000, "netIncomeRatio": 0.0613741682, "eps": 43.56, "epsdiluted": 43.48, "weightedAverageShsOut": 9374000, "weightedAverageShsOutDil": 9392000, "link": "https://www.sec.gov/Archives/edgar/data/317540/000031754024000009/0000317540-24-000009-index.htm", "finalLink": "https://www.sec.gov/Archives/edgar/data/317540/000031754024000009/coke-20231231.htm", "calculatedOtherExpenses": -112796000, "calculatedOperatingExpenses": 1764260000, "calculatedNetInterest": 1836000, "calculatedOtherIncome": -278806000, "calculatedIncomeNonControlling": 0, "calculatedEbitda": 1011417000}, {"date": "2022-12-31", "symbol": "COKE", "reportedCurrency": "USD", "cik": "0000317540", "fillingDate": "2023-02-22", "acceptedDate": "2023-02-22 16:18:18", "calendarYear": "2022", "period": "FY", "revenue": 6200957000, "costOfRevenue": 3923003000, "grossProfit": 2277954000, "grossProfitRatio": 0.3673552324, "researchAndDevelopmentExpenses": 0, "generalAndAdministrativeExpenses": 1636907000, "sellingAndMarketingExpenses": 756900000, "sellingGeneralAndAdministrativeExpenses": 1636907000, "otherExpenses": -41168000, "operatingExpenses": 1636907000, "costAndExpenses": 5559910000, "interestIncome": 24792000, "interestExpense": 24792000, "depreciationAndAmortization": 130422000, "ebitda": 771469000, "ebitdaratio": 0.1244112804, "operatingIncome": 641047000, "operatingIncomeRatio": 0.1033787204, "totalOtherIncomeExpensesNet": -65960000, "incomeBeforeTax": 575087000, "incomeBeforeTaxRatio": 0.0927416526, "incomeTaxExpense": 144929000, "netIncome": 430158000, "netIncomeRatio": 0.069369615, "eps": 45.88, "epsdiluted": 45.74, "weightedAverageShsOut": 9374000, "weightedAverageShsOutDil": 9405000, "link": "https://www.sec.gov/Archives/edgar/data/317540/000031754023000009/0000317540-23-000009-index.htm", "finalLink": "https://www.sec.gov/Archives/edgar/data/317540/000031754023000009/coke-20221231.htm", "calculatedOtherExpenses": 0, "calculatedOperatingExpenses": 1636907000, "calculatedNetInterest": 0, "calculatedOtherIncome": -65960000, "calculatedIncomeNonControlling": 0, "calculatedEbitda": 771469000}, {"date": "2021-12-31", "symbol": "COKE", "reportedCurrency": "USD", "cik": "0000317540", "fillingDate": "2022-02-22", "acceptedDate": "2022-02-22 16:20:56", "calendarYear": "2021", "period": "FY", "revenue": 5562714000, "costOfRevenue": 3608527000, "grossProfit": 1954187000, "grossProfitRatio": 0.3513010016, "researchAndDevelopmentExpenses": 0, "generalAndAdministrativeExpenses": 1515016000, "sellingAndMarketingExpenses": 674300000, "sellingGeneralAndAdministrativeExpenses": 1515016000, "otherExpenses": -150573000, "operatingExpenses": 1515016000, "costAndExpenses": 5123543000, "interestIncome": 32710000, "interestExpense": 33449000, "depreciationAndAmortization": 180565000, "ebitda": 469163000, "ebitdaratio": 0.0843406654, "operatingIncome": 288598000, "operatingIncomeRatio": 0.0518807906, "totalOtherIncomeExpensesNet": -33449000, "incomeBeforeTax": 255149000, "incomeBeforeTaxRatio": 0.0458677185, "incomeTaxExpense": 65569000, "netIncome": 189580000, "netIncomeRatio": 0.0340804866, "eps": 20.23, "epsdiluted": 20.17, "weightedAverageShsOut": 9373000, "weightedAverageShsOutDil": 9400000, "link": "https://www.sec.gov/Archives/edgar/data/317540/000031754022000009/0000317540-22-000009-index.htm", "finalLink": "https://www.sec.gov/Archives/edgar/data/317540/000031754022000009/coke-20211231.htm", "calculatedOtherExpenses": 150573000, "calculatedOperatingExpenses": 1665589000, "calculatedNetInterest": -739000, "calculatedOtherIncome": -32710000, "calculatedIncomeNonControlling": 0, "calculatedEbitda": 469163000}, {"date": "2020-12-31", "symbol": "COKE", "reportedCurrency": "USD", "cik": "0000317540", "fillingDate": "2021-02-26", "acceptedDate": "2021-02-26 16:38:17", "calendarYear": "2020", "period": "FY", "revenue": 5007357000, "costOfRevenue": 3238448000, "grossProfit": 1768909000, "grossProfitRatio": 0.3532620103, "researchAndDevelopmentExpenses": 0, "generalAndAdministrativeExpenses": 2500000, "sellingAndMarketingExpenses": 622100000, "sellingGeneralAndAdministrativeExpenses": 1455531000, "otherExpenses": -4393000, "operatingExpenses": 1455531000, "costAndExpenses": 4693979000, "interestIncome": 37113000, "interestExpense": 36735000, "depreciationAndAmortization": 174624000, "ebitda": 488002000, "ebitdaratio": 0.0974570018, "operatingIncome": 313378000, "operatingIncomeRatio": 0.0625835146, "totalOtherIncomeExpensesNet": -72338000, "incomeBeforeTax": 241040000, "incomeBeforeTaxRatio": 0.048137171, "incomeTaxExpense": 58943000, "netIncome": 172493000, "netIncomeRatio": 0.0344479133, "eps": 18.4, "epsdiluted": 18.3, "weightedAverageShsOut": 9373000, "weightedAverageShsOutDil": 9427000, "link": "https://www.sec.gov/Archives/edgar/data/317540/000031754021000006/0000317540-21-000006-index.htm", "finalLink": "https://www.sec.gov/Archives/edgar/data/317540/000031754021000006/coke-20201231.htm", "calculatedOtherExpenses": 0, "calculatedOperatingExpenses": 1455531000, "calculatedNetInterest": 378000, "calculatedOtherIncome": -72716000, "calculatedIncomeNonControlling": 9604000, "calculatedEbitda": 488002000}, {"date": "2019-12-29", "symbol": "COKE", "reportedCurrency": "USD", "cik": "0000317540", "fillingDate": "2020-02-25", "acceptedDate": "2020-02-25 17:02:24", "calendarYear": "2019", "period": "FY", "revenue": 4826549000, "costOfRevenue": 3156047000, "grossProfit": 1670502000, "grossProfitRatio": 0.3461069182, "researchAndDevelopmentExpenses": 0, "generalAndAdministrativeExpenses": 2300000, "sellingAndMarketingExpenses": 623400000, "sellingGeneralAndAdministrativeExpenses": 1489748000, "otherExpenses": -100539000, "operatingExpenses": 1489748000, "costAndExpenses": 4645795000, "interestIncome": 46349000, "interestExpense": 45990000, "depreciationAndAmortization": 179916000, "ebitda": 260131000, "ebitdaratio": 0.0538958581, "operatingIncome": 80215000, "operatingIncomeRatio": 0.016619535, "totalOtherIncomeExpensesNet": -45990000, "incomeBeforeTax": 34225000, "incomeBeforeTaxRatio": 0.0070909878, "incomeTaxExpense": 15665000, "netIncome": 18560000, "netIncomeRatio": 0.0038453976, "eps": 1.98, "epsdiluted": 1.97, "weightedAverageShsOut": 9370000, "weightedAverageShsOutDil": 9417000, "link": "https://www.sec.gov/Archives/edgar/data/317540/000156459020006432/0001564590-20-006432-index.htm", "finalLink": "https://www.sec.gov/Archives/edgar/data/317540/000156459020006432/coke-10k_20191229.htm", "calculatedOtherExpenses": 100539000, "calculatedOperatingExpenses": 1590287000, "calculatedNetInterest": 359000, "calculatedOtherIncome": -46349000, "calculatedIncomeNonControlling": 0, "calculatedEbitda": 260131000}, {"date": "2018-12-30", "symbol": "COKE", "reportedCurrency": "USD", "cik": "0000317540", "fillingDate": "2019-02-27", "acceptedDate": "2019-02-27 17:21:58", "calendarYear": "2018", "period": "FY", "revenue": 4625364000, "costOfRevenue": 3069652000, "grossProfit": 1555712000, "grossProfitRatio": 0.336343691, "researchAndDevelopmentExpenses": 0, "generalAndAdministrativeExpenses": 2800000, "sellingAndMarketingExpenses": 610700000, "sellingGeneralAndAdministrativeExpenses": 1497810000, "otherExpenses": -30853000, "operatingExpenses": 1497810000, "costAndExpenses": 4567462000, "interestIncome": 0, "interestExpense": 50506000, "depreciationAndAmortization": 187256000, "ebitda": 214305000, "ebitdaratio": 0.0463325697, "operatingIncome": 57902000, "operatingIncomeRatio": 0.0125183661, "totalOtherIncomeExpensesNet": -20683000, "incomeBeforeTax": -13287000, "incomeBeforeTaxRatio": -0.0028726388, "incomeTaxExpense": 1869000, "netIncome": -19930000, "netIncomeRatio": -0.0043088501, "eps": -2.13, "epsdiluted": -2.13, "weightedAverageShsOut": 9350000, "weightedAverageShsOutDil": 9350000, "link": "https://www.sec.gov/Archives/edgar/data/317540/000156459019005000/0001564590-19-005000-index.htm", "finalLink": "https://www.sec.gov/Archives/edgar/data/317540/000156459019005000/coke-10k_20181230.htm", "calculatedOtherExpenses": 0, "calculatedOperatingExpenses": 1497810000, "calculatedNetInterest": -50506000, "calculatedOtherIncome": -20683000, "calculatedIncomeNonControlling": 4774000, "calculatedEbitda": 245158000}, {"date": "2017-12-31", "symbol": "COKE", "reportedCurrency": "USD", "cik": "0000317540", "fillingDate": "2018-02-28", "acceptedDate": "2018-02-28 17:15:33", "calendarYear": "2017", "period": "FY", "revenue": 4323668000, "costOfRevenue": 2782721000, "grossProfit": 1540947000, "grossProfitRatio": 0.3563980861, "researchAndDevelopmentExpenses": 0, "generalAndAdministrativeExpenses": 2300000, "sellingAndMarketingExpenses": 550900000, "sellingGeneralAndAdministrativeExpenses": 1444768000, "otherExpenses": -4197000, "operatingExpenses": 1444768000, "costAndExpenses": 4227489000, "interestIncome": 0, "interestExpense": 41869000, "depreciationAndAmortization": 168841000, "ebitda": 260823000, "ebitdaratio": 0.0603244745, "operatingIncome": 96179000, "operatingIncomeRatio": 0.0222447699, "totalOtherIncomeExpensesNet": 8696000, "incomeBeforeTax": 63006000, "incomeBeforeTaxRatio": 0.0145723492, "incomeTaxExpense": -39841000, "netIncome": 96535000, "netIncomeRatio": 0.0223271074, "eps": 10.35, "epsdiluted": 10.3, "weightedAverageShsOut": 9329000, "weightedAverageShsOutDil": 11597000, "link": "https://www.sec.gov/Archives/edgar/data/317540/000156459018003845/0001564590-18-003845-index.htm", "finalLink": "https://www.sec.gov/Archives/edgar/data/317540/000156459018003845/coke-10k_20171231.htm", "calculatedOtherExpenses": 0, "calculatedOperatingExpenses": 1444768000, "calculatedNetInterest": -41869000, "calculatedOtherIncome": 8696000, "calculatedIncomeNonControlling": 6312000, "calculatedEbitda": 265020000}, {"date": "2016-12-31", "symbol": "COKE", "reportedCurrency": "USD", "cik": "0000317540", "fillingDate": "2017-03-14", "acceptedDate": "2017-03-14 17:18:05", "calendarYear": "2016", "period": "FY", "revenue": 3156428000, "costOfRevenue": 1940706000, "grossProfit": 1215722000, "grossProfitRatio": 0.3851575262, "researchAndDevelopmentExpenses": 0, "generalAndAdministrativeExpenses": 692463000, "sellingAndMarketingExpenses": 395400000, "sellingGeneralAndAdministrativeExpenses": 1087863000, "otherExpenses": 1178000, "operatingExpenses": 1087863000, "costAndExpenses": 3028569000, "interestIncome": 0, "interestExpense": 36325000, "depreciationAndAmortization": 116623000, "ebitda": 245660000, "ebitdaratio": 0.0778284821, "operatingIncome": 127859000, "operatingIncomeRatio": 0.0405074977, "totalOtherIncomeExpensesNet": 1178000, "incomeBeforeTax": 92712000, "incomeBeforeTaxRatio": 0.0293724425, "incomeTaxExpense": 36049000, "netIncome": 50146000, "netIncomeRatio": 0.0158869456, "eps": 5.39, "epsdiluted": 5.36, "weightedAverageShsOut": 9309000, "weightedAverageShsOutDil": 9349000, "link": "https://www.sec.gov/Archives/edgar/data/317540/000156459017004316/0001564590-17-004316-index.htm", "finalLink": "https://www.sec.gov/Archives/edgar/data/317540/000156459017004316/coke-10k_20170101.htm", "calculatedOtherExpenses": 0, "calculatedOperatingExpenses": 1087863000, "calculatedNetInterest": -36325000, "calculatedOtherIncome": 1178000, "calculatedIncomeNonControlling": 6517000, "calculatedEbitda": 244482000}, {"date": "2015-12-31", "symbol": "COKE", "reportedCurrency": "USD", "cik": "0000317540", "fillingDate": "2016-03-18", "acceptedDate": "2016-03-18 15:03:03", "calendarYear": "2015", "period": "FY", "revenue": 2306458000, "costOfRevenue": 1405426000, "grossProfit": 901032000, "grossProfitRatio": 0.390656149, "researchAndDevelopmentExpenses": 0, "generalAndAdministrativeExpenses": 524988000, "sellingAndMarketingExpenses": 277900000, "sellingGeneralAndAdministrativeExpenses": 802888000, "otherExpenses": 5231000, "operatingExpenses": 802888000, "costAndExpenses": 2208314000, "interestIncome": 0, "interestExpense": 28915000, "depreciationAndAmortization": 80896000, "ebitda": 103375000, "ebitdaratio": 0.044819806, "operatingIncome": 98144000, "operatingIncomeRatio": 0.0425518262, "totalOtherIncomeExpensesNet": 29893000, "incomeBeforeTax": 99122000, "incomeBeforeTaxRatio": 0.042975853, "incomeTaxExpense": 34078000, "netIncome": 59002000, "netIncomeRatio": 0.0255812159, "eps": 6.35, "epsdiluted": 6.33, "weightedAverageShsOut": 9288000, "weightedAverageShsOutDil": 9328000, "link": "https://www.sec.gov/Archives/edgar/data/317540/000156459016015048/0001564590-16-015048-index.htm", "finalLink": "https://www.sec.gov/Archives/edgar/data/317540/000156459016015048/coke-10k_20160103.htm", "calculatedOtherExpenses": 0, "calculatedOperatingExpenses": 802888000, "calculatedNetInterest": -28915000, "calculatedOtherIncome": 29893000, "calculatedIncomeNonControlling": 6042000, "calculatedEbitda": 179040000}, {"date": "2014-12-28", "symbol": "COKE", "reportedCurrency": "USD", "cik": "0000317540", "fillingDate": "2015-03-13", "acceptedDate": "2015-03-13 16:04:24", "calendarYear": "2014", "period": "FY", "revenue": 1746369000, "costOfRevenue": 1041130000, "grossProfit": 705239000, "grossProfitRatio": 0.4038316072, "researchAndDevelopmentExpenses": 0, "generalAndAdministrativeExpenses": 396372000, "sellingAndMarketingExpenses": 222900000, "sellingGeneralAndAdministrativeExpenses": 619272000, "otherExpenses": -1077000, "operatingExpenses": 619272000, "costAndExpenses": 1660402000, "interestIncome": 0, "interestExpense": 29272000, "depreciationAndAmortization": 61130000, "ebitda": 84890000, "ebitdaratio": 0.048609429, "operatingIncome": 85967000, "operatingIncomeRatio": 0.0492261372, "totalOtherIncomeExpensesNet": -1077000, "incomeBeforeTax": 55618000, "incomeBeforeTaxRatio": 0.0318477939, "incomeTaxExpense": 19536000, "netIncome": 31354000, "netIncomeRatio": 0.017953823, "eps": 3.38, "epsdiluted": 3.37, "weightedAverageShsOut": 9267000, "weightedAverageShsOutDil": 9307000, "link": "https://www.sec.gov/Archives/edgar/data/317540/000119312515091165/0001193125-15-091165-index.htm", "finalLink": "https://www.sec.gov/Archives/edgar/data/317540/000119312515091165/d839674d10k.htm", "calculatedOtherExpenses": 0, "calculatedOperatingExpenses": 619272000, "calculatedNetInterest": -29272000, "calculatedOtherIncome": -1077000, "calculatedIncomeNonControlling": 4728000, "calculatedEbitda": 147097000}, {"date": "2013-12-29", "symbol": "COKE", "reportedCurrency": "USD", "cik": "0000317540", "fillingDate": "2014-03-14", "acceptedDate": "2014-03-14 16:21:17", "calendarYear": "2013", "period": "FY", "revenue": 1641331000, "costOfRevenue": 982691000, "grossProfit": 658640000, "grossProfitRatio": 0.4012840798, "researchAndDevelopmentExpenses": 0, "generalAndAdministrativeExpenses": 383993000, "sellingAndMarketingExpenses": 201000000, "sellingGeneralAndAdministrativeExpenses": 584993000, "otherExpenses": 0, "operatingExpenses": 584993000, "costAndExpenses": 1567684000, "interestIncome": 0, "interestExpense": 29403000, "depreciationAndAmortization": 58671000, "ebitda": 73647000, "ebitdaratio": 0.0448702912, "operatingIncome": 73647000, "operatingIncomeRatio": 0.0448702912, "totalOtherIncomeExpensesNet": -29403000, "incomeBeforeTax": 44244000, "incomeBeforeTaxRatio": 0.0269561715, "incomeTaxExpense": 12142000, "netIncome": 27675000, "netIncomeRatio": 0.0168613156, "eps": 2.99, "epsdiluted": 2.98, "weightedAverageShsOut": 9246000, "weightedAverageShsOutDil": 9286000, "link": "https://www.sec.gov/Archives/edgar/data/317540/000119312514100068/0001193125-14-100068-index.htm", "finalLink": "https://www.sec.gov/Archives/edgar/data/317540/000119312514100068/d642117d10k.htm", "calculatedOtherExpenses": 0, "calculatedOperatingExpenses": 584993000, "calculatedNetInterest": -29403000, "calculatedOtherIncome": 0, "calculatedIncomeNonControlling": 4427000, "calculatedEbitda": 132318000}, {"date": "2012-12-30", "symbol": "COKE", "reportedCurrency": "USD", "cik": "0000317540", "fillingDate": "2013-03-14", "acceptedDate": "2013-03-14 16:33:23", "calendarYear": "2012", "period": "FY", "revenue": 1614433000, "costOfRevenue": 960124000, "grossProfit": 654309000, "grossProfitRatio": 0.4052871813, "researchAndDevelopmentExpenses": 0, "generalAndAdministrativeExpenses": 365623000, "sellingAndMarketingExpenses": 200000000, "sellingGeneralAndAdministrativeExpenses": 565623000, "otherExpenses": 0, "operatingExpenses": 565623000, "costAndExpenses": 1525747000, "interestIncome": 0, "interestExpense": 35338000, "depreciationAndAmortization": 61859000, "ebitda": 88686000, "ebitdaratio": 0.054933218, "operatingIncome": 88686000, "operatingIncomeRatio": 0.054933218, "totalOtherIncomeExpensesNet": -35338000, "incomeBeforeTax": 53348000, "incomeBeforeTaxRatio": 0.0330444187, "incomeTaxExpense": 21889000, "netIncome": 27217000, "netIncomeRatio": 0.0168585503, "eps": 2.95, "epsdiluted": 2.94, "weightedAverageShsOut": 9226000, "weightedAverageShsOutDil": 9266000, "link": "https://www.sec.gov/Archives/edgar/data/317540/000119312513107520/0001193125-13-107520-index.htm", "finalLink": "https://www.sec.gov/Archives/edgar/data/317540/000119312513107520/d444889d10k.htm", "calculatedOtherExpenses": 0, "calculatedOperatingExpenses": 565623000, "calculatedNetInterest": -35338000, "calculatedOtherIncome": 0, "calculatedIncomeNonControlling": 4242000, "calculatedEbitda": 150545000}, {"date": "2011-12-31", "symbol": "COKE", "reportedCurrency": "USD", "cik": "0000317540", "fillingDate": "2012-03-16", "acceptedDate": "2012-03-16 14:55:55", "calendarYear": "2011", "period": "FY", "revenue": 1561239000, "costOfRevenue": 931996000, "grossProfit": 629243000, "grossProfitRatio": 0.40304079, "researchAndDevelopmentExpenses": 0, "generalAndAdministrativeExpenses": 0, "sellingAndMarketingExpenses": 0, "sellingGeneralAndAdministrativeExpenses": 541713000, "otherExpenses": 0, "operatingExpenses": 541713000, "costAndExpenses": 1473709000, "interestIncome": 0, "interestExpense": 35979000, "depreciationAndAmortization": 62118000, "ebitda": 87530000, "ebitdaratio": 0.0560644463, "operatingIncome": 87530000, "operatingIncomeRatio": 0.0560644463, "totalOtherIncomeExpensesNet": -35979000, "incomeBeforeTax": 51551000, "incomeBeforeTaxRatio": 0.0330192879, "incomeTaxExpense": 19528000, "netIncome": 28608000, "netIncomeRatio": 0.0183239081, "eps": 3.11, "epsdiluted": 3.09, "weightedAverageShsOut": 7141000, "weightedAverageShsOutDil": 9244000, "link": "https://www.sec.gov/Archives/edgar/data/317540/000119312512119442/0001193125-12-119442-index.htm", "finalLink": "https://www.sec.gov/Archives/edgar/data/317540/000119312512119442/d295777d10k.htm", "calculatedOtherExpenses": 0, "calculatedOperatingExpenses": 541713000, "calculatedNetInterest": -35979000, "calculatedOtherIncome": 0, "calculatedIncomeNonControlling": 3415000, "calculatedEbitda": 149648000}, {"date": "2010-12-31", "symbol": "COKE", "reportedCurrency": "USD", "cik": "0000317540", "fillingDate": "2011-03-18", "acceptedDate": "2011-03-18 14:27:37", "calendarYear": "2010", "period": "FY", "revenue": 1514599000, "costOfRevenue": 873783000, "grossProfit": 640816000, "grossProfitRatio": 0.423092845, "researchAndDevelopmentExpenses": 0, "generalAndAdministrativeExpenses": 0, "sellingAndMarketingExpenses": 0, "sellingGeneralAndAdministrativeExpenses": 544498000, "otherExpenses": 0, "operatingExpenses": 544498000, "costAndExpenses": 1418281000, "interestIncome": 0, "interestExpense": 35127000, "depreciationAndAmortization": 62826000, "ebitda": 96318000, "ebitdaratio": 0.0635930698, "operatingIncome": 96318000, "operatingIncomeRatio": 0.0635930698, "totalOtherIncomeExpensesNet": -35127000, "incomeBeforeTax": 61191000, "incomeBeforeTaxRatio": 0.0404007926, "incomeTaxExpense": 21649000, "netIncome": 36057000, "netIncomeRatio": 0.0238063012, "eps": 3.93, "epsdiluted": 3.19, "weightedAverageShsOut": 9181000, "weightedAverageShsOutDil": 11301000, "link": "https://www.sec.gov/Archives/edgar/data/317540/000095012311026807/0000950123-11-026807-index.htm", "finalLink": "https://www.sec.gov/Archives/edgar/data/317540/000095012311026807/g26462e10vk.htm", "calculatedOtherExpenses": 0, "calculatedOperatingExpenses": 544498000, "calculatedNetInterest": -35127000, "calculatedOtherIncome": 0, "calculatedIncomeNonControlling": 3485000, "calculatedEbitda": 159144000}, {"date": "2009-12-31", "symbol": "COKE", "reportedCurrency": "USD", "cik": "0000317540", "fillingDate": "2010-03-18", "acceptedDate": "2010-03-18 16:40:17", "calendarYear": "2009", "period": "FY", "revenue": 1442986000, "costOfRevenue": 822992000, "grossProfit": 619994000, "grossProfitRatio": 0.4296604402, "researchAndDevelopmentExpenses": 0, "generalAndAdministrativeExpenses": 0, "sellingAndMarketingExpenses": 0, "sellingGeneralAndAdministrativeExpenses": 525491000, "otherExpenses": 0, "operatingExpenses": 525491000, "costAndExpenses": 1348483000, "interestIncome": 0, "interestExpense": -37379000, "depreciationAndAmortization": 61368000, "ebitda": 94503000, "ebitdaratio": 0.0654912799, "operatingIncome": 94503000, "operatingIncomeRatio": 0.0654912799, "totalOtherIncomeExpensesNet": -74758000, "incomeBeforeTax": 57124000, "incomeBeforeTaxRatio": 0.0395873557, "incomeTaxExpense": 16581000, "netIncome": 38136000, "netIncomeRatio": 0.0264285308, "eps": 4.16, "epsdiluted": 3.37, "weightedAverageShsOut": 9164000, "weightedAverageShsOutDil": 11322000, "link": "https://www.sec.gov/Archives/edgar/data/317540/000095012310026007/0000950123-10-026007-index.htm", "finalLink": "https://www.sec.gov/Archives/edgar/data/317540/000095012310026007/g22489e10vk.htm", "calculatedOtherExpenses": 0, "calculatedOperatingExpenses": 525491000, "calculatedNetInterest": 37379000, "calculatedOtherIncome": -74758000, "calculatedIncomeNonControlling": 2407000, "calculatedEbitda": 155871000}, {"date": "2008-12-28", "symbol": "COKE", "reportedCurrency": "USD", "cik": "0000317540", "fillingDate": "2009-03-13", "acceptedDate": "2009-03-13 14:31:50", "calendarYear": "2008", "period": "FY", "revenue": 1463615000, "costOfRevenue": 848409000, "grossProfit": 615206000, "grossProfitRatio": 0.420333216, "researchAndDevelopmentExpenses": 0, "generalAndAdministrativeExpenses": 0, "sellingAndMarketingExpenses": 0, "sellingGeneralAndAdministrativeExpenses": 487455000, "otherExpenses": 68273000, "operatingExpenses": 555728000, "costAndExpenses": 1404137000, "interestIncome": 0, "interestExpense": 39601000, "depreciationAndAmortization": 68562000, "ebitda": 128040000, "ebitdaratio": 0.0874820223, "operatingIncome": 59478000, "operatingIncomeRatio": 0.040637736, "totalOtherIncomeExpensesNet": -2392000, "incomeBeforeTax": 17485000, "incomeBeforeTaxRatio": 0.0119464477, "incomeTaxExpense": 8394000, "netIncome": 9091000, "netIncomeRatio": 0.0062113329, "eps": 0.99, "epsdiluted": 0.99, "weightedAverageShsOut": 9144000, "weightedAverageShsOutDil": 9160000, "link": "https://www.sec.gov/Archives/edgar/data/317540/000095014409002180/0000950144-09-002180-index.htm", "finalLink": "https://www.sec.gov/Archives/edgar/data/317540/000095014409002180/g17639e10vk.htm", "calculatedOtherExpenses": 68273000, "calculatedOperatingExpenses": 555728000, "calculatedNetInterest": -39601000, "calculatedOtherIncome": -2392000, "calculatedIncomeNonControlling": 0, "calculatedEbitda": 128040000}, {"date": "2007-12-30", "symbol": "COKE", "reportedCurrency": "USD", "cik": "0000317540", "fillingDate": "2008-03-13", "acceptedDate": "2008-03-13 15:38:47", "calendarYear": "2007", "period": "FY", "revenue": 1435999000, "costOfRevenue": 814865000, "grossProfit": 621134000, "grossProfitRatio": 0.4325448695, "researchAndDevelopmentExpenses": 0, "generalAndAdministrativeExpenses": 0, "sellingAndMarketingExpenses": 0, "sellingGeneralAndAdministrativeExpenses": 538806000, "otherExpenses": 445000, "operatingExpenses": 539251000, "costAndExpenses": 1354116000, "interestIncome": 0, "interestExpense": 47641000, "depreciationAndAmortization": 68326000, "ebitda": 150209000, "ebitdaratio": 0.1046024405, "operatingIncome": 81883000, "operatingIncomeRatio": 0.0570216275, "totalOtherIncomeExpensesNet": -2003000, "incomeBeforeTax": 32239000, "incomeBeforeTaxRatio": 0.0224505727, "incomeTaxExpense": 12383000, "netIncome": 19856000, "netIncomeRatio": 0.0138273077, "eps": 2.18, "epsdiluted": 2.17, "weightedAverageShsOut": 9124000, "weightedAverageShsOutDil": 9141000, "link": "https://www.sec.gov/Archives/edgar/data/317540/000095014408001899/0000950144-08-001899-index.htm", "finalLink": "https://www.sec.gov/Archives/edgar/data/317540/000095014408001899/g12161ke10vk.htm", "calculatedOtherExpenses": 445000, "calculatedOperatingExpenses": 539251000, "calculatedNetInterest": -47641000, "calculatedOtherIncome": -2003000, "calculatedIncomeNonControlling": 0, "calculatedEbitda": 150209000}, {"date": "2006-12-31", "symbol": "COKE", "reportedCurrency": "USD", "cik": "0000317540", "fillingDate": "2007-03-14", "acceptedDate": "2007-03-14 11:51:13", "calendarYear": "2006", "period": "FY", "revenue": 1431005000, "costOfRevenue": 808426000, "grossProfit": 622579000, "grossProfitRatio": 0.4350641682, "researchAndDevelopmentExpenses": 0, "generalAndAdministrativeExpenses": 0, "sellingAndMarketingExpenses": 0, "sellingGeneralAndAdministrativeExpenses": 537365000, "otherExpenses": 550000, "operatingExpenses": 537915000, "costAndExpenses": 1346341000, "interestIncome": 0, "interestExpense": 50286000, "depreciationAndAmortization": 67884000, "ebitda": 152548000, "ebitdaratio": 0.1066020035, "operatingIncome": 84664000, "operatingIncomeRatio": 0.0591640141, "totalOtherIncomeExpensesNet": -3218000, "incomeBeforeTax": 31160000, "incomeBeforeTaxRatio": 0.0217749064, "incomeTaxExpense": 7917000, "netIncome": 23243000, "netIncomeRatio": 0.016242431, "eps": 2.55, "epsdiluted": 2.55, "weightedAverageShsOut": 9103000, "weightedAverageShsOutDil": 9120000, "link": "https://www.sec.gov/Archives/edgar/data/317540/000119312507054274/0001193125-07-054274-index.htm", "finalLink": "https://www.sec.gov/Archives/edgar/data/317540/000119312507054274/d10k.htm", "calculatedOtherExpenses": 550000, "calculatedOperatingExpenses": 537915000, "calculatedNetInterest": -50286000, "calculatedOtherIncome": -3218000, "calculatedIncomeNonControlling": 0, "calculatedEbitda": 152548000}, {"date": "2005-12-31", "symbol": "COKE", "reportedCurrency": "USD", "cik": "0000317540", "fillingDate": "2006-03-16", "acceptedDate": "2006-03-16 11:49:01", "calendarYear": "2005", "period": "FY", "revenue": 1380172000, "costOfRevenue": 752409000, "grossProfit": 627763000, "grossProfitRatio": 0.4548440339, "researchAndDevelopmentExpenses": 0, "generalAndAdministrativeExpenses": 0, "sellingAndMarketingExpenses": 0, "sellingGeneralAndAdministrativeExpenses": 466533000, "otherExpenses": 69102000, "operatingExpenses": 535635000, "costAndExpenses": 1288044000, "interestIncome": 0, "interestExpense": 49279000, "depreciationAndAmortization": 69390000, "ebitda": 161518000, "ebitdaratio": 0.117027443, "operatingIncome": 92128000, "operatingIncomeRatio": 0.0667511006, "totalOtherIncomeExpensesNet": -4097000, "incomeBeforeTax": 38752000, "incomeBeforeTaxRatio": 0.0280776599, "incomeTaxExpense": 15801000, "netIncome": 22951000, "netIncomeRatio": 0.0166290868, "eps": 2.53, "epsdiluted": 2.53, "weightedAverageShsOut": 9083000, "weightedAverageShsOutDil": 9083000, "link": "https://www.sec.gov/Archives/edgar/data/317540/000119312506056163/0001193125-06-056163-index.htm", "finalLink": "https://www.sec.gov/Archives/edgar/data/317540/000119312506056163/d10k.htm", "calculatedOtherExpenses": 69102000, "calculatedOperatingExpenses": 535635000, "calculatedNetInterest": -49279000, "calculatedOtherIncome": -4097000, "calculatedIncomeNonControlling": 0, "calculatedEbitda": 161518000}, {"date": "2004-12-31", "symbol": "COKE", "reportedCurrency": "USD", "cik": "0000317540", "fillingDate": "2005-03-15", "acceptedDate": "2005-03-15 16:37:44", "calendarYear": "2004", "period": "FY", "revenue": 1256482000, "costOfRevenue": 656272000, "grossProfit": 600210000, "grossProfitRatio": 0.4776908861, "researchAndDevelopmentExpenses": 0, "generalAndAdministrativeExpenses": 0, "sellingAndMarketingExpenses": 0, "sellingGeneralAndAdministrativeExpenses": 441946000, "otherExpenses": 73915000, "operatingExpenses": 515861000, "costAndExpenses": 1172133000, "interestIncome": 0, "interestExpense": 43983000, "depreciationAndAmortization": 73071000, "ebitda": 158264000, "ebitdaratio": 0.125958032, "operatingIncome": 84349000, "operatingIncomeRatio": 0.067131085, "totalOtherIncomeExpensesNet": -3816000, "incomeBeforeTax": 36550000, "incomeBeforeTaxRatio": 0.0290891553, "incomeTaxExpense": 14702000, "netIncome": 21848000, "netIncomeRatio": 0.0173882316, "eps": 2.41, "epsdiluted": 2.41, "weightedAverageShsOut": 6645420, "weightedAverageShsOutDil": 9063000, "link": "https://www.sec.gov/Archives/edgar/data/317540/000119312505051117/0001193125-05-051117-index.htm", "finalLink": "https://www.sec.gov/Archives/edgar/data/317540/000119312505051117/d10k.htm", "calculatedOtherExpenses": 73915000, "calculatedOperatingExpenses": 515861000, "calculatedNetInterest": -43983000, "calculatedOtherIncome": -3816000, "calculatedIncomeNonControlling": 0, "calculatedEbitda": 157420000}, {"date": "2003-12-28", "symbol": "COKE", "reportedCurrency": "USD", "cik": "0000317540", "fillingDate": "2004-03-11", "acceptedDate": "2004-03-11 15:20:37", "calendarYear": "2003", "period": "FY", "revenue": 1210765000, "costOfRevenue": 625448000, "grossProfit": 585317000, "grossProfitRatio": 0.4834274199, "researchAndDevelopmentExpenses": 0, "generalAndAdministrativeExpenses": 0, "sellingAndMarketingExpenses": 0, "sellingGeneralAndAdministrativeExpenses": 422456000, "otherExpenses": 79590000, "operatingExpenses": 502046000, "costAndExpenses": 1127494000, "interestIncome": 0, "interestExpense": 41914000, "depreciationAndAmortization": 78590000, "ebitda": 162861000, "ebitdaratio": 0.1345108258, "operatingIncome": 83271000, "operatingIncomeRatio": 0.0687755262, "totalOtherIncomeExpensesNet": -3297000, "incomeBeforeTax": 38060000, "incomeBeforeTaxRatio": 0.0314346715, "incomeTaxExpense": 7357000, "netIncome": 30703000, "netIncomeRatio": 0.0253583478, "eps": 3.4, "epsdiluted": 3.4, "weightedAverageShsOut": 6643000, "weightedAverageShsOutDil": 9043000, "link": "https://www.sec.gov/Archives/edgar/data/317540/000119312504039101/0001193125-04-039101-index.htm", "finalLink": "https://www.sec.gov/Archives/edgar/data/317540/000119312504039101/d10k.htm", "calculatedOtherExpenses": 79590000, "calculatedOperatingExpenses": 502046000, "calculatedNetInterest": -41914000, "calculatedOtherIncome": -3297000, "calculatedIncomeNonControlling": 0, "calculatedEbitda": 161861000}, {"date": "2002-12-29", "symbol": "COKE", "reportedCurrency": "USD", "cik": "0000317540", "fillingDate": "2003-03-28", "acceptedDate": "2003-03-28 15:36:58", "calendarYear": "2002", "period": "FY", "revenue": 1246591000, "costOfRevenue": 667260000, "grossProfit": 579331000, "grossProfitRatio": 0.4647322177, "researchAndDevelopmentExpenses": 0, "generalAndAdministrativeExpenses": 0, "sellingAndMarketingExpenses": 0, "sellingGeneralAndAdministrativeExpenses": 404194000, "otherExpenses": 78871000, "operatingExpenses": 483065000, "costAndExpenses": 1150325000, "interestIncome": 0, "interestExpense": 49120000, "depreciationAndAmortization": 77753000, "ebitda": 178221000, "ebitdaratio": 0.1429666988, "operatingIncome": 96266000, "operatingIncomeRatio": 0.0772234037, "totalOtherIncomeExpensesNet": -3084000, "incomeBeforeTax": 38070000, "incomeBeforeTaxRatio": 0.0305392867, "incomeTaxExpense": 15247000, "netIncome": 22823000, "netIncomeRatio": 0.0183083305, "eps": 2.58, "epsdiluted": 2.56, "weightedAverageShsOut": 6481000, "weightedAverageShsOutDil": 8921000, "link": "https://www.sec.gov/Archives/edgar/data/317540/000095010903001827/0000950109-03-001827-index.htm", "finalLink": "https://www.sec.gov/Archives/edgar/data/317540/000095010903001827/d10k.htm", "calculatedOtherExpenses": 78871000, "calculatedOperatingExpenses": 483065000, "calculatedNetInterest": -49120000, "calculatedOtherIncome": -9076000, "calculatedIncomeNonControlling": 0, "calculatedEbitda": 174019000}, {"date": "2001-12-30", "symbol": "COKE", "reportedCurrency": "USD", "cik": "0000317540", "fillingDate": "2002-03-26", "acceptedDate": "2002-03-26 00:00:00", "calendarYear": "2001", "period": "FY", "revenue": 1022686000, "costOfRevenue": 555570000, "grossProfit": 467116000, "grossProfitRatio": 0.456754077, "researchAndDevelopmentExpenses": 0, "generalAndAdministrativeExpenses": 0, "sellingAndMarketingExpenses": 0, "sellingGeneralAndAdministrativeExpenses": 323668000, "otherExpenses": 81430000, "operatingExpenses": 405098000, "costAndExpenses": 960668000, "interestIncome": 0, "interestExpense": 44322000, "depreciationAndAmortization": 81077000, "ebitda": 149448000, "ebitdaratio": 0.1461328306, "operatingIncome": 62018000, "operatingIncomeRatio": 0.0606422695, "totalOtherIncomeExpensesNet": -6000000, "incomeBeforeTax": 11696000, "incomeBeforeTaxRatio": 0.0114365504, "incomeTaxExpense": 2226000, "netIncome": 9470000, "netIncomeRatio": 0.0092599292, "eps": 1.08, "epsdiluted": 1.07, "weightedAverageShsOut": 8753000, "weightedAverageShsOutDil": 8821000, "link": "https://www.sec.gov/Archives/edgar/data/317540/000095016802000491/0000950168-02-000491-index.htm", "finalLink": "https://www.sec.gov/Archives/edgar/data/317540/000095016802000491/d10k405.txt", "calculatedOtherExpenses": 81430000, "calculatedOperatingExpenses": 405098000, "calculatedNetInterest": -44322000, "calculatedOtherIncome": -6000000, "calculatedIncomeNonControlling": 0, "calculatedEbitda": 143095000}, {"date": "2000-12-31", "symbol": "COKE", "reportedCurrency": "USD", "cik": "0000317540", "fillingDate": "2001-03-29", "acceptedDate": "2001-03-29 00:00:00", "calendarYear": "2000", "period": "FY", "revenue": 995134000, "costOfRevenue": 530122000, "grossProfit": 465012000, "grossProfitRatio": 0.4672858128, "researchAndDevelopmentExpenses": 0, "generalAndAdministrativeExpenses": 0, "sellingAndMarketingExpenses": 0, "sellingGeneralAndAdministrativeExpenses": 323223000, "otherExpenses": 79582000, "operatingExpenses": 402805000, "costAndExpenses": 932927000, "interestIncome": 974000, "interestExpense": 53346000, "depreciationAndAmortization": 79582000, "ebitda": 141789000, "ebitdaratio": 0.142482319, "operatingIncome": 62207000, "operatingIncomeRatio": 0.0625111794, "totalOtherIncomeExpensesNet": -52372000, "incomeBeforeTax": 9835000, "incomeBeforeTaxRatio": 0.0098830911, "incomeTaxExpense": 3541000, "netIncome": 6294000, "netIncomeRatio": 0.0063247764, "eps": 0.72, "epsdiluted": 0.71, "weightedAverageShsOut": 8733000, "weightedAverageShsOutDil": 8822000, "link": "https://www.sec.gov/Archives/edgar/data/317540/000095016801000629/0000950168-01-000629-index.htm", "finalLink": "https://www.sec.gov/Archives/edgar/data/317540/000095016801000629/0000950168-01-000629-0001.txt", "calculatedOtherExpenses": 79582000, "calculatedOperatingExpenses": 402805000, "calculatedNetInterest": -52372000, "calculatedOtherIncome": 0, "calculatedIncomeNonControlling": 0, "calculatedEbitda": 141789000}, {"date": "1999-12-31", "symbol": "COKE", "reportedCurrency": "USD", "cik": "0000317540", "fillingDate": "2000-03-31", "acceptedDate": "2000-03-31 00:00:00", "calendarYear": "1999", "period": "FY", "revenue": 972551000, "costOfRevenue": 542840000, "grossProfit": 429711000, "grossProfitRatio": 0.4418390398, "researchAndDevelopmentExpenses": 0, "generalAndAdministrativeExpenses": 0, "sellingAndMarketingExpenses": 0, "sellingGeneralAndAdministrativeExpenses": 291907000, "otherExpenses": 74574000, "operatingExpenses": 366481000, "costAndExpenses": 909321000, "interestIncome": 0, "interestExpense": 65907000, "depreciationAndAmortization": 74574000, "ebitda": 145467000, "ebitdaratio": 0.1495726188, "operatingIncome": 63230000, "operatingIncomeRatio": 0.0650145854, "totalOtherIncomeExpensesNet": -7663000, "incomeBeforeTax": 4986000, "incomeBeforeTaxRatio": 0.0051267234, "incomeTaxExpense": 1745000, "netIncome": 3241000, "netIncomeRatio": 0.0033324731, "eps": 0.38, "epsdiluted": 0.37, "weightedAverageShsOut": 8588000, "weightedAverageShsOutDil": 8708000, "link": "https://www.sec.gov/Archives/edgar/data/317540/000095016800000898/0000950168-00-000898-index.htm", "finalLink": "https://www.sec.gov/Archives/edgar/data/317540/000095016800000898/", "calculatedOtherExpenses": 74574000, "calculatedOperatingExpenses": 366481000, "calculatedNetInterest": -65907000, "calculatedOtherIncome": 7663000, "calculatedIncomeNonControlling": 0, "calculatedEbitda": 137804000}, {"date": "1998-12-31", "symbol": "COKE", "reportedCurrency": "USD", "cik": "0000317540", "fillingDate": "1999-04-01", "acceptedDate": "1999-04-01 00:00:00", "calendarYear": "1998", "period": "FY", "revenue": 928500000, "costOfRevenue": 534900000, "grossProfit": 393600000, "grossProfitRatio": 0.4239095315, "researchAndDevelopmentExpenses": 0, "generalAndAdministrativeExpenses": 0, "sellingAndMarketingExpenses": 0, "sellingGeneralAndAdministrativeExpenses": 276200000, "otherExpenses": 50100000, "operatingExpenses": 326300000, "costAndExpenses": 861200000, "interestIncome": 0, "interestExpense": 39900000, "depreciationAndAmortization": 50100000, "ebitda": 121500000, "ebitdaratio": 0.1308562197, "operatingIncome": 67300000, "operatingIncomeRatio": 0.0724824987, "totalOtherIncomeExpensesNet": -4100000, "incomeBeforeTax": 23300000, "incomeBeforeTaxRatio": 0.025094238, "incomeTaxExpense": 8400000, "netIncome": 14900000, "netIncomeRatio": 0.0160473883, "eps": 1.78, "epsdiluted": 1.75, "weightedAverageShsOut": 8365000, "weightedAverageShsOutDil": 8495000, "link": "https://www.sec.gov/Archives/edgar/data/317540/000095016899001069/0000950168-99-001069-index.htm", "finalLink": "https://www.sec.gov/Archives/edgar/data/317540/", "calculatedOtherExpenses": 50100000, "calculatedOperatingExpenses": 326300000, "calculatedNetInterest": -39900000, "calculatedOtherIncome": -4100000, "calculatedIncomeNonControlling": 0, "calculatedEbitda": 117400000}, {"date": "1997-12-28", "symbol": "COKE", "reportedCurrency": "USD", "cik": "0000317540", "fillingDate": "1998-03-27", "acceptedDate": "1998-03-27 00:00:00", "calendarYear": "1997", "period": "FY", "revenue": 802100000, "costOfRevenue": 452300000, "grossProfit": 349800000, "grossProfitRatio": 0.4361052238, "researchAndDevelopmentExpenses": 0, "generalAndAdministrativeExpenses": 0, "sellingAndMarketingExpenses": 0, "sellingGeneralAndAdministrativeExpenses": 239900000, "otherExpenses": 46600000, "operatingExpenses": 286500000, "costAndExpenses": 738800000, "interestIncome": 0, "interestExpense": 40600000, "depreciationAndAmortization": 46600000, "ebitda": 111500000, "ebitdaratio": 0.1390100985, "operatingIncome": 63300000, "operatingIncomeRatio": 0.0789178407, "totalOtherIncomeExpensesNet": -1600000, "incomeBeforeTax": 24300000, "incomeBeforeTaxRatio": 0.0302954744, "incomeTaxExpense": 9000000, "netIncome": 15300000, "netIncomeRatio": 0.0190749283, "eps": 1.82, "epsdiluted": 1.79, "weightedAverageShsOut": 8407000, "weightedAverageShsOutDil": 8509000, "link": "https://www.sec.gov/Archives/edgar/data/317540/000095016898000895/0000950168-98-000895-index.htm", "finalLink": "https://www.sec.gov/Archives/edgar/data/317540/", "calculatedOtherExpenses": 46600000, "calculatedOperatingExpenses": 286500000, "calculatedNetInterest": -40600000, "calculatedOtherIncome": 1600000, "calculatedIncomeNonControlling": 0, "calculatedEbitda": 109900000}, {"date": "1996-12-29", "symbol": "COKE", "reportedCurrency": "USD", "cik": "0000317540", "fillingDate": "1997-03-25", "acceptedDate": "1997-03-25 00:00:00", "calendarYear": "1996", "period": "FY", "revenue": 773800000, "costOfRevenue": 436000000, "grossProfit": 337800000, "grossProfitRatio": 0.4365469113, "researchAndDevelopmentExpenses": 0, "generalAndAdministrativeExpenses": 0, "sellingAndMarketingExpenses": 0, "sellingGeneralAndAdministrativeExpenses": 236500000, "otherExpenses": 40700000, "operatingExpenses": 277200000, "costAndExpenses": 713200000, "interestIncome": 0, "interestExpense": 30400000, "depreciationAndAmortization": 40700000, "ebitda": 105700000, "ebitdaratio": 0.1365986043, "operatingIncome": 60600000, "operatingIncomeRatio": 0.07831481, "totalOtherIncomeExpensesNet": -4400000, "incomeBeforeTax": 25800000, "incomeBeforeTaxRatio": 0.0333419488, "incomeTaxExpense": 9600000, "netIncome": 16200000, "netIncomeRatio": 0.0209356423, "eps": 1.74, "epsdiluted": 1.74, "weightedAverageShsOut": 9280000, "weightedAverageShsOutDil": 9392265, "link": "https://www.sec.gov/Archives/edgar/data/317540/000095016897000681/0000950168-97-000681-index.html", "finalLink": "https://www.sec.gov/Archives/edgar/data/317540/", "calculatedOtherExpenses": 40700000, "calculatedOperatingExpenses": 277200000, "calculatedNetInterest": -30400000, "calculatedOtherIncome": -4400000, "calculatedIncomeNonControlling": 0, "calculatedEbitda": 101300000}, {"date": "1995-12-31", "symbol": "COKE", "reportedCurrency": "USD", "cik": "0000317540", "fillingDate": "1996-03-27", "acceptedDate": "1996-03-27 00:00:00", "calendarYear": "1995", "period": "FY", "revenue": 761900000, "costOfRevenue": 447600000, "grossProfit": 314300000, "grossProfitRatio": 0.4125213283, "researchAndDevelopmentExpenses": 0, "generalAndAdministrativeExpenses": 0, "sellingAndMarketingExpenses": 0, "sellingGeneralAndAdministrativeExpenses": 213600000, "otherExpenses": 39000000, "operatingExpenses": 252600000, "costAndExpenses": 700200000, "interestIncome": 0, "interestExpense": 33100000, "depreciationAndAmortization": 39000000, "ebitda": 104100000, "ebitdaratio": 0.136632104, "operatingIncome": 61700000, "operatingIncomeRatio": 0.0809817561, "totalOtherIncomeExpensesNet": -3400000, "incomeBeforeTax": 25200000, "incomeBeforeTaxRatio": 0.0330752067, "incomeTaxExpense": 9700000, "netIncome": 10500000, "netIncomeRatio": 0.0137813361, "eps": 1.13, "epsdiluted": 1.13, "weightedAverageShsOut": 9294000, "weightedAverageShsOutDil": 9303797, "link": "https://www.sec.gov/Archives/edgar/data/317540/000095016896000508/0000950168-96-000508-index.htm", "finalLink": "https://www.sec.gov/Archives/edgar/data/317540/", "calculatedOtherExpenses": 39000000, "calculatedOperatingExpenses": 252600000, "calculatedNetInterest": -33100000, "calculatedOtherIncome": -3400000, "calculatedIncomeNonControlling": 5000000, "calculatedEbitda": 100700000}, {"date": "1994-12-31", "symbol": "COKE", "reportedCurrency": "USD", "cik": "0000317540", "fillingDate": "1995-04-03", "acceptedDate": "1995-04-03 00:00:00", "calendarYear": "1994", "period": "FY", "revenue": 723900000, "costOfRevenue": 427100000, "grossProfit": 296800000, "grossProfitRatio": 0.4100013814, "researchAndDevelopmentExpenses": 0, "generalAndAdministrativeExpenses": 0, "sellingAndMarketingExpenses": 0, "sellingGeneralAndAdministrativeExpenses": 204600000, "otherExpenses": 36500000, "operatingExpenses": 241100000, "costAndExpenses": 668200000, "interestIncome": 0, "interestExpense": 31400000, "depreciationAndAmortization": 36500000, "ebitda": 92100000, "ebitdaratio": 0.1272275176, "operatingIncome": 55700000, "operatingIncomeRatio": 0.0769443293, "totalOtherIncomeExpensesNet": 100000, "incomeBeforeTax": 24300000, "incomeBeforeTaxRatio": 0.0335681724, "incomeTaxExpense": 10200000, "netIncome": 11900000, "netIncomeRatio": 0.0164387346, "eps": 1.28, "epsdiluted": 1.28, "weightedAverageShsOut": 9294000, "weightedAverageShsOutDil": 9316239, "link": "https://www.sec.gov/Archives/edgar/data/317540/000095016895000274/0000950168-95-000274-index.htm", "finalLink": "https://www.sec.gov/Archives/edgar/data/317540/0000950168-95-000274.txt", "calculatedOtherExpenses": 36500000, "calculatedOperatingExpenses": 241100000, "calculatedNetInterest": -31400000, "calculatedOtherIncome": 0, "calculatedIncomeNonControlling": 2200000, "calculatedEbitda": 92200000}, {"date": "1993-12-31", "symbol": "COKE", "reportedCurrency": "USD", "cik": "0000317540", "fillingDate": "1994-04-01", "acceptedDate": "1994-04-01 00:00:00", "calendarYear": "1993", "period": "FY", "revenue": 687000000, "costOfRevenue": 395600000, "grossProfit": 291400000, "grossProfitRatio": 0.4241630277, "researchAndDevelopmentExpenses": 0, "generalAndAdministrativeExpenses": 0, "sellingAndMarketingExpenses": 0, "sellingGeneralAndAdministrativeExpenses": 195500000, "otherExpenses": 38600000, "operatingExpenses": 234100000, "costAndExpenses": 629700000, "interestIncome": 0, "interestExpense": 31000000, "depreciationAndAmortization": 38600000, "ebitda": 98200000, "ebitdaratio": 0.1429403202, "operatingIncome": 57300000, "operatingIncomeRatio": 0.0834061135, "totalOtherIncomeExpensesNet": -2300000, "incomeBeforeTax": 24000000, "incomeBeforeTaxRatio": 0.0349344978, "incomeTaxExpense": 9200000, "netIncome": 14800000, "netIncomeRatio": 0.0215429403, "eps": 1.6, "epsdiluted": 1.6, "weightedAverageShsOut": 9250000, "weightedAverageShsOutDil": 9250000, "link": "https://www.sec.gov/Archives/edgar/data/317540/000095016894000106/0000950168-94-000106-index.htm", "finalLink": "https://www.sec.gov/Archives/edgar/data/317540/", "calculatedOtherExpenses": 38600000, "calculatedOperatingExpenses": 234100000, "calculatedNetInterest": -31000000, "calculatedOtherIncome": -2300000, "calculatedIncomeNonControlling": 0, "calculatedEbitda": 95900000}, {"date": "1992-12-31", "symbol": "COKE", "reportedCurrency": "USD", "cik": "0000317540", "fillingDate": "1992-12-31", "acceptedDate": "1992-12-31 00:00:00", "calendarYear": "1992", "period": "FY", "revenue": 655800000, "costOfRevenue": 372900000, "grossProfit": 282900000, "grossProfitRatio": 0.4313815188, "researchAndDevelopmentExpenses": 0, "generalAndAdministrativeExpenses": 0, "sellingAndMarketingExpenses": 0, "sellingGeneralAndAdministrativeExpenses": 198500000, "otherExpenses": 40500000, "operatingExpenses": 239000000, "costAndExpenses": 611900000, "interestIncome": 0, "interestExpense": 36900000, "depreciationAndAmortization": 40500000, "ebitda": 86500000, "ebitdaratio": 0.1318999695, "operatingIncome": 43900000, "operatingIncomeRatio": 0.0669411406, "totalOtherIncomeExpensesNet": -2100000, "incomeBeforeTax": 4900000, "incomeBeforeTaxRatio": 0.0074717902, "incomeTaxExpense": 2800000, "netIncome": -114100000, "netIncomeRatio": -0.1739859713, "eps": -12.43, "epsdiluted": -12.43, "weightedAverageShsOut": 9181000, "weightedAverageShsOutDil": 9181000, "link": null, "finalLink": null, "calculatedOtherExpenses": 40500000, "calculatedOperatingExpenses": 239000000, "calculatedNetInterest": -36900000, "calculatedOtherIncome": -2100000, "calculatedIncomeNonControlling": 116200000, "calculatedEbitda": 84400000}, {"date": "1991-12-31", "symbol": "COKE", "reportedCurrency": "USD", "cik": "0000317540", "fillingDate": "1991-12-31", "acceptedDate": "1991-12-31 00:00:00", "calendarYear": "1991", "period": "FY", "revenue": 464700000, "costOfRevenue": 262900000, "grossProfit": 201800000, "grossProfitRatio": 0.4342586615, "researchAndDevelopmentExpenses": 0, "generalAndAdministrativeExpenses": 0, "sellingAndMarketingExpenses": 0, "sellingGeneralAndAdministrativeExpenses": 145300000, "otherExpenses": 29700000, "operatingExpenses": 175000000, "costAndExpenses": 437900000, "interestIncome": 0, "interestExpense": 21600000, "depreciationAndAmortization": 29700000, "ebitda": 58900000, "ebitdaratio": 0.1267484399, "operatingIncome": 26800000, "operatingIncomeRatio": 0.0576716161, "totalOtherIncomeExpensesNet": -2400000, "incomeBeforeTax": 24400000, "incomeBeforeTaxRatio": 0.0525069938, "incomeTaxExpense": 4700000, "netIncome": 2900000, "netIncomeRatio": 0.0062405853, "eps": 0.32, "epsdiluted": 0.32, "weightedAverageShsOut": 6875000, "weightedAverageShsOutDil": 6875000, "link": null, "finalLink": null, "calculatedOtherExpenses": 29700000, "calculatedOperatingExpenses": 175000000, "calculatedNetInterest": -21600000, "calculatedOtherIncome": 19200000, "calculatedIncomeNonControlling": 16800000, "calculatedEbitda": 56500000}, {"date": "1990-12-31", "symbol": "COKE", "reportedCurrency": "USD", "cik": "0000317540", "fillingDate": "1990-12-31", "acceptedDate": "1990-12-31 00:00:00", "calendarYear": "1990", "period": "FY", "revenue": 431000000, "costOfRevenue": 240100000, "grossProfit": 190900000, "grossProfitRatio": 0.4429234339, "researchAndDevelopmentExpenses": 0, "generalAndAdministrativeExpenses": 0, "sellingAndMarketingExpenses": 0, "sellingGeneralAndAdministrativeExpenses": 131700000, "otherExpenses": 29500000, "operatingExpenses": 161200000, "costAndExpenses": 401300000, "interestIncome": 0, "interestExpense": 24100000, "depreciationAndAmortization": 29500000, "ebitda": 62600000, "ebitdaratio": 0.1452436195, "operatingIncome": 29700000, "operatingIncomeRatio": 0.0689095128, "totalOtherIncomeExpensesNet": -3400000, "incomeBeforeTax": 2200000, "incomeBeforeTaxRatio": 0.0051044084, "incomeTaxExpense": 2000000, "netIncome": 200000, "netIncomeRatio": 0.0004640371, "eps": -0.02, "epsdiluted": -0.02, "weightedAverageShsOut": 10000000, "weightedAverageShsOutDil": 10000000, "link": null, "finalLink": null, "calculatedOtherExpenses": 29500000, "calculatedOperatingExpenses": 161200000, "calculatedNetInterest": -24100000, "calculatedOtherIncome": -3400000, "calculatedIncomeNonControlling": 0, "calculatedEbitda": 59200000}, {"date": "1989-12-31", "symbol": "COKE", "reportedCurrency": "USD", "cik": "0000317540", "fillingDate": "1989-12-31", "acceptedDate": "1989-12-31 00:00:00", "calendarYear": "1989", "period": "FY", "revenue": 384300000, "costOfRevenue": 219500000, "grossProfit": 164800000, "grossProfitRatio": 0.4288316419, "researchAndDevelopmentExpenses": 0, "generalAndAdministrativeExpenses": 0, "sellingAndMarketingExpenses": 0, "sellingGeneralAndAdministrativeExpenses": 113500000, "otherExpenses": 27500000, "operatingExpenses": 141000000, "costAndExpenses": 360500000, "interestIncome": 0, "interestExpense": 24700000, "depreciationAndAmortization": 27500000, "ebitda": 52800000, "ebitdaratio": 0.137392662, "operatingIncome": 23800000, "operatingIncomeRatio": 0.0619307832, "totalOtherIncomeExpensesNet": -1500000, "incomeBeforeTax": -2400000, "incomeBeforeTaxRatio": -0.006245121, "incomeTaxExpense": 500000, "netIncome": -2900000, "netIncomeRatio": -0.0075461879, "eps": -0.32, "epsdiluted": -0.32, "weightedAverageShsOut": 9062500, "weightedAverageShsOutDil": 9062500, "link": null, "finalLink": null, "calculatedOtherExpenses": 27500000, "calculatedOperatingExpenses": 141000000, "calculatedNetInterest": -24700000, "calculatedOtherIncome": -1500000, "calculatedIncomeNonControlling": 0, "calculatedEbitda": 51300000}, {"date": "1988-12-31", "symbol": "COKE", "reportedCurrency": "USD", "cik": "0000317540", "fillingDate": "1988-12-31", "acceptedDate": "1988-12-31 00:00:00", "calendarYear": "1988", "period": "FY", "revenue": 328200000, "costOfRevenue": 186000000, "grossProfit": 142200000, "grossProfitRatio": 0.4332723949, "researchAndDevelopmentExpenses": 0, "generalAndAdministrativeExpenses": 0, "sellingAndMarketingExpenses": 0, "sellingGeneralAndAdministrativeExpenses": 93800000, "otherExpenses": 15500000, "operatingExpenses": 109300000, "costAndExpenses": 295300000, "interestIncome": 0, "interestExpense": 23500000, "depreciationAndAmortization": 15500000, "ebitda": 58900000, "ebitdaratio": 0.1794637416, "operatingIncome": 32900000, "operatingIncomeRatio": 0.1002437538, "totalOtherIncomeExpensesNet": -10500000, "incomeBeforeTax": -1000000, "incomeBeforeTaxRatio": -0.0030469226, "incomeTaxExpense": 800000, "netIncome": -1800000, "netIncomeRatio": -0.0054844607, "eps": -0.23, "epsdiluted": -0.23, "weightedAverageShsOut": 7826087, "weightedAverageShsOutDil": 7826087, "link": null, "finalLink": null, "calculatedOtherExpenses": 15500000, "calculatedOperatingExpenses": 109300000, "calculatedNetInterest": -23500000, "calculatedOtherIncome": -10400000, "calculatedIncomeNonControlling": 0, "calculatedEbitda": 48400000}, {"date": "1987-12-31", "symbol": "COKE", "reportedCurrency": "USD", "cik": "0000317540", "fillingDate": "1987-12-31", "acceptedDate": "1987-12-31 00:00:00", "calendarYear": "1987", "period": "FY", "revenue": 354400000, "costOfRevenue": 210900000, "grossProfit": 143500000, "grossProfitRatio": 0.4049097065, "researchAndDevelopmentExpenses": 0, "generalAndAdministrativeExpenses": 0, "sellingAndMarketingExpenses": 0, "sellingGeneralAndAdministrativeExpenses": 125200000, "otherExpenses": 18000000, "operatingExpenses": 143200000, "costAndExpenses": 354100000, "interestIncome": 0, "interestExpense": 37400000, "depreciationAndAmortization": 18000000, "ebitda": 23800000, "ebitdaratio": 0.0671557562, "operatingIncome": 300000, "operatingIncomeRatio": 0.0008465011, "totalOtherIncomeExpensesNet": -5500000, "incomeBeforeTax": -31600000, "incomeBeforeTaxRatio": -0.0891647856, "incomeTaxExpense": -9900000, "netIncome": -21700000, "netIncomeRatio": -0.0612302483, "eps": -2.96, "epsdiluted": -2.96, "weightedAverageShsOut": 7331081, "weightedAverageShsOutDil": 7331081, "link": null, "finalLink": null, "calculatedOtherExpenses": 18000000, "calculatedOperatingExpenses": 143200000, "calculatedNetInterest": -37400000, "calculatedOtherIncome": 5500000, "calculatedIncomeNonControlling": 0, "calculatedEbitda": 18300000}, {"date": "1986-12-31", "symbol": "COKE", "reportedCurrency": "USD", "cik": "0000317540", "fillingDate": "1986-12-31", "acceptedDate": "1986-12-31 00:00:00", "calendarYear": "1986", "period": "FY", "revenue": 390300000, "costOfRevenue": 227800000, "grossProfit": 162500000, "grossProfitRatio": 0.4163464002, "researchAndDevelopmentExpenses": 0, "generalAndAdministrativeExpenses": 0, "sellingAndMarketingExpenses": 0, "sellingGeneralAndAdministrativeExpenses": 137700000, "otherExpenses": 17600000, "operatingExpenses": 155300000, "costAndExpenses": 383100000, "interestIncome": 0, "interestExpense": 32600000, "depreciationAndAmortization": 17600000, "ebitda": 22800000, "ebitdaratio": 0.0584166026, "operatingIncome": 7200000, "operatingIncomeRatio": 0.0184473482, "totalOtherIncomeExpensesNet": 2000000, "incomeBeforeTax": -23500000, "incomeBeforeTaxRatio": -0.0602100948, "incomeTaxExpense": -10500000, "netIncome": -13000000, "netIncomeRatio": -0.033307712, "eps": -2.01, "epsdiluted": -2.01, "weightedAverageShsOut": 6467662, "weightedAverageShsOutDil": 6467662, "link": null, "finalLink": null, "calculatedOtherExpenses": 17600000, "calculatedOperatingExpenses": 155300000, "calculatedNetInterest": -32600000, "calculatedOtherIncome": 1900000, "calculatedIncomeNonControlling": 0, "calculatedEbitda": 24800000}, {"date": "1985-12-31", "symbol": "COKE", "reportedCurrency": "USD", "cik": "0000317540", "fillingDate": "1985-12-31", "acceptedDate": "1985-12-31 00:00:00", "calendarYear": "1985", "period": "FY", "revenue": 339900000, "costOfRevenue": 185100000, "grossProfit": 154800000, "grossProfitRatio": 0.4554280671, "researchAndDevelopmentExpenses": 0, "generalAndAdministrativeExpenses": 0, "sellingAndMarketingExpenses": 0, "sellingGeneralAndAdministrativeExpenses": 100800000, "otherExpenses": 12300000, "operatingExpenses": 113100000, "costAndExpenses": 298200000, "interestIncome": 0, "interestExpense": 27800000, "depreciationAndAmortization": 12300000, "ebitda": 56100000, "ebitdaratio": 0.1650485437, "operatingIncome": 41700000, "operatingIncomeRatio": 0.1226831421, "totalOtherIncomeExpensesNet": -2100000, "incomeBeforeTax": 11700000, "incomeBeforeTaxRatio": 0.0344218888, "incomeTaxExpense": 3200000, "netIncome": 9000000, "netIncomeRatio": 0.026478376, "eps": 1.59, "epsdiluted": 1.59, "weightedAverageShsOut": 5660377, "weightedAverageShsOutDil": 5660377, "link": null, "finalLink": null, "calculatedOtherExpenses": 12300000, "calculatedOperatingExpenses": 113100000, "calculatedNetInterest": -27800000, "calculatedOtherIncome": -2200000, "calculatedIncomeNonControlling": -500000, "calculatedEbitda": 54000000}]}