{"originalCurrency": "USD", "convertedCurrency": "USD", "report": [{"date": "2023-12-31", "symbol": "COLB", "reportedCurrency": "USD", "cik": "0000887343", "fillingDate": "2024-02-27", "acceptedDate": "2024-02-27 16:32:26", "calendarYear": "2023", "period": "FY", "revenue": 2721996000, "costOfRevenue": 203927000, "grossProfit": 2518069000, "grossProfitRatio": 0.925081815, "researchAndDevelopmentExpenses": 0, "generalAndAdministrativeExpenses": 687505000, "sellingAndMarketingExpenses": 11399000, "sellingGeneralAndAdministrativeExpenses": 698904000, "otherExpenses": -341458000, "operatingExpenses": 341458000, "costAndExpenses": 2104851999, "interestIncome": 2526224000, "interestExpense": 280579000, "depreciationAndAmortization": 140596000, "ebitda": 471199000, "ebitdaratio": 0.1731078958, "operatingIncome": 471199000, "operatingIncomeRatio": 0.1731078958, "totalOtherIncomeExpensesNet": 471199000, "incomeBeforeTax": 471199000, "incomeBeforeTaxRatio": 0.1731078958, "incomeTaxExpense": 122484000, "netIncome": 348715000, "netIncomeRatio": 0.128110034, "eps": 1.79, "epsdiluted": 1.78, "weightedAverageShsOut": 195304000, "weightedAverageShsOutDil": 195871000, "link": "https://www.sec.gov/Archives/edgar/data/887343/000088734324000089/0000887343-24-000089-index.htm", "finalLink": "https://www.sec.gov/Archives/edgar/data/887343/000088734324000089/colb-20231231.htm", "calculatedOtherExpenses": 1347966000, "calculatedOperatingExpenses": 2046870000, "calculatedNetInterest": 2245645000, "calculatedOtherIncome": -2245645000, "calculatedIncomeNonControlling": 0, "calculatedEbitda": 611795000}, {"date": "2022-12-31", "symbol": "COLB", "reportedCurrency": "USD", "cik": "0000887343", "fillingDate": "2023-02-24", "acceptedDate": "2023-02-24 17:13:34", "calendarYear": "2022", "period": "FY", "revenue": 547564000, "costOfRevenue": 0, "grossProfit": 547564000, "grossProfitRatio": 1, "researchAndDevelopmentExpenses": 0, "generalAndAdministrativeExpenses": 455190000, "sellingAndMarketingExpenses": 6540000, "sellingGeneralAndAdministrativeExpenses": 455190000, "otherExpenses": -112968000, "operatingExpenses": 24540000, "costAndExpenses": 24540000, "interestIncome": 1147579000, "interestExpense": 78001000, "depreciationAndAmortization": 4095000, "ebitda": 390310000, "ebitdaratio": 0.7128116531, "operatingIncome": 386215000, "operatingIncomeRatio": 0.7053330752, "totalOtherIncomeExpensesNet": 64363000, "incomeBeforeTax": 450578000, "incomeBeforeTaxRatio": 0.8228773258, "incomeTaxExpense": 113826000, "netIncome": 336752000, "netIncomeRatio": 0.6150002557, "eps": 2.6, "epsdiluted": 2.6, "weightedAverageShsOut": 129276999, "weightedAverageShsOutDil": 129732000, "link": "https://www.sec.gov/Archives/edgar/data/887343/000088734323000072/0000887343-23-000072-index.htm", "finalLink": "https://www.sec.gov/Archives/edgar/data/887343/000088734323000072/colb-20221231.htm", "calculatedOtherExpenses": -293841000, "calculatedOperatingExpenses": 161349000, "calculatedNetInterest": 1069578000, "calculatedOtherIncome": -1005215000, "calculatedIncomeNonControlling": 0, "calculatedEbitda": 390310000}, {"date": "2021-12-31", "symbol": "COLB", "reportedCurrency": "USD", "cik": "0000887343", "fillingDate": "2022-02-25", "acceptedDate": "2022-02-25 16:01:40", "calendarYear": "2021", "period": "FY", "revenue": 1275965000, "costOfRevenue": 0, "grossProfit": 1275965000, "grossProfitRatio": 1, "researchAndDevelopmentExpenses": 0, "generalAndAdministrativeExpenses": 490058000, "sellingAndMarketingExpenses": 7381000, "sellingGeneralAndAdministrativeExpenses": 490058000, "otherExpenses": -1207863000, "operatingExpenses": -717805000, "costAndExpenses": -717805000, "interestIncome": 960725000, "interestExpense": 42396000, "depreciationAndAmortization": 4520000, "ebitda": 562680000, "ebitdaratio": 0.4409838828, "operatingIncome": 558160000, "operatingIncomeRatio": 0.4374414659, "totalOtherIncomeExpensesNet": 256509000, "incomeBeforeTax": 558160000, "incomeBeforeTaxRatio": 0.4374414659, "incomeTaxExpense": 137860000, "netIncome": 420300000, "netIncomeRatio": 0.3293977499, "eps": 2.79, "epsdiluted": 2.78, "weightedAverageShsOut": 72683000, "weightedAverageShsOutDil": 72873000, "link": "https://www.sec.gov/Archives/edgar/data/887343/000088734322000038/0000887343-22-000038-index.htm", "finalLink": "https://www.sec.gov/Archives/edgar/data/887343/000088734322000038/colb-20211231.htm", "calculatedOtherExpenses": 227747000, "calculatedOperatingExpenses": 717805000, "calculatedNetInterest": 918329000, "calculatedOtherIncome": -918329000, "calculatedIncomeNonControlling": 0, "calculatedEbitda": 562680000}, {"date": "2020-12-31", "symbol": "COLB", "reportedCurrency": "USD", "cik": "0000887343", "fillingDate": "2021-02-26", "acceptedDate": "2021-02-26 16:06:53", "calendarYear": "2020", "period": "FY", "revenue": 1294528000, "costOfRevenue": 0, "grossProfit": 1294528000, "grossProfitRatio": 1, "researchAndDevelopmentExpenses": 0, "generalAndAdministrativeExpenses": 491763000, "sellingAndMarketingExpenses": 8313000, "sellingGeneralAndAdministrativeExpenses": 491763000, "otherExpenses": -3242711000, "operatingExpenses": -2750948000, "costAndExpenses": -2750948000, "interestIncome": 1010012000, "interestExpense": 130108000, "depreciationAndAmortization": 4986000, "ebitda": -1451434000, "ebitdaratio": -1.1212071118, "operatingIncome": -1456420000, "operatingIncomeRatio": -1.1250587087, "totalOtherIncomeExpensesNet": 192392000, "incomeBeforeTax": -1456420000, "incomeBeforeTaxRatio": -1.1250587087, "incomeTaxExpense": 67000000, "netIncome": -1523420000, "netIncomeRatio": -1.1768150245, "eps": -21.51, "epsdiluted": -21.49, "weightedAverageShsOut": 70835000, "weightedAverageShsOutDil": 70880000, "link": "https://www.sec.gov/Archives/edgar/data/887343/000088734321000065/0000887343-21-000065-index.htm", "finalLink": "https://www.sec.gov/Archives/edgar/data/887343/000088734321000065/colb-20201231.htm", "calculatedOtherExpenses": 2259185000, "calculatedOperatingExpenses": 2750948000, "calculatedNetInterest": 879904000, "calculatedOtherIncome": -879904000, "calculatedIncomeNonControlling": 0, "calculatedEbitda": -1451434000}, {"date": "2019-12-31", "symbol": "COLB", "reportedCurrency": "USD", "cik": "0000887343", "fillingDate": "2020-02-27", "acceptedDate": "2020-02-27 17:26:04", "calendarYear": "2019", "period": "FY", "revenue": 1256595000, "costOfRevenue": 0, "grossProfit": 1256595000, "grossProfitRatio": 1, "researchAndDevelopmentExpenses": 0, "generalAndAdministrativeExpenses": 431606000, "sellingAndMarketingExpenses": 13255000, "sellingGeneralAndAdministrativeExpenses": 431606000, "otherExpenses": -1219298000, "operatingExpenses": -787692000, "costAndExpenses": -787692000, "interestIncome": 1128807000, "interestExpense": 210442000, "depreciationAndAmortization": 5618000, "ebitda": 474521000, "ebitdaratio": 0.3776244534, "operatingIncome": 468903000, "operatingIncomeRatio": 0.3731536414, "totalOtherIncomeExpensesNet": 241611000, "incomeBeforeTax": 468903000, "incomeBeforeTaxRatio": 0.3731536414, "incomeTaxExpense": 114808000, "netIncome": 354095000, "netIncomeRatio": 0.2817892798, "eps": 2.68, "epsdiluted": 2.68, "weightedAverageShsOut": 71999000, "weightedAverageShsOutDil": 72032000, "link": "https://www.sec.gov/Archives/edgar/data/887343/000088734320000070/0000887343-20-000070-index.htm", "finalLink": "https://www.sec.gov/Archives/edgar/data/887343/000088734320000070/colb2019form10-k.htm", "calculatedOtherExpenses": 356086000, "calculatedOperatingExpenses": 787692000, "calculatedNetInterest": 918365000, "calculatedOtherIncome": -918365000, "calculatedIncomeNonControlling": 0, "calculatedEbitda": 474521000}, {"date": "2018-12-31", "symbol": "COLB", "reportedCurrency": "USD", "cik": "0000887343", "fillingDate": "2019-02-28", "acceptedDate": "2019-02-27 19:51:15", "calendarYear": "2018", "period": "FY", "revenue": 1217189000, "costOfRevenue": 650094000, "grossProfit": 567095000, "grossProfitRatio": 0.4659054592, "researchAndDevelopmentExpenses": 0, "generalAndAdministrativeExpenses": 441669000, "sellingAndMarketingExpenses": 11313000, "sellingGeneralAndAdministrativeExpenses": 441669000, "otherExpenses": -563047000, "operatingExpenses": -337029000, "costAndExpenses": -337029000, "interestIncome": 1065161000, "interestExpense": 128510000, "depreciationAndAmortization": 6166000, "ebitda": 263037000, "ebitdaratio": 0.2161020187, "operatingIncome": 230066000, "operatingIncomeRatio": 0.1890141958, "totalOtherIncomeExpensesNet": -18230000, "incomeBeforeTax": 422686000, "incomeBeforeTaxRatio": 0.347264065, "incomeTaxExpense": 106423000, "netIncome": 316263000, "netIncomeRatio": 0.2598306426, "eps": 1.44, "epsdiluted": 1.43, "weightedAverageShsOut": 220280000, "weightedAverageShsOutDil": 220737000, "link": "https://www.sec.gov/Archives/edgar/data/887343/000088734319000033/0000887343-19-000033-index.htm", "finalLink": "https://www.sec.gov/Archives/edgar/data/887343/000088734319000033/colb2018form10-k.htm", "calculatedOtherExpenses": -104640000, "calculatedOperatingExpenses": 337029000, "calculatedNetInterest": 936651000, "calculatedOtherIncome": -744031000, "calculatedIncomeNonControlling": 0, "calculatedEbitda": 236232000}, {"date": "2017-12-31", "symbol": "COLB", "reportedCurrency": "USD", "cik": "0000887343", "fillingDate": "2018-03-01", "acceptedDate": "2018-02-28 21:42:20", "calendarYear": "2017", "period": "FY", "revenue": 1139236000, "costOfRevenue": 675605000, "grossProfit": 463631000, "grossProfitRatio": 0.4069665987, "researchAndDevelopmentExpenses": 0, "generalAndAdministrativeExpenses": 453194000, "sellingAndMarketingExpenses": 8918000, "sellingGeneralAndAdministrativeExpenses": 453194000, "otherExpenses": -79142000, "operatingExpenses": 19617000, "costAndExpenses": 695222000, "interestIncome": 936613000, "interestExpense": 78216000, "depreciationAndAmortization": 6756000, "ebitda": 215841000, "ebitdaratio": 0.1894611828, "operatingIncome": 209085000, "operatingIncomeRatio": 0.1835308926, "totalOtherIncomeExpensesNet": 134465000, "incomeBeforeTax": 343550000, "incomeBeforeTaxRatio": 0.3015617484, "incomeTaxExpense": 96555000, "netIncome": 246995000, "netIncomeRatio": 0.2168075798, "eps": 1.12, "epsdiluted": 1.12, "weightedAverageShsOut": 220251000, "weightedAverageShsOutDil": 220836000, "link": "https://www.sec.gov/Archives/edgar/data/887343/000088734318000041/0000887343-18-000041-index.htm", "finalLink": "https://www.sec.gov/Archives/edgar/data/887343/000088734318000041/colb2017form10-k.htm", "calculatedOtherExpenses": -198648000, "calculatedOperatingExpenses": 254546000, "calculatedNetInterest": 858397000, "calculatedOtherIncome": -723932000, "calculatedIncomeNonControlling": 0, "calculatedEbitda": 215841000}, {"date": "2016-12-31", "symbol": "COLB", "reportedCurrency": "USD", "cik": "0000887343", "fillingDate": "2017-03-01", "acceptedDate": "2017-02-28 18:12:40", "calendarYear": "2016", "period": "FY", "revenue": 1144807000, "costOfRevenue": 727276000, "grossProfit": 417531000, "grossProfitRatio": 0.3647173716, "researchAndDevelopmentExpenses": 0, "generalAndAdministrativeExpenses": 440338000, "sellingAndMarketingExpenses": 10913000, "sellingGeneralAndAdministrativeExpenses": 440338000, "otherExpenses": -75376000, "operatingExpenses": 12487000, "costAndExpenses": 739763000, "interestIncome": 909240000, "interestExpense": 66051000, "depreciationAndAmortization": 8622000, "ebitda": 188673000, "ebitdaratio": 0.1648076925, "operatingIncome": 180051000, "operatingIncomeRatio": 0.157276292, "totalOtherIncomeExpensesNet": 185648000, "incomeBeforeTax": 365699000, "incomeBeforeTaxRatio": 0.3194416177, "incomeTaxExpense": 132759000, "netIncome": 232940000, "netIncomeRatio": 0.2034753456, "eps": 1.06, "epsdiluted": 1.05, "weightedAverageShsOut": 220282000, "weightedAverageShsOutDil": 220908000, "link": "https://www.sec.gov/Archives/edgar/data/887343/000088734317000049/0000887343-17-000049-index.htm", "finalLink": "https://www.sec.gov/Archives/edgar/data/887343/000088734317000049/colb2016form10-k.htm", "calculatedOtherExpenses": -202858000, "calculatedOperatingExpenses": 237480000, "calculatedNetInterest": 843189000, "calculatedOtherIncome": -657541000, "calculatedIncomeNonControlling": 0, "calculatedEbitda": 188673000}, {"date": "2015-12-31", "symbol": "COLB", "reportedCurrency": "USD", "cik": "0000887343", "fillingDate": "2016-02-29", "acceptedDate": "2016-02-26 18:00:40", "calendarYear": "2015", "period": "FY", "revenue": 1145464000, "costOfRevenue": 729104000, "grossProfit": 416360000, "grossProfitRatio": 0.3634858887, "researchAndDevelopmentExpenses": 0, "generalAndAdministrativeExpenses": 444416000, "sellingAndMarketingExpenses": 11419000, "sellingGeneralAndAdministrativeExpenses": 444416000, "otherExpenses": 0, "operatingExpenses": 14321000, "costAndExpenses": 743425000, "interestIncome": 929158000, "interestExpense": 58232000, "depreciationAndAmortization": 11225000, "ebitda": 175936000, "ebitdaratio": 0.1535936529, "operatingIncome": 164711000, "operatingIncomeRatio": 0.1437941306, "totalOtherIncomeExpensesNet": 183250000, "incomeBeforeTax": 347961000, "incomeBeforeTaxRatio": 0.3037729689, "incomeTaxExpense": 124911000, "netIncome": 223050000, "netIncomeRatio": 0.1947245832, "eps": 1.01, "epsdiluted": 1.01, "weightedAverageShsOut": 220327000, "weightedAverageShsOutDil": 221045000, "link": "https://www.sec.gov/Archives/edgar/data/887343/000088734316000045/0000887343-16-000045-index.htm", "finalLink": "https://www.sec.gov/Archives/edgar/data/887343/000088734316000045/colb2015pub10-k.htm", "calculatedOtherExpenses": -192767000, "calculatedOperatingExpenses": 251649000, "calculatedNetInterest": 870926000, "calculatedOtherIncome": -687676000, "calculatedIncomeNonControlling": 0, "calculatedEbitda": 175936000}, {"date": "2014-12-31", "symbol": "COLB", "reportedCurrency": "USD", "cik": "0000887343", "fillingDate": "2015-03-02", "acceptedDate": "2015-02-27 19:35:13", "calendarYear": "2014", "period": "FY", "revenue": 949004000, "costOfRevenue": 585206000, "grossProfit": 363798000, "grossProfitRatio": 0.3833471724, "researchAndDevelopmentExpenses": 0, "generalAndAdministrativeExpenses": 366377000, "sellingAndMarketingExpenses": 9504000, "sellingGeneralAndAdministrativeExpenses": 366377000, "otherExpenses": 0, "operatingExpenses": 15353000, "costAndExpenses": 600559000, "interestIncome": 822196000, "interestExpense": 48693000, "depreciationAndAmortization": 10207000, "ebitda": 166238000, "ebitdaratio": 0.1751710214, "operatingIncome": 156031000, "operatingIncomeRatio": 0.1644155346, "totalOtherIncomeExpensesNet": 72785000, "incomeBeforeTax": 228816000, "incomeBeforeTaxRatio": 0.241111734, "incomeTaxExpense": 81296000, "netIncome": 147520000, "netIncomeRatio": 0.1554471846, "eps": 0.79, "epsdiluted": 0.78, "weightedAverageShsOut": 186550000, "weightedAverageShsOutDil": 187544000, "link": "https://www.sec.gov/Archives/edgar/data/887343/000088734315000009/0000887343-15-000009-index.htm", "finalLink": "https://www.sec.gov/Archives/edgar/data/887343/000088734315000009/colb2014pub10-k.htm", "calculatedOtherExpenses": -158610000, "calculatedOperatingExpenses": 207767000, "calculatedNetInterest": 773503000, "calculatedOtherIncome": -700718000, "calculatedIncomeNonControlling": 0, "calculatedEbitda": 166238000}, {"date": "2013-12-31", "symbol": "COLB", "reportedCurrency": "USD", "cik": "0000887343", "fillingDate": "2014-03-03", "acceptedDate": "2014-02-28 19:18:29", "calendarYear": "2013", "period": "FY", "revenue": 525158000, "costOfRevenue": 207363000, "grossProfit": 317795000, "grossProfitRatio": 0.6051416907, "researchAndDevelopmentExpenses": 0, "generalAndAdministrativeExpenses": 216945000, "sellingAndMarketingExpenses": 6062000, "sellingGeneralAndAdministrativeExpenses": 216945000, "otherExpenses": 0, "operatingExpenses": 16428000, "costAndExpenses": 223791000, "interestIncome": 442594000, "interestExpense": 37881000, "depreciationAndAmortization": 4781000, "ebitda": 133281000, "ebitdaratio": 0.2537921921, "operatingIncome": 128500000, "operatingIncomeRatio": 0.2446882652, "totalOtherIncomeExpensesNet": 22529000, "incomeBeforeTax": 151029000, "incomeBeforeTaxRatio": 0.2875877355, "incomeTaxExpense": 52668000, "netIncome": 98361000, "netIncomeRatio": 0.187297918, "eps": 0.87, "epsdiluted": 0.87, "weightedAverageShsOut": 111938033, "weightedAverageShsOutDil": 112175700, "link": "https://www.sec.gov/Archives/edgar/data/887343/000088734314000008/0000887343-14-000008-index.htm", "finalLink": "https://www.sec.gov/Archives/edgar/data/887343/000088734314000008/colb2013pub10-k.htm", "calculatedOtherExpenses": -27650000, "calculatedOperatingExpenses": 189295000, "calculatedNetInterest": 404713000, "calculatedOtherIncome": -382184000, "calculatedIncomeNonControlling": 0, "calculatedEbitda": 133281000}, {"date": "2012-12-31", "symbol": "COLB", "reportedCurrency": "USD", "cik": "0000887343", "fillingDate": "2013-03-01", "acceptedDate": "2013-02-28 19:49:35", "calendarYear": "2012", "period": "FY", "revenue": 531410000, "costOfRevenue": 265425000, "grossProfit": 265985000, "grossProfitRatio": 0.5005269001, "researchAndDevelopmentExpenses": 0, "generalAndAdministrativeExpenses": 208254000, "sellingAndMarketingExpenses": 5064000, "sellingGeneralAndAdministrativeExpenses": 208254000, "otherExpenses": 0, "operatingExpenses": 12565000, "costAndExpenses": 277990000, "interestIncome": 456002000, "interestExpense": 48849000, "depreciationAndAmortization": 4816000, "ebitda": 130587000, "ebitdaratio": 0.2457368134, "operatingIncome": 125771000, "operatingIncomeRatio": 0.2366741311, "totalOtherIncomeExpensesNet": 29441000, "incomeBeforeTax": 155212000, "incomeBeforeTaxRatio": 0.2920757983, "incomeTaxExpense": 53321000, "netIncome": 101891000, "netIncomeRatio": 0.1917370768, "eps": 0.9, "epsdiluted": 0.9, "weightedAverageShsOut": 111934679, "weightedAverageShsOutDil": 112151155, "link": "https://www.sec.gov/Archives/edgar/data/887343/000088734313000008/0000887343-13-000008-index.htm", "finalLink": "https://www.sec.gov/Archives/edgar/data/887343/000088734313000008/colb2012pub10-k.htm", "calculatedOtherExpenses": -68040000, "calculatedOperatingExpenses": 140214000, "calculatedNetInterest": 407153000, "calculatedOtherIncome": -377712000, "calculatedIncomeNonControlling": 0, "calculatedEbitda": 130587000}, {"date": "2011-12-31", "symbol": "COLB", "reportedCurrency": "USD", "cik": "0000887343", "fillingDate": "2012-02-29", "acceptedDate": "2012-02-29 16:53:32", "calendarYear": "2011", "period": "FY", "revenue": 512570000, "costOfRevenue": 283997000, "grossProfit": 228573000, "grossProfitRatio": 0.4459351893, "researchAndDevelopmentExpenses": 0, "generalAndAdministrativeExpenses": 190248000, "sellingAndMarketingExpenses": 17352000, "sellingGeneralAndAdministrativeExpenses": 190248000, "otherExpenses": 359000, "operatingExpenses": 10172000, "costAndExpenses": 294169000, "interestIncome": 501753000, "interestExpense": 73301000, "depreciationAndAmortization": 4948000, "ebitda": 126598000, "ebitdaratio": 0.246986753, "operatingIncome": 121650000, "operatingIncomeRatio": 0.2373334374, "totalOtherIncomeExpensesNet": -10412000, "incomeBeforeTax": 111238000, "incomeBeforeTaxRatio": 0.2170201143, "incomeTaxExpense": 36742000, "netIncome": 74496000, "netIncomeRatio": 0.1453381977, "eps": 0.65, "epsdiluted": 0.65, "weightedAverageShsOut": 114220000, "weightedAverageShsOutDil": 114409000, "link": "https://www.sec.gov/Archives/edgar/data/887343/000088734312000013/0000887343-12-000013-index.htm", "finalLink": "https://www.sec.gov/Archives/edgar/data/887343/000088734312000013/colb1231201110-k.htm", "calculatedOtherExpenses": -83325000, "calculatedOperatingExpenses": 106923000, "calculatedNetInterest": 428452000, "calculatedOtherIncome": -438864000, "calculatedIncomeNonControlling": 0, "calculatedEbitda": 126598000}, {"date": "2010-12-31", "symbol": "COLB", "reportedCurrency": "USD", "cik": "0000887343", "fillingDate": "2011-03-01", "acceptedDate": "2011-03-01 13:30:50", "calendarYear": "2010", "period": "FY", "revenue": 464251000, "costOfRevenue": 256501000, "grossProfit": 207750000, "grossProfitRatio": 0.4474949973, "researchAndDevelopmentExpenses": 0, "generalAndAdministrativeExpenses": 177970000, "sellingAndMarketingExpenses": 16689000, "sellingGeneralAndAdministrativeExpenses": 177970000, "otherExpenses": -6437000, "operatingExpenses": 8765000, "costAndExpenses": 265266000, "interestIncome": 488596000, "interestExpense": 93812000, "depreciationAndAmortization": 5389000, "ebitda": 65519000, "ebitdaratio": 0.1411283982, "operatingIncome": 60130000, "operatingIncomeRatio": 0.1295204534, "totalOtherIncomeExpensesNet": -25999000, "incomeBeforeTax": 34131000, "incomeBeforeTaxRatio": 0.07351842, "incomeTaxExpense": 5805000, "netIncome": 28326000, "netIncomeRatio": 0.0610144082, "eps": 0.15, "epsdiluted": 0.15, "weightedAverageShsOut": 107922000, "weightedAverageShsOutDil": 108153000, "link": "https://www.sec.gov/Archives/edgar/data/887343/000119312511051645/0001193125-11-051645-index.htm", "finalLink": "https://www.sec.gov/Archives/edgar/data/887343/000119312511051645/d10k.htm", "calculatedOtherExpenses": -30350000, "calculatedOperatingExpenses": 147620000, "calculatedNetInterest": 394784000, "calculatedOtherIncome": -420783000, "calculatedIncomeNonControlling": 0, "calculatedEbitda": 65519000}, {"date": "2009-12-31", "symbol": "COLB", "reportedCurrency": "USD", "cik": "0000887343", "fillingDate": "2010-03-04", "acceptedDate": "2010-03-04 17:05:51", "calendarYear": "2009", "period": "FY", "revenue": 394224000, "costOfRevenue": 249182000, "grossProfit": 145042000, "grossProfitRatio": 0.3679177321, "researchAndDevelopmentExpenses": 0, "generalAndAdministrativeExpenses": 126850000, "sellingAndMarketingExpenses": 4529000, "sellingGeneralAndAdministrativeExpenses": 126850000, "otherExpenses": 0, "operatingExpenses": 4293000, "costAndExpenses": 253475000, "interestIncome": 355721000, "interestExpense": 103024000, "depreciationAndAmortization": 6165000, "ebitda": 22277000, "ebitdaratio": 0.0565084825, "operatingIncome": 16112000, "operatingIncomeRatio": 0.0408701652, "totalOtherIncomeExpensesNet": -210415000, "incomeBeforeTax": -194303000, "incomeBeforeTaxRatio": -0.4928746094, "incomeTaxExpense": -40937000, "netIncome": -153366000, "netIncomeRatio": -0.3890326312, "eps": -2.18, "epsdiluted": -2.18, "weightedAverageShsOut": 70399000, "weightedAverageShsOutDil": 70399201, "link": "https://www.sec.gov/Archives/edgar/data/887343/000119312510047987/0001193125-10-047987-index.htm", "finalLink": "https://www.sec.gov/Archives/edgar/data/887343/000119312510047987/d10k.htm", "calculatedOtherExpenses": 2080000, "calculatedOperatingExpenses": 128930000, "calculatedNetInterest": 252697000, "calculatedOtherIncome": -463112000, "calculatedIncomeNonControlling": 0, "calculatedEbitda": 22277000}, {"date": "2008-12-31", "symbol": "COLB", "reportedCurrency": "USD", "cik": "0000887343", "fillingDate": "2009-02-27", "acceptedDate": "2009-02-27 16:50:28", "calendarYear": "2008", "period": "FY", "revenue": 389112000, "costOfRevenue": 235159000, "grossProfit": 153953000, "grossProfitRatio": 0.3956521516, "researchAndDevelopmentExpenses": 0, "generalAndAdministrativeExpenses": 114600000, "sellingAndMarketingExpenses": 4573000, "sellingGeneralAndAdministrativeExpenses": 114600000, "otherExpenses": 0, "operatingExpenses": 4293000, "costAndExpenses": 239452000, "interestIncome": 442212000, "interestExpense": 152239000, "depreciationAndAmortization": 5857000, "ebitda": 63655000, "ebitdaratio": 0.1635904315, "operatingIncome": 57798000, "operatingIncomeRatio": 0.1485382101, "totalOtherIncomeExpensesNet": 15379000, "incomeBeforeTax": 73177000, "incomeBeforeTaxRatio": 0.188061535, "incomeTaxExpense": 22133000, "netIncome": 51044000, "netIncomeRatio": 0.1311807397, "eps": 0.82, "epsdiluted": 0.82, "weightedAverageShsOut": 60084000, "weightedAverageShsOutDil": 60424000, "link": "https://www.sec.gov/Archives/edgar/data/887343/000088734309000005/0000887343-09-000005-index.htm", "finalLink": "https://www.sec.gov/Archives/edgar/data/887343/000088734309000005/b10k.htm", "calculatedOtherExpenses": -18445000, "calculatedOperatingExpenses": 96155000, "calculatedNetInterest": 289973000, "calculatedOtherIncome": -274594000, "calculatedIncomeNonControlling": 0, "calculatedEbitda": 63655000}, {"date": "2007-12-31", "symbol": "COLB", "reportedCurrency": "USD", "cik": "0000887343", "fillingDate": "2008-03-07", "acceptedDate": "2008-03-06 18:21:06", "calendarYear": "2007", "period": "FY", "revenue": 350779000, "costOfRevenue": 214211000, "grossProfit": 136568000, "grossProfitRatio": 0.3893277534, "researchAndDevelopmentExpenses": 0, "generalAndAdministrativeExpenses": 112864000, "sellingAndMarketingExpenses": 5554000, "sellingGeneralAndAdministrativeExpenses": 118418000, "otherExpenses": 0, "operatingExpenses": 2391000, "costAndExpenses": 216602000, "interestIncome": 488392000, "interestExpense": 202438000, "depreciationAndAmortization": 12765000, "ebitda": 126216000, "ebitdaratio": 0.3598162946, "operatingIncome": 113451000, "operatingIncomeRatio": 0.3234258607, "totalOtherIncomeExpensesNet": -18520000, "incomeBeforeTax": 94931000, "incomeBeforeTaxRatio": 0.2706290855, "incomeTaxExpense": 31663000, "netIncome": 63268000, "netIncomeRatio": 0.1803642749, "eps": 1.06, "epsdiluted": 1.05, "weightedAverageShsOut": 59686792, "weightedAverageShsOutDil": 60255238, "link": "https://www.sec.gov/Archives/edgar/data/887343/000119312508049099/0001193125-08-049099-index.htm", "finalLink": "https://www.sec.gov/Archives/edgar/data/887343/000119312508049099/d10k.htm", "calculatedOtherExpenses": -95301000, "calculatedOperatingExpenses": 23117000, "calculatedNetInterest": 285954000, "calculatedOtherIncome": -304474000, "calculatedIncomeNonControlling": 0, "calculatedEbitda": 126216000}, {"date": "2006-12-31", "symbol": "COLB", "reportedCurrency": "USD", "cik": "0000887343", "fillingDate": "2007-03-02", "acceptedDate": "2007-03-02 16:42:30", "calendarYear": "2006", "period": "FY", "revenue": 315721000, "costOfRevenue": 193275000, "grossProfit": 122446000, "grossProfitRatio": 0.3878297611, "researchAndDevelopmentExpenses": 0, "generalAndAdministrativeExpenses": 98840000, "sellingAndMarketingExpenses": 5760000, "sellingGeneralAndAdministrativeExpenses": 104600000, "otherExpenses": 0, "operatingExpenses": 2582000, "costAndExpenses": 195857000, "interestIncome": 405941000, "interestExpense": 143817000, "depreciationAndAmortization": 14514000, "ebitda": 105615000, "ebitdaratio": 0.3345200351, "operatingIncome": 91101000, "operatingIncomeRatio": 0.2885490671, "totalOtherIncomeExpensesNet": 40119000, "incomeBeforeTax": 131220000, "incomeBeforeTaxRatio": 0.4156201203, "incomeTaxExpense": 46773000, "netIncome": 84447000, "netIncomeRatio": 0.2674734972, "eps": 1.61, "epsdiluted": 1.59, "weightedAverageShsOut": 52451553, "weightedAverageShsOutDil": 53111321, "link": "https://www.sec.gov/Archives/edgar/data/887343/000119312507045469/0001193125-07-045469-index.htm", "finalLink": "https://www.sec.gov/Archives/edgar/data/887343/000119312507045469/d10k.htm", "calculatedOtherExpenses": -73255000, "calculatedOperatingExpenses": 31345000, "calculatedNetInterest": 262124000, "calculatedOtherIncome": -222005000, "calculatedIncomeNonControlling": 0, "calculatedEbitda": 105615000}, {"date": "2005-12-31", "symbol": "COLB", "reportedCurrency": "USD", "cik": "0000887343", "fillingDate": "2006-03-07", "acceptedDate": "2006-03-07 16:26:58", "calendarYear": "2005", "period": "FY", "revenue": 257064000, "costOfRevenue": 141366000, "grossProfit": 115698000, "grossProfitRatio": 0.4500746896, "researchAndDevelopmentExpenses": 0, "generalAndAdministrativeExpenses": 82467000, "sellingAndMarketingExpenses": 4564000, "sellingGeneralAndAdministrativeExpenses": 87031000, "otherExpenses": 0, "operatingExpenses": 1978000, "costAndExpenses": 143344000, "interestIncome": 282276000, "interestExpense": 72994000, "depreciationAndAmortization": 12142000, "ebitda": 81545000, "ebitdaratio": 0.3172167242, "operatingIncome": 69403000, "operatingIncomeRatio": 0.2699833504, "totalOtherIncomeExpensesNet": 38137000, "incomeBeforeTax": 107540000, "incomeBeforeTaxRatio": 0.4183394019, "incomeTaxExpense": 37805000, "netIncome": 69735000, "netIncomeRatio": 0.2712748576, "eps": 1.57, "epsdiluted": 1.55, "weightedAverageShsOut": 44417197, "weightedAverageShsOutDil": 44990323, "link": "https://www.sec.gov/Archives/edgar/data/887343/000119312506047205/0001193125-06-047205-index.htm", "finalLink": "https://www.sec.gov/Archives/edgar/data/887343/000119312506047205/d10k.htm", "calculatedOtherExpenses": -40736000, "calculatedOperatingExpenses": 46295000, "calculatedNetInterest": 209282000, "calculatedOtherIncome": -171145000, "calculatedIncomeNonControlling": 0, "calculatedEbitda": 81545000}, {"date": "2004-12-31", "symbol": "COLB", "reportedCurrency": "USD", "cik": "0000887343", "fillingDate": "2005-03-16", "acceptedDate": "2005-03-15 19:42:23", "calendarYear": "2004", "period": "FY", "revenue": 199060000, "costOfRevenue": 104873000, "grossProfit": 94187000, "grossProfitRatio": 0.4731588466, "researchAndDevelopmentExpenses": 0, "generalAndAdministrativeExpenses": 67351000, "sellingAndMarketingExpenses": 4228000, "sellingGeneralAndAdministrativeExpenses": 71579000, "otherExpenses": 0, "operatingExpenses": 2002000, "costAndExpenses": 106875000, "interestIncome": 198058000, "interestExpense": 40371000, "depreciationAndAmortization": 8714000, "ebitda": 59249000, "ebitdaratio": 0.2976439265, "operatingIncome": 50535000, "operatingIncomeRatio": 0.2538681804, "totalOtherIncomeExpensesNet": 16025000, "incomeBeforeTax": 66560000, "incomeBeforeTaxRatio": 0.3343715463, "incomeTaxExpense": 23270000, "netIncome": 47166000, "netIncomeRatio": 0.2369436351, "eps": 1.32, "epsdiluted": 1.3, "weightedAverageShsOut": 35731818, "weightedAverageShsOutDil": 36281538, "link": "https://www.sec.gov/Archives/edgar/data/887343/000119312505051426/0001193125-05-051426-index.htm", "finalLink": "https://www.sec.gov/Archives/edgar/data/887343/000119312505051426/d10k.htm", "calculatedOtherExpenses": -27927000, "calculatedOperatingExpenses": 43652000, "calculatedNetInterest": 157687000, "calculatedOtherIncome": -141662000, "calculatedIncomeNonControlling": -3876000, "calculatedEbitda": 59249000}, {"date": "2003-12-31", "symbol": "COLB", "reportedCurrency": "USD", "cik": "0000887343", "fillingDate": "2004-03-12", "acceptedDate": "2004-03-12 15:14:49", "calendarYear": "2003", "period": "FY", "revenue": 152315000, "costOfRevenue": 65664000, "grossProfit": 86651000, "grossProfitRatio": 0.5688934117, "researchAndDevelopmentExpenses": 0, "generalAndAdministrativeExpenses": 53090000, "sellingAndMarketingExpenses": 3567000, "sellingGeneralAndAdministrativeExpenses": 56657000, "otherExpenses": 0, "operatingExpenses": 1745000, "costAndExpenses": 67409000, "interestIncome": 142132000, "interestExpense": 28860000, "depreciationAndAmortization": 9579000, "ebitda": 58078000, "ebitdaratio": 0.3813019072, "operatingIncome": 48499000, "operatingIncomeRatio": 0.3184125004, "totalOtherIncomeExpensesNet": 3997000, "incomeBeforeTax": 52496000, "incomeBeforeTaxRatio": 0.3446541706, "incomeTaxExpense": 18377000, "netIncome": 34119000, "netIncomeRatio": 0.2240028888, "eps": 1.21, "epsdiluted": 1.19, "weightedAverageShsOut": 28197521, "weightedAverageShsOutDil": 28671429, "link": "https://www.sec.gov/Archives/edgar/data/887343/000119312504040401/0001193125-04-040401-index.htm", "finalLink": "https://www.sec.gov/Archives/edgar/data/887343/000119312504040401/d10k.htm", "calculatedOtherExpenses": -18505000, "calculatedOperatingExpenses": 38152000, "calculatedNetInterest": 113272000, "calculatedOtherIncome": -109275000, "calculatedIncomeNonControlling": 0, "calculatedEbitda": 58078000}, {"date": "2002-12-31", "symbol": "COLB", "reportedCurrency": "USD", "cik": "0000887343", "fillingDate": "2003-03-14", "acceptedDate": "2003-03-14 12:25:49", "calendarYear": "2002", "period": "FY", "revenue": 104871000, "costOfRevenue": 20532000, "grossProfit": 84339000, "grossProfitRatio": 0.804216609, "researchAndDevelopmentExpenses": 0, "generalAndAdministrativeExpenses": 37117000, "sellingAndMarketingExpenses": 1837000, "sellingGeneralAndAdministrativeExpenses": 38954000, "otherExpenses": 0, "operatingExpenses": 1867000, "costAndExpenses": 22399000, "interestIncome": 100325000, "interestExpense": 23797000, "depreciationAndAmortization": 4576000, "ebitda": 47512000, "ebitdaratio": 0.4530518446, "operatingIncome": 42936000, "operatingIncomeRatio": 0.4094172841, "totalOtherIncomeExpensesNet": -8667000, "incomeBeforeTax": 34269000, "incomeBeforeTaxRatio": 0.3267728924, "incomeTaxExpense": 12301000, "netIncome": 21968000, "netIncomeRatio": 0.2094764043, "eps": 1.04, "epsdiluted": 1.03, "weightedAverageShsOut": 21123077, "weightedAverageShsOutDil": 21328155, "link": "https://www.sec.gov/Archives/edgar/data/887343/000103221003000321/0001032210-03-000321-index.htm", "finalLink": "https://www.sec.gov/Archives/edgar/data/887343/000103221003000321/d10k.htm", "calculatedOtherExpenses": 2449000, "calculatedOperatingExpenses": 41403000, "calculatedNetInterest": 76528000, "calculatedOtherIncome": -85195000, "calculatedIncomeNonControlling": 0, "calculatedEbitda": 47512000}, {"date": "2001-12-31", "symbol": "COLB", "reportedCurrency": "USD", "cik": "0000887343", "fillingDate": "2002-03-04", "acceptedDate": "2002-03-04 00:00:00", "calendarYear": "2001", "period": "FY", "revenue": 79027000, "costOfRevenue": 3371000, "grossProfit": 75656000, "grossProfitRatio": 0.9573436927, "researchAndDevelopmentExpenses": 0, "generalAndAdministrativeExpenses": 30260000, "sellingAndMarketingExpenses": 1580000, "sellingGeneralAndAdministrativeExpenses": 31840000, "otherExpenses": -45598000, "operatingExpenses": -13758000, "costAndExpenses": 3371000, "interestIncome": 88038000, "interestExpense": 32409000, "depreciationAndAmortization": 4891000, "ebitda": 66789000, "ebitdaratio": 0.8451415339, "operatingIncome": 61898000, "operatingIncomeRatio": 0.7832512939, "totalOtherIncomeExpensesNet": -46942000, "incomeBeforeTax": 14956000, "incomeBeforeTaxRatio": 0.1892517747, "incomeTaxExpense": 6406000, "netIncome": 8550000, "netIncomeRatio": 0.1081908715, "eps": 0.46, "epsdiluted": 0.45, "weightedAverageShsOut": 19952965, "weightedAverageShsOutDil": 19952965, "link": "https://www.sec.gov/Archives/edgar/data/887343/000103221002000331/0001032210-02-000331-index.htm", "finalLink": "https://www.sec.gov/Archives/edgar/data/887343/000103221002000331/d10k405.txt", "calculatedOtherExpenses": -18082000, "calculatedOperatingExpenses": 13758000, "calculatedNetInterest": 55629000, "calculatedOtherIncome": -102571000, "calculatedIncomeNonControlling": 0, "calculatedEbitda": 66789000}, {"date": "2000-12-31", "symbol": "COLB", "reportedCurrency": "USD", "cik": "0000887343", "fillingDate": "2001-04-02", "acceptedDate": "2001-04-02 00:00:00", "calendarYear": "2000", "period": "FY", "revenue": 48169252, "costOfRevenue": -21685748, "grossProfit": 69855000, "grossProfitRatio": 1.4501989776, "researchAndDevelopmentExpenses": 0, "generalAndAdministrativeExpenses": 17074982, "sellingAndMarketingExpenses": 1004723, "sellingGeneralAndAdministrativeExpenses": 18079705, "otherExpenses": -21460009, "operatingExpenses": -3380304, "costAndExpenses": -21685748, "interestIncome": 55073907, "interestExpense": 19744408, "depreciationAndAmortization": 2478304, "ebitda": 68953000, "ebitdaratio": 1.4314733391, "operatingIncome": 66474696, "operatingIncomeRatio": 1.3800234224, "totalOtherIncomeExpensesNet": -51481819, "incomeBeforeTax": 14992877, "incomeBeforeTaxRatio": 0.3112540963, "incomeTaxExpense": 6121483, "netIncome": 8871394, "netIncomeRatio": 0.184171305, "eps": 0.59, "epsdiluted": 0.59, "weightedAverageShsOut": 7610491, "weightedAverageShsOutDil": 7754085, "link": "https://www.sec.gov/Archives/edgar/data/887343/000103221001500178/0001032210-01-500178-index.htm", "finalLink": "https://www.sec.gov/Archives/edgar/data/887343/000103221001500178/d10k405.txt", "calculatedOtherExpenses": -14699401, "calculatedOperatingExpenses": 3380304, "calculatedNetInterest": 35329499, "calculatedOtherIncome": -86811318, "calculatedIncomeNonControlling": 0, "calculatedEbitda": 68953000}, {"date": "1999-12-31", "symbol": "COLB", "reportedCurrency": "USD", "cik": "0000887343", "fillingDate": "2000-03-23", "acceptedDate": "2000-03-23 00:00:00", "calendarYear": "1999", "period": "FY", "revenue": 20648614, "costOfRevenue": 0, "grossProfit": 20648614, "grossProfitRatio": 1, "researchAndDevelopmentExpenses": 0, "generalAndAdministrativeExpenses": 5730972, "sellingAndMarketingExpenses": 941618, "sellingGeneralAndAdministrativeExpenses": 6672590, "otherExpenses": -12413864, "operatingExpenses": -5741274, "costAndExpenses": -38951386, "interestIncome": 24680330, "interestExpense": 8455948, "depreciationAndAmortization": 941274, "ebitda": 54800000, "ebitdaratio": 2.6539311549, "operatingIncome": 53858726, "operatingIncomeRatio": 2.6083458192, "totalOtherIncomeExpensesNet": -46303995, "incomeBeforeTax": 7554731, "incomeBeforeTaxRatio": 0.3658710943, "incomeTaxExpense": 2680790, "netIncome": 4873941, "netIncomeRatio": 0.2360420414, "eps": 0.67, "epsdiluted": 0.66, "weightedAverageShsOut": 7659574, "weightedAverageShsOutDil": 7826087, "link": "https://www.sec.gov/Archives/edgar/data/887343/000103221000000558/0001032210-00-000558-index.html", "finalLink": "https://www.sec.gov/Archives/edgar/data/887343/000103221000000558/", "calculatedOtherExpenses": -39882702, "calculatedOperatingExpenses": -33210112, "calculatedNetInterest": 16224382, "calculatedOtherIncome": -62528377, "calculatedIncomeNonControlling": 0, "calculatedEbitda": 54800000}, {"date": "1998-12-31", "symbol": "COLB", "reportedCurrency": "USD", "cik": "0000887343", "fillingDate": "1999-03-30", "acceptedDate": "1999-03-30 00:00:00", "calendarYear": "1998", "period": "FY", "revenue": 17000000, "costOfRevenue": 0, "grossProfit": 17000000, "grossProfitRatio": 1, "researchAndDevelopmentExpenses": 0, "generalAndAdministrativeExpenses": 4600000, "sellingAndMarketingExpenses": 700000, "sellingGeneralAndAdministrativeExpenses": 5300000, "otherExpenses": -10800000, "operatingExpenses": -5500000, "costAndExpenses": -37000000, "interestIncome": 20900000, "interestExpense": 7300000, "depreciationAndAmortization": 900000, "ebitda": 49400000, "ebitdaratio": 2.9058823529, "operatingIncome": 48500000, "operatingIncomeRatio": 2.8529411765, "totalOtherIncomeExpensesNet": -42000000, "incomeBeforeTax": 6500000, "incomeBeforeTaxRatio": 0.3823529412, "incomeTaxExpense": 2400000, "netIncome": 4100000, "netIncomeRatio": 0.2411764706, "eps": 0.56, "epsdiluted": 0.55, "weightedAverageShsOut": 7668000, "weightedAverageShsOutDil": 7668000, "link": "https://www.sec.gov/Archives/edgar/data/887343/000103221099000424/0001032210-99-000424-index.html", "finalLink": "https://www.sec.gov/Archives/edgar/data/887343/", "calculatedOtherExpenses": -36800000, "calculatedOperatingExpenses": -31500000, "calculatedNetInterest": 13600000, "calculatedOtherIncome": -55600000, "calculatedIncomeNonControlling": 0, "calculatedEbitda": 49400000}, {"date": "1997-12-31", "symbol": "COLB", "reportedCurrency": "USD", "cik": "0000887343", "fillingDate": "1998-03-19", "acceptedDate": "1998-03-19 00:00:00", "calendarYear": "1997", "period": "FY", "revenue": 48000000, "costOfRevenue": 0, "grossProfit": 48000000, "grossProfitRatio": 1, "researchAndDevelopmentExpenses": 0, "generalAndAdministrativeExpenses": 13300000, "sellingAndMarketingExpenses": 1300000, "sellingGeneralAndAdministrativeExpenses": 14600000, "otherExpenses": -23600000, "operatingExpenses": -9000000, "costAndExpenses": -9000000, "interestIncome": 62100000, "interestExpense": 26900000, "depreciationAndAmortization": 2200000, "ebitda": 41200000, "ebitdaratio": 0.8583333333, "operatingIncome": 39000000, "operatingIncomeRatio": 0.8125, "totalOtherIncomeExpensesNet": -26900000, "incomeBeforeTax": 12100000, "incomeBeforeTaxRatio": 0.2520833333, "incomeTaxExpense": 2800000, "netIncome": 9300000, "netIncomeRatio": 0.19375, "eps": 0.67, "epsdiluted": 0.65, "weightedAverageShsOut": 13831471, "weightedAverageShsOutDil": 14239082, "link": "https://www.sec.gov/Archives/edgar/data/887343/000103221098000237/0001032210-98-000237-index.html", "finalLink": "https://www.sec.gov/Archives/edgar/data/887343/", "calculatedOtherExpenses": -5600000, "calculatedOperatingExpenses": 9000000, "calculatedNetInterest": 35200000, "calculatedOtherIncome": -62100000, "calculatedIncomeNonControlling": 0, "calculatedEbitda": 41200000}, {"date": "1996-12-31", "symbol": "COLB", "reportedCurrency": "USD", "cik": "0000887343", "fillingDate": "1997-03-28", "acceptedDate": "1997-03-28 00:00:00", "calendarYear": "1996", "period": "FY", "revenue": 25800000, "costOfRevenue": 0, "grossProfit": 25800000, "grossProfitRatio": 1, "researchAndDevelopmentExpenses": 0, "generalAndAdministrativeExpenses": 8400000, "sellingAndMarketingExpenses": 800000, "sellingGeneralAndAdministrativeExpenses": 9200000, "otherExpenses": -12800000, "operatingExpenses": -3600000, "costAndExpenses": -3600000, "interestIncome": 39100000, "interestExpense": 18600000, "depreciationAndAmortization": 2300000, "ebitda": 24500000, "ebitdaratio": 0.9496124031, "operatingIncome": 22200000, "operatingIncomeRatio": 0.8604651163, "totalOtherIncomeExpensesNet": 0, "incomeBeforeTax": 0, "incomeBeforeTaxRatio": 0, "incomeTaxExpense": 18600000, "netIncome": 3600000, "netIncomeRatio": 0.1395348837, "eps": 0.44, "epsdiluted": 0.42, "weightedAverageShsOut": 8122811, "weightedAverageShsOutDil": 8503108, "link": "https://www.sec.gov/Archives/edgar/data/887343/000089102097000441/0000891020-97-000441-index.html", "finalLink": "https://www.sec.gov/Archives/edgar/data/887343/", "calculatedOtherExpenses": -5600000, "calculatedOperatingExpenses": 3600000, "calculatedNetInterest": 20500000, "calculatedOtherIncome": -42700000, "calculatedIncomeNonControlling": -22200000, "calculatedEbitda": 24500000}, {"date": "1995-12-31", "symbol": "COLB", "reportedCurrency": "USD", "cik": "0000887343", "fillingDate": "1995-12-31", "acceptedDate": "1995-12-30 19:00:00", "calendarYear": "1995", "period": "FY", "revenue": 20600000, "costOfRevenue": 0, "grossProfit": 20600000, "grossProfitRatio": 1, "researchAndDevelopmentExpenses": 0, "generalAndAdministrativeExpenses": 7300000, "sellingAndMarketingExpenses": 600000, "sellingGeneralAndAdministrativeExpenses": 7900000, "otherExpenses": -10500000, "operatingExpenses": -2600000, "costAndExpenses": -2600000, "interestIncome": 31800000, "interestExpense": 15200000, "depreciationAndAmortization": 1400000, "ebitda": 19400000, "ebitdaratio": 0.9417475728, "operatingIncome": 18000000, "operatingIncomeRatio": 0.8737864078, "totalOtherIncomeExpensesNet": 0, "incomeBeforeTax": 0, "incomeBeforeTaxRatio": 0, "incomeTaxExpense": 15200000, "netIncome": 2800000, "netIncomeRatio": 0.1359223301, "eps": 0.4, "epsdiluted": 0.4, "weightedAverageShsOut": 6936239, "weightedAverageShsOutDil": 7080738, "link": "", "finalLink": "", "calculatedOtherExpenses": -5300000, "calculatedOperatingExpenses": 2600000, "calculatedNetInterest": 16600000, "calculatedOtherIncome": -34600000, "calculatedIncomeNonControlling": -18000000, "calculatedEbitda": 19400000}, {"date": "1994-12-31", "symbol": "COLB", "reportedCurrency": "USD", "cik": "0000887343", "fillingDate": "1994-12-31", "acceptedDate": "1994-12-30 19:00:00", "calendarYear": "1994", "period": "FY", "revenue": 14600000, "costOfRevenue": 0, "grossProfit": 14600000, "grossProfitRatio": 1, "researchAndDevelopmentExpenses": 0, "generalAndAdministrativeExpenses": 6200000, "sellingAndMarketingExpenses": 500000, "sellingGeneralAndAdministrativeExpenses": 6700000, "otherExpenses": -13000000, "operatingExpenses": -6300000, "costAndExpenses": -6300000, "interestIncome": 20700000, "interestExpense": 9100000, "depreciationAndAmortization": 1600000, "ebitda": 9900000, "ebitdaratio": 0.6780821918, "operatingIncome": 8300000, "operatingIncomeRatio": 0.5684931507, "totalOtherIncomeExpensesNet": 0, "incomeBeforeTax": 0, "incomeBeforeTaxRatio": 0, "incomeTaxExpense": 9100000, "netIncome": -800000, "netIncomeRatio": -0.0547945205, "eps": -0.0989, "epsdiluted": -0.0989, "weightedAverageShsOut": 8092306, "weightedAverageShsOutDil": 8092306, "link": "", "finalLink": "", "calculatedOtherExpenses": -400000, "calculatedOperatingExpenses": 6300000, "calculatedNetInterest": 11600000, "calculatedOtherIncome": -19900000, "calculatedIncomeNonControlling": -8300000, "calculatedEbitda": 9900000}, {"date": "1993-12-31", "symbol": "COLB", "reportedCurrency": "USD", "cik": "0000887343", "fillingDate": "1993-12-31", "acceptedDate": "1993-12-30 19:00:00", "calendarYear": "1993", "period": "FY", "revenue": 8400000, "costOfRevenue": 0, "grossProfit": 8400000, "grossProfitRatio": 1, "researchAndDevelopmentExpenses": 0, "generalAndAdministrativeExpenses": 4100000, "sellingAndMarketingExpenses": 700000, "sellingGeneralAndAdministrativeExpenses": 4800000, "otherExpenses": -8000000, "operatingExpenses": -3200000, "costAndExpenses": -3200000, "interestIncome": 14000000, "interestExpense": 7600000, "depreciationAndAmortization": 1200000, "ebitda": 6400000, "ebitdaratio": 0.7619047619, "operatingIncome": 5200000, "operatingIncomeRatio": 0.619047619, "totalOtherIncomeExpensesNet": 0, "incomeBeforeTax": 0, "incomeBeforeTaxRatio": 0, "incomeTaxExpense": 7600000, "netIncome": -2400000, "netIncomeRatio": -0.2857142857, "eps": -0.33, "epsdiluted": -0.33, "weightedAverageShsOut": 7283034, "weightedAverageShsOutDil": 7283034, "link": "", "finalLink": "", "calculatedOtherExpenses": -1600000, "calculatedOperatingExpenses": 3200000, "calculatedNetInterest": 6400000, "calculatedOtherIncome": -11600000, "calculatedIncomeNonControlling": -5200000, "calculatedEbitda": 6400000}, {"date": "1992-12-31", "symbol": "COLB", "reportedCurrency": "USD", "cik": "0000887343", "fillingDate": "1992-12-31", "acceptedDate": "1992-12-30 19:00:00", "calendarYear": "1992", "period": "FY", "revenue": 4800000, "costOfRevenue": 0, "grossProfit": 4800000, "grossProfitRatio": 1, "researchAndDevelopmentExpenses": 0, "generalAndAdministrativeExpenses": 1600000, "sellingAndMarketingExpenses": 200000, "sellingGeneralAndAdministrativeExpenses": 1800000, "otherExpenses": 800000, "operatingExpenses": 2600000, "costAndExpenses": 2600000, "interestIncome": 10100000, "interestExpense": 6400000, "depreciationAndAmortization": 200000, "ebitda": 7600000, "ebitdaratio": 1.5833333333, "operatingIncome": 7400000, "operatingIncomeRatio": 1.5416666667, "totalOtherIncomeExpensesNet": 0, "incomeBeforeTax": 0, "incomeBeforeTaxRatio": 0, "incomeTaxExpense": 6400000, "netIncome": 1000000, "netIncomeRatio": 0.2083333333, "eps": 0.46, "epsdiluted": 0.37, "weightedAverageShsOut": 2167575, "weightedAverageShsOutDil": 2697424, "link": "", "finalLink": "", "calculatedOtherExpenses": -4400000, "calculatedOperatingExpenses": -2600000, "calculatedNetInterest": 3700000, "calculatedOtherIncome": -11100000, "calculatedIncomeNonControlling": -7400000, "calculatedEbitda": 7600000}]}