{"originalCurrency": "USD", "convertedCurrency": "USD", "report": [{"date": "2023-12-31", "symbol": "COLD", "reportedCurrency": "USD", "cik": "0001455863", "fillingDate": "2024-02-22", "acceptedDate": "2024-02-22 16:05:27", "calendarYear": "2023", "period": "FY", "revenue": 2673329000, "costOfRevenue": 2256500000, "grossProfit": 416829000, "grossProfitRatio": 0.1559213251, "researchAndDevelopmentExpenses": 0, "generalAndAdministrativeExpenses": 0, "sellingAndMarketingExpenses": 0, "sellingGeneralAndAdministrativeExpenses": 226786000, "otherExpenses": -306834000, "operatingExpenses": 306834000, "costAndExpenses": 2563334000, "interestIncome": 0, "interestExpense": 154306000, "depreciationAndAmortization": 353743000, "ebitda": 463738000, "ebitdaratio": 0.173468361, "operatingIncome": 109995000, "operatingIncomeRatio": 0.0411453285, "totalOtherIncomeExpensesNet": -438084000, "incomeBeforeTax": -328089000, "incomeBeforeTaxRatio": -0.1227267575, "incomeTaxExpense": -2273000, "netIncome": -336215000, "netIncomeRatio": -0.1257664133, "eps": -1.22, "epsdiluted": -1.22, "weightedAverageShsOut": 275773000, "weightedAverageShsOutDil": 275773000, "link": "https://www.sec.gov/Archives/edgar/data/1455863/000162828024006324/0001628280-24-006324-index.htm", "finalLink": "https://www.sec.gov/Archives/edgar/data/1455863/000162828024006324/q42023-pressrelease.htm", "calculatedOtherExpenses": 80048000, "calculatedOperatingExpenses": 306834000, "calculatedNetInterest": -154306000, "calculatedOtherIncome": -283778000, "calculatedIncomeNonControlling": 10399000, "calculatedEbitda": 463738000}, {"date": "2022-12-31", "symbol": "COLD", "reportedCurrency": "USD", "cik": "0001455863", "fillingDate": "2023-02-27", "acceptedDate": "2023-02-27 16:03:13", "calendarYear": "2022", "period": "FY", "revenue": 2914735000, "costOfRevenue": 2218772000, "grossProfit": 695963000, "grossProfitRatio": 0.2387740223, "researchAndDevelopmentExpenses": 0, "generalAndAdministrativeExpenses": 0, "sellingAndMarketingExpenses": 0, "sellingGeneralAndAdministrativeExpenses": 231067000, "otherExpenses": 331446000, "operatingExpenses": 562513000, "costAndExpenses": 2781285000, "interestIncome": 1633000, "interestExpense": 116127000, "depreciationAndAmortization": 331446000, "ebitda": 459035000, "ebitdaratio": 0.1574877304, "operatingIncome": 127589000, "operatingIncomeRatio": 0.0437737908, "totalOtherIncomeExpensesNet": -165899000, "incomeBeforeTax": -38310000, "incomeBeforeTaxRatio": -0.0131435619, "incomeTaxExpense": -18836000, "netIncome": -19474000, "netIncomeRatio": -0.0066812249, "eps": -0.0722, "epsdiluted": -0.0722, "weightedAverageShsOut": 269565000, "weightedAverageShsOutDil": 269565000, "link": "https://www.sec.gov/Archives/edgar/data/1455863/000162828023005236/0001628280-23-005236-index.htm", "finalLink": "https://www.sec.gov/Archives/edgar/data/1455863/000162828023005236/art-20221231.htm", "calculatedOtherExpenses": 337307000, "calculatedOperatingExpenses": 568374000, "calculatedNetInterest": -114494000, "calculatedOtherIncome": -51405000, "calculatedIncomeNonControlling": 0, "calculatedEbitda": 459035000}, {"date": "2021-12-31", "symbol": "COLD", "reportedCurrency": "USD", "cik": "0001455863", "fillingDate": "2022-03-01", "acceptedDate": "2022-03-01 16:06:07", "calendarYear": "2021", "period": "FY", "revenue": 2714790000, "costOfRevenue": 2085123000, "grossProfit": 629667000, "grossProfitRatio": 0.231939487, "researchAndDevelopmentExpenses": 0, "generalAndAdministrativeExpenses": 0, "sellingAndMarketingExpenses": 0, "sellingGeneralAndAdministrativeExpenses": 182076000, "otherExpenses": 319840000, "operatingExpenses": 501916000, "costAndExpenses": 2587039000, "interestIncome": 841000, "interestExpense": 99177000, "depreciationAndAmortization": 319840000, "ebitda": 448328000, "ebitdaratio": 0.1651427919, "operatingIncome": 128488000, "operatingIncomeRatio": 0.047328891, "totalOtherIncomeExpensesNet": -160366000, "incomeBeforeTax": -31878000, "incomeBeforeTaxRatio": -0.0117423447, "incomeTaxExpense": -1569000, "netIncome": -30309000, "netIncomeRatio": -0.0111643995, "eps": -0.12, "epsdiluted": -0.12, "weightedAverageShsOut": 259055999, "weightedAverageShsOutDil": 259055999, "link": "https://www.sec.gov/Archives/edgar/data/1455863/000162828022004487/0001628280-22-004487-index.htm", "finalLink": "https://www.sec.gov/Archives/edgar/data/1455863/000162828022004487/art-20211231.htm", "calculatedOtherExpenses": 319103000, "calculatedOperatingExpenses": 501179000, "calculatedNetInterest": -98336000, "calculatedOtherIncome": -62030000, "calculatedIncomeNonControlling": 0, "calculatedEbitda": 448328000}, {"date": "2020-12-31", "symbol": "COLD", "reportedCurrency": "USD", "cik": "0001455863", "fillingDate": "2021-03-01", "acceptedDate": "2021-03-01 16:04:47", "calendarYear": "2020", "period": "FY", "revenue": 1987727000, "costOfRevenue": 1436229000, "grossProfit": 551498000, "grossProfitRatio": 0.2774515816, "researchAndDevelopmentExpenses": 0, "generalAndAdministrativeExpenses": 0, "sellingAndMarketingExpenses": 0, "sellingGeneralAndAdministrativeExpenses": 144738000, "otherExpenses": 215891000, "operatingExpenses": 360629000, "costAndExpenses": 1796858000, "interestIncome": 1162000, "interestExpense": 91481000, "depreciationAndAmortization": 234220000, "ebitda": 402671000, "ebitdaratio": 0.2025786237, "operatingIncome": 168451000, "operatingIncomeRatio": 0.084745541, "totalOtherIncomeExpensesNet": -150823000, "incomeBeforeTax": 17628000, "incomeBeforeTaxRatio": 0.0088684211, "incomeTaxExpense": -6927000, "netIncome": 24540000, "netIncomeRatio": 0.0123457598, "eps": 0.12, "epsdiluted": 0.12, "weightedAverageShsOut": 203255000, "weightedAverageShsOutDil": 206940000, "link": "https://www.sec.gov/Archives/edgar/data/1455863/000162828021003613/0001628280-21-003613-index.htm", "finalLink": "https://www.sec.gov/Archives/edgar/data/1455863/000162828021003613/art-20201231.htm", "calculatedOtherExpenses": 238309000, "calculatedOperatingExpenses": 383047000, "calculatedNetInterest": -90319000, "calculatedOtherIncome": -60504000, "calculatedIncomeNonControlling": 15000, "calculatedEbitda": 402671000}, {"date": "2019-12-31", "symbol": "COLD", "reportedCurrency": "USD", "cik": "0001455863", "fillingDate": "2020-03-02", "acceptedDate": "2020-03-02 16:07:20", "calendarYear": "2019", "period": "FY", "revenue": 1783705000, "costOfRevenue": 1305448000, "grossProfit": 478257000, "grossProfitRatio": 0.2681256149, "researchAndDevelopmentExpenses": 0, "generalAndAdministrativeExpenses": 129310000, "sellingAndMarketingExpenses": 0, "sellingGeneralAndAdministrativeExpenses": 129310000, "otherExpenses": 163348000, "operatingExpenses": 292658000, "costAndExpenses": 1598106000, "interestIncome": 6286000, "interestExpense": 94408000, "depreciationAndAmortization": 163499000, "ebitda": 350587000, "ebitdaratio": 0.1965498779, "operatingIncome": 187088000, "operatingIncomeRatio": 0.1048872992, "totalOtherIncomeExpensesNet": -144083000, "incomeBeforeTax": 43005000, "incomeBeforeTaxRatio": 0.0241099285, "incomeTaxExpense": -5157000, "netIncome": 48162000, "netIncomeRatio": 0.0270011016, "eps": 0.27, "epsdiluted": 0.26, "weightedAverageShsOut": 179598000, "weightedAverageShsOutDil": 183950000, "link": "https://www.sec.gov/Archives/edgar/data/1455863/000162828020002690/0001628280-20-002690-index.htm", "finalLink": "https://www.sec.gov/Archives/edgar/data/1455863/000162828020002690/k20191231artandsubs10-k.htm", "calculatedOtherExpenses": 161859000, "calculatedOperatingExpenses": 291169000, "calculatedNetInterest": -88122000, "calculatedOtherIncome": -55961000, "calculatedIncomeNonControlling": 0, "calculatedEbitda": 350587000}, {"date": "2018-12-31", "symbol": "COLD", "reportedCurrency": "USD", "cik": "0001455863", "fillingDate": "2019-02-26", "acceptedDate": "2019-02-26 16:51:01", "calendarYear": "2018", "period": "FY", "revenue": 1603635000, "costOfRevenue": 1197986000, "grossProfit": 405649000, "grossProfitRatio": 0.2529559407, "researchAndDevelopmentExpenses": 0, "generalAndAdministrativeExpenses": 114760000, "sellingAndMarketingExpenses": 0, "sellingGeneralAndAdministrativeExpenses": 114760000, "otherExpenses": -532000, "operatingExpenses": 232413000, "costAndExpenses": 1430399000, "interestIncome": 3996000, "interestExpense": 93312000, "depreciationAndAmortization": 117804000, "ebitda": 293284000, "ebitdaratio": 0.1828870036, "operatingIncome": 179960000, "operatingIncomeRatio": 0.1122200501, "totalOtherIncomeExpensesNet": -39554000, "incomeBeforeTax": 44366000, "incomeBeforeTaxRatio": 0.0276658965, "incomeTaxExpense": -3619000, "netIncome": 47985000, "netIncomeRatio": 0.0299226445, "eps": 0.34, "epsdiluted": 0.33, "weightedAverageShsOut": 141415000, "weightedAverageShsOutDil": 144338000, "link": "https://www.sec.gov/Archives/edgar/data/1455863/000162828019001983/0001628280-19-001983-index.htm", "finalLink": "https://www.sec.gov/Archives/edgar/data/1455863/000162828019001983/k20181231artandsubs10-k.htm", "calculatedOtherExpenses": 110929000, "calculatedOperatingExpenses": 225689000, "calculatedNetInterest": -89316000, "calculatedOtherIncome": -46278000, "calculatedIncomeNonControlling": 0, "calculatedEbitda": 297764000}, {"date": "2017-12-31", "symbol": "COLD", "reportedCurrency": "USD", "cik": "0001455863", "fillingDate": "2018-03-29", "acceptedDate": "2018-03-29 16:11:41", "calendarYear": "2017", "period": "FY", "revenue": 1543587000, "costOfRevenue": 1169482000, "grossProfit": 374105000, "grossProfitRatio": 0.2423608128, "researchAndDevelopmentExpenses": 0, "generalAndAdministrativeExpenses": 110945000, "sellingAndMarketingExpenses": 0, "sellingGeneralAndAdministrativeExpenses": 110945000, "otherExpenses": -1944000, "operatingExpenses": 227686000, "costAndExpenses": 1397168000, "interestIncome": 1074000, "interestExpense": 114898000, "depreciationAndAmortization": 116892000, "ebitda": 261078000, "ebitdaratio": 0.1691372109, "operatingIncome": 136946000, "operatingIncomeRatio": 0.0887193271, "totalOtherIncomeExpensesNet": -23853000, "incomeBeforeTax": 8742000, "incomeBeforeTaxRatio": 0.005663432, "incomeTaxExpense": 9393000, "netIncome": -608000, "netIncomeRatio": -0.0003938877, "eps": -0.0087, "epsdiluted": -0.0087, "weightedAverageShsOut": 69597674, "weightedAverageShsOutDil": 70022000, "link": "https://www.sec.gov/Archives/edgar/data/1455863/000162828018003829/0001628280-18-003829-index.htm", "finalLink": "https://www.sec.gov/Archives/edgar/data/1455863/000162828018003829/k20171231artandsubs10-k.htm", "calculatedOtherExpenses": 126214000, "calculatedOperatingExpenses": 237159000, "calculatedNetInterest": -113824000, "calculatedOtherIncome": -14380000, "calculatedIncomeNonControlling": -43000, "calculatedEbitda": 253838000}, {"date": "2016-12-31", "symbol": "COLD", "reportedCurrency": "USD", "cik": "0001455863", "fillingDate": "2016-12-31", "acceptedDate": "2016-12-30 19:00:00", "calendarYear": "2016", "period": "FY", "revenue": 1489999000, "costOfRevenue": 1144354000, "grossProfit": 345645000, "grossProfitRatio": 0.2319766658, "researchAndDevelopmentExpenses": 0, "generalAndAdministrativeExpenses": 100238000, "sellingAndMarketingExpenses": 0, "sellingGeneralAndAdministrativeExpenses": 100238000, "otherExpenses": 2142000, "operatingExpenses": 218809000, "costAndExpenses": 1363163000, "interestIncome": 708000, "interestExpense": 119552000, "depreciationAndAmortization": 118767000, "ebitda": 248325000, "ebitdaratio": 0.1666611857, "operatingIncome": 117016000, "operatingIncomeRatio": 0.0785342809, "totalOtherIncomeExpensesNet": -8779000, "incomeBeforeTax": -787000, "incomeBeforeTaxRatio": -0.0005281883, "incomeTaxExpense": 5879000, "netIncome": 4932000, "netIncomeRatio": 0.0033100693, "eps": -0.35, "epsdiluted": -0.35, "weightedAverageShsOut": 69874285, "weightedAverageShsOutDil": 69890000, "link": "", "finalLink": "", "calculatedOtherExpenses": 128391000, "calculatedOperatingExpenses": 228629000, "calculatedNetInterest": -118844000, "calculatedOtherIncome": 1041000, "calculatedIncomeNonControlling": -11598000, "calculatedEbitda": 235783000}, {"date": "2015-12-31", "symbol": "COLD", "reportedCurrency": "USD", "cik": "0001455863", "fillingDate": "2015-12-31", "acceptedDate": "2015-12-30 19:00:00", "calendarYear": "2015", "period": "FY", "revenue": 1481385000, "costOfRevenue": 1144365000, "grossProfit": 337020000, "grossProfitRatio": 0.2275033162, "researchAndDevelopmentExpenses": 0, "generalAndAdministrativeExpenses": 91222000, "sellingAndMarketingExpenses": 0, "sellingGeneralAndAdministrativeExpenses": 91222000, "otherExpenses": 1892000, "operatingExpenses": 216942000, "costAndExpenses": 1361307000, "interestIncome": 724000, "interestExpense": 116710000, "depreciationAndAmortization": 126240000, "ebitda": 245396000, "ebitdaratio": 0.1656530882, "operatingIncome": 110663000, "operatingIncomeRatio": 0.07470239, "totalOtherIncomeExpensesNet": -15034000, "incomeBeforeTax": -10942000, "incomeBeforeTaxRatio": -0.007386331, "incomeTaxExpense": 9637000, "netIncome": -21176000, "netIncomeRatio": -0.0142947309, "eps": -0.3, "epsdiluted": -0.3, "weightedAverageShsOut": 69361643, "weightedAverageShsOutDil": 69758000, "link": "", "finalLink": "", "calculatedOtherExpenses": 135135000, "calculatedOperatingExpenses": 226357000, "calculatedNetInterest": -115986000, "calculatedOtherIncome": -5619000, "calculatedIncomeNonControlling": 597000, "calculatedEbitda": 236903000}, {"date": "2014-12-31", "symbol": "COLD", "reportedCurrency": "USD", "cik": "0001455863", "fillingDate": "2014-12-31", "acceptedDate": "2014-12-30 19:00:00", "calendarYear": "2014", "period": "FY", "revenue": 1509598000, "costOfRevenue": 1187079000, "grossProfit": 322519000, "grossProfitRatio": 0.2136456196, "researchAndDevelopmentExpenses": 0, "generalAndAdministrativeExpenses": 83822000, "sellingAndMarketingExpenses": 0, "sellingGeneralAndAdministrativeExpenses": 83822000, "otherExpenses": 79000, "operatingExpenses": 216501000, "costAndExpenses": 1403580000, "interestIncome": 717000, "interestExpense": 114223000, "depreciationAndAmortization": 133309000, "ebitda": 220133000, "ebitdaratio": 0.1458222653, "operatingIncome": 106018000, "operatingIncomeRatio": 0.0702292928, "totalOtherIncomeExpensesNet": -25184000, "incomeBeforeTax": -32672000, "incomeBeforeTaxRatio": -0.021642848, "incomeTaxExpense": 9817000, "netIncome": -42434000, "netIncomeRatio": -0.0281094702, "eps": -0.31, "epsdiluted": -0.31, "weightedAverageShsOut": 138037685, "weightedAverageShsOutDil": 138037685, "link": "", "finalLink": "", "calculatedOtherExpenses": 132679000, "calculatedOperatingExpenses": 216501000, "calculatedNetInterest": -113506000, "calculatedOtherIncome": -25184000, "calculatedIncomeNonControlling": -55000, "calculatedEbitda": 239327000}, {"date": "2009-12-31", "symbol": "COLD", "reportedCurrency": "USD", "cik": "0001455863", "fillingDate": "2009-12-31", "acceptedDate": "2009-12-30 19:00:00", "calendarYear": "2009", "period": "FY", "revenue": 761017000, "costOfRevenue": 569490000, "grossProfit": 191527000, "grossProfitRatio": 0.2516724331, "researchAndDevelopmentExpenses": 0, "generalAndAdministrativeExpenses": 62594000, "sellingAndMarketingExpenses": 0, "sellingGeneralAndAdministrativeExpenses": 62594000, "otherExpenses": 98209000, "operatingExpenses": 160803000, "costAndExpenses": 730293000, "interestIncome": 168000, "interestExpense": 65517000, "depreciationAndAmortization": 98209000, "ebitda": 129101000, "ebitdaratio": 0.1696427281, "operatingIncome": 17904000, "operatingIncomeRatio": 0.0235264127, "totalOtherIncomeExpensesNet": -12536000, "incomeBeforeTax": -47161000, "incomeBeforeTaxRatio": -0.0619710204, "incomeTaxExpense": -4363000, "netIncome": -42798000, "netIncomeRatio": -0.0562379027, "eps": -0.61, "epsdiluted": -0.61, "weightedAverageShsOut": 70022000, "weightedAverageShsOutDil": 70022000, "link": "", "finalLink": "", "calculatedOtherExpenses": 111029000, "calculatedOperatingExpenses": 173623000, "calculatedNetInterest": -65349000, "calculatedOtherIncome": 284000, "calculatedIncomeNonControlling": 0, "calculatedEbitda": 116113000}, {"date": "2008-12-31", "symbol": "COLD", "reportedCurrency": "USD", "cik": "0001455863", "fillingDate": "2008-12-31", "acceptedDate": "2008-12-30 19:00:00", "calendarYear": "2008", "period": "FY", "revenue": 869612000, "costOfRevenue": 668036000, "grossProfit": 201576000, "grossProfitRatio": 0.2317999292, "researchAndDevelopmentExpenses": 0, "generalAndAdministrativeExpenses": 58658000, "sellingAndMarketingExpenses": 0, "sellingGeneralAndAdministrativeExpenses": 58658000, "otherExpenses": 89991000, "operatingExpenses": 148649000, "costAndExpenses": 816685000, "interestIncome": 847000, "interestExpense": 65483000, "depreciationAndAmortization": 89991000, "ebitda": 143765000, "ebitdaratio": 0.1653208557, "operatingIncome": 52927000, "operatingIncomeRatio": 0.0608627756, "totalOtherIncomeExpensesNet": 835000, "incomeBeforeTax": -10874000, "incomeBeforeTaxRatio": -0.0125044273, "incomeTaxExpense": 717000, "netIncome": -11591000, "netIncomeRatio": -0.0133289329, "eps": -0.17, "epsdiluted": -0.17, "weightedAverageShsOut": 70022000, "weightedAverageShsOutDil": 70022000, "link": "", "finalLink": "", "calculatedOtherExpenses": 89991000, "calculatedOperatingExpenses": 148649000, "calculatedNetInterest": -64636000, "calculatedOtherIncome": 835000, "calculatedIncomeNonControlling": 0, "calculatedEbitda": 142918000}, {"date": "2007-12-31", "symbol": "COLD", "reportedCurrency": "USD", "cik": "0001455863", "fillingDate": "2007-12-31", "acceptedDate": "2007-12-30 19:00:00", "calendarYear": "2007", "period": "FY", "revenue": 847026000, "costOfRevenue": 664021000, "grossProfit": 183005000, "grossProfitRatio": 0.2160559416, "researchAndDevelopmentExpenses": 0, "generalAndAdministrativeExpenses": 54518000, "sellingAndMarketingExpenses": 0, "sellingGeneralAndAdministrativeExpenses": 54518000, "otherExpenses": 83651000, "operatingExpenses": 138169000, "costAndExpenses": 802190000, "interestIncome": 2607000, "interestExpense": 65168000, "depreciationAndAmortization": 83651000, "ebitda": 131094000, "ebitdaratio": 0.1547697473, "operatingIncome": 44836000, "operatingIncomeRatio": 0.0529334401, "totalOtherIncomeExpensesNet": -72000, "incomeBeforeTax": -17797000, "incomeBeforeTaxRatio": -0.0210111614, "incomeTaxExpense": -775000, "netIncome": -17411000, "netIncomeRatio": -0.0205554493, "eps": -0.25, "epsdiluted": -0.25, "weightedAverageShsOut": 70022000, "weightedAverageShsOutDil": 70022000, "link": "", "finalLink": "", "calculatedOtherExpenses": 83651000, "calculatedOperatingExpenses": 138169000, "calculatedNetInterest": -62561000, "calculatedOtherIncome": -72000, "calculatedIncomeNonControlling": 389000, "calculatedEbitda": 128487000}]}