{"originalCurrency": "USD", "convertedCurrency": "USD", "report": [{"date": "2023-10-31", "symbol": "COO", "reportedCurrency": "USD", "cik": "0000711404", "fillingDate": "2023-12-08", "acceptedDate": "2023-12-08 16:15:18", "calendarYear": "2023", "period": "FY", "revenue": 3593200000, "costOfRevenue": 1235300000, "grossProfit": 2357900000, "grossProfitRatio": 0.6562117333, "researchAndDevelopmentExpenses": 137400000, "generalAndAdministrativeExpenses": 0, "sellingAndMarketingExpenses": 0, "sellingGeneralAndAdministrativeExpenses": 1501200000, "otherExpenses": -14900000, "operatingExpenses": 1824800000, "costAndExpenses": 3060100000, "interestIncome": 0, "interestExpense": 105300000, "depreciationAndAmortization": 186200000, "ebitda": 704400000, "ebitdaratio": 0.1960369587, "operatingIncome": 533100000, "operatingIncomeRatio": 0.1483635756, "totalOtherIncomeExpensesNet": -14900000, "incomeBeforeTax": 412900000, "incomeBeforeTaxRatio": 0.1149114995, "incomeTaxExpense": 118700000, "netIncome": 294200000, "netIncomeRatio": 0.0818768785, "eps": 1.49, "epsdiluted": 1.48, "weightedAverageShsOut": 198000000, "weightedAverageShsOutDil": 199200000, "link": "https://www.sec.gov/Archives/edgar/data/711404/000071140423000072/0000711404-23-000072-index.htm", "finalLink": "https://www.sec.gov/Archives/edgar/data/711404/000071140423000072/coo-20231031.htm", "calculatedOtherExpenses": 186200000, "calculatedOperatingExpenses": 1824800000, "calculatedNetInterest": -105300000, "calculatedOtherIncome": -14900000, "calculatedIncomeNonControlling": 0, "calculatedEbitda": 719300000}, {"date": "2022-10-31", "symbol": "COO", "reportedCurrency": "USD", "cik": "0000711404", "fillingDate": "2022-12-09", "acceptedDate": "2022-12-09 16:16:43", "calendarYear": "2022", "period": "FY", "revenue": 3308400000, "costOfRevenue": 1168800000, "grossProfit": 2139600000, "grossProfitRatio": 0.6467174465, "researchAndDevelopmentExpenses": 110300000, "generalAndAdministrativeExpenses": 0, "sellingAndMarketingExpenses": 0, "sellingGeneralAndAdministrativeExpenses": 1342200000, "otherExpenses": 179500000, "operatingExpenses": 1632000000, "costAndExpenses": 2800800000, "interestIncome": 0, "interestExpense": 57300000, "depreciationAndAmortization": 204500000, "ebitda": 712100000, "ebitdaratio": 0.2152399952, "operatingIncome": 507600000, "operatingIncomeRatio": 0.1534276387, "totalOtherIncomeExpensesNet": -32300000, "incomeBeforeTax": 475300000, "incomeBeforeTaxRatio": 0.1436646113, "incomeTaxExpense": 89500000, "netIncome": 385800000, "netIncomeRatio": 0.1166122597, "eps": 1.96, "epsdiluted": 1.94, "weightedAverageShsOut": 197200000, "weightedAverageShsOutDil": 198800000, "link": "https://www.sec.gov/Archives/edgar/data/711404/000071140422000053/0000711404-22-000053-index.htm", "finalLink": "https://www.sec.gov/Archives/edgar/data/711404/000071140422000053/coo-20221031.htm", "calculatedOtherExpenses": 179500000, "calculatedOperatingExpenses": 1632000000, "calculatedNetInterest": -57300000, "calculatedOtherIncome": 25000000, "calculatedIncomeNonControlling": 0, "calculatedEbitda": 712100000}, {"date": "2021-10-31", "symbol": "COO", "reportedCurrency": "USD", "cik": "0000711404", "fillingDate": "2021-12-10", "acceptedDate": "2021-12-10 16:17:53", "calendarYear": "2021", "period": "FY", "revenue": 2922500000, "costOfRevenue": 966700000, "grossProfit": 1955800000, "grossProfitRatio": 0.6692215569, "researchAndDevelopmentExpenses": 92700000, "generalAndAdministrativeExpenses": 1211200000, "sellingAndMarketingExpenses": 0, "sellingGeneralAndAdministrativeExpenses": 1211200000, "otherExpenses": 146100000, "operatingExpenses": 1450000000, "costAndExpenses": 2416700000, "interestIncome": 0, "interestExpense": 23100000, "depreciationAndAmortization": 154900000, "ebitda": 660700000, "ebitdaratio": 0.2260735672, "operatingIncome": 505800000, "operatingIncomeRatio": 0.1730710009, "totalOtherIncomeExpensesNet": -14300000, "incomeBeforeTax": 491500000, "incomeBeforeTaxRatio": 0.1681779299, "incomeTaxExpense": -2453200000, "netIncome": 2944700000, "netIncomeRatio": 1.0075962361, "eps": 14.96, "epsdiluted": 14.78, "weightedAverageShsOut": 196800000, "weightedAverageShsOutDil": 199200000, "link": "https://www.sec.gov/Archives/edgar/data/711404/000071140421000038/0000711404-21-000038-index.htm", "finalLink": "https://www.sec.gov/Archives/edgar/data/711404/000071140421000038/coo-20211031.htm", "calculatedOtherExpenses": 146100000, "calculatedOperatingExpenses": 1450000000, "calculatedNetInterest": -23100000, "calculatedOtherIncome": 8800000, "calculatedIncomeNonControlling": 0, "calculatedEbitda": 660700000}, {"date": "2020-10-31", "symbol": "COO", "reportedCurrency": "USD", "cik": "0000711404", "fillingDate": "2020-12-11", "acceptedDate": "2020-12-11 16:37:31", "calendarYear": "2020", "period": "FY", "revenue": 2430900000, "costOfRevenue": 896100000, "grossProfit": 1534800000, "grossProfitRatio": 0.6313710971, "researchAndDevelopmentExpenses": 93300000, "generalAndAdministrativeExpenses": 992500000, "sellingAndMarketingExpenses": 0, "sellingGeneralAndAdministrativeExpenses": 992500000, "otherExpenses": 137200000, "operatingExpenses": 1223000000, "costAndExpenses": 2119100000, "interestIncome": 0, "interestExpense": 36800000, "depreciationAndAmortization": 128700000, "ebitda": 440500000, "ebitdaratio": 0.1812086059, "operatingIncome": 311800000, "operatingIncomeRatio": 0.1282652516, "totalOtherIncomeExpensesNet": -45300000, "incomeBeforeTax": 266500000, "incomeBeforeTaxRatio": 0.1096301781, "incomeTaxExpense": 28100000, "netIncome": 238400000, "netIncomeRatio": 0.0980706734, "eps": 1.21, "epsdiluted": 1.2, "weightedAverageShsOut": 196400000, "weightedAverageShsOutDil": 198400000, "link": "https://www.sec.gov/Archives/edgar/data/711404/000071140420000042/0000711404-20-000042-index.htm", "finalLink": "https://www.sec.gov/Archives/edgar/data/711404/000071140420000042/coo20201031-10k.htm", "calculatedOtherExpenses": 137200000, "calculatedOperatingExpenses": 1223000000, "calculatedNetInterest": -36800000, "calculatedOtherIncome": -8500000, "calculatedIncomeNonControlling": 0, "calculatedEbitda": 440500000}, {"date": "2019-10-31", "symbol": "COO", "reportedCurrency": "USD", "cik": "0000711404", "fillingDate": "2019-12-20", "acceptedDate": "2019-12-20 08:32:37", "calendarYear": "2019", "period": "FY", "revenue": 2653400000, "costOfRevenue": 896600000, "grossProfit": 1756800000, "grossProfitRatio": 0.6620939172, "researchAndDevelopmentExpenses": 86700000, "generalAndAdministrativeExpenses": 996600000, "sellingAndMarketingExpenses": 0, "sellingGeneralAndAdministrativeExpenses": 996600000, "otherExpenses": 145800000, "operatingExpenses": 1229100000, "costAndExpenses": 2125700000, "interestIncome": 0, "interestExpense": 68000000, "depreciationAndAmortization": 125500000, "ebitda": 672200000, "ebitdaratio": 0.2533353433, "operatingIncome": 546700000, "operatingIncomeRatio": 0.2060375367, "totalOtherIncomeExpensesNet": -69300000, "incomeBeforeTax": 477400000, "incomeBeforeTaxRatio": 0.1799201025, "incomeTaxExpense": 10700000, "netIncome": 466700000, "netIncomeRatio": 0.1758875405, "eps": 2.36, "epsdiluted": 2.33, "weightedAverageShsOut": 197600000, "weightedAverageShsOutDil": 200000000, "link": "https://www.sec.gov/Archives/edgar/data/711404/000071140419000051/0000711404-19-000051-index.htm", "finalLink": "https://www.sec.gov/Archives/edgar/data/711404/000071140419000051/coo20191031-10k.htm", "calculatedOtherExpenses": 126800000, "calculatedOperatingExpenses": 1210100000, "calculatedNetInterest": -68000000, "calculatedOtherIncome": -1300000, "calculatedIncomeNonControlling": 0, "calculatedEbitda": 672200000}, {"date": "2018-10-31", "symbol": "COO", "reportedCurrency": "USD", "cik": "0000711404", "fillingDate": "2018-12-21", "acceptedDate": "2018-12-21 16:36:20", "calendarYear": "2018", "period": "FY", "revenue": 2532800000, "costOfRevenue": 900500000, "grossProfit": 1632300000, "grossProfitRatio": 0.6444646241, "researchAndDevelopmentExpenses": 84800000, "generalAndAdministrativeExpenses": 973300000, "sellingAndMarketingExpenses": 0, "sellingGeneralAndAdministrativeExpenses": 973300000, "otherExpenses": 11500000, "operatingExpenses": 1204800000, "costAndExpenses": 2105300000, "interestIncome": 0, "interestExpense": 82700000, "depreciationAndAmortization": 146700000, "ebitda": 585700000, "ebitdaratio": 0.2312460518, "operatingIncome": 403100000, "operatingIncomeRatio": 0.1591519267, "totalOtherIncomeExpensesNet": -12900000, "incomeBeforeTax": 331900000, "incomeBeforeTaxRatio": 0.1310407454, "incomeTaxExpense": 192000000, "netIncome": 139900000, "netIncomeRatio": 0.0552353127, "eps": 2.85, "epsdiluted": 2.81, "weightedAverageShsOut": 49100000, "weightedAverageShsOutDil": 49700000, "link": "https://www.sec.gov/Archives/edgar/data/711404/000071140418000047/0000711404-18-000047-index.htm", "finalLink": "https://www.sec.gov/Archives/edgar/data/711404/000071140418000047/coo_20181031-10k.htm", "calculatedOtherExpenses": 171100000, "calculatedOperatingExpenses": 1229200000, "calculatedNetInterest": -82700000, "calculatedOtherIncome": 11500000, "calculatedIncomeNonControlling": 0, "calculatedEbitda": 549800000}, {"date": "2017-10-31", "symbol": "COO", "reportedCurrency": "USD", "cik": "0000711404", "fillingDate": "2017-12-22", "acceptedDate": "2017-12-22 16:08:35", "calendarYear": "2017", "period": "FY", "revenue": 2139000000, "costOfRevenue": 773200000, "grossProfit": 1365800000, "grossProfitRatio": 0.6385226741, "researchAndDevelopmentExpenses": 69200000, "generalAndAdministrativeExpenses": 799100000, "sellingAndMarketingExpenses": 0, "sellingGeneralAndAdministrativeExpenses": 799100000, "otherExpenses": -1700000, "operatingExpenses": 936700000, "costAndExpenses": 1709900000, "interestIncome": 0, "interestExpense": 33400000, "depreciationAndAmortization": 68400000, "ebitda": 495800000, "ebitdaratio": 0.2317905563, "operatingIncome": 429100000, "operatingIncomeRatio": 0.2006077606, "totalOtherIncomeExpensesNet": -1700000, "incomeBeforeTax": 394000000, "incomeBeforeTaxRatio": 0.1841982235, "incomeTaxExpense": 21100000, "netIncome": 372900000, "netIncomeRatio": 0.1743338008, "eps": 7.63, "epsdiluted": 7.52, "weightedAverageShsOut": 48900000, "weightedAverageShsOutDil": 49600000, "link": "https://www.sec.gov/Archives/edgar/data/711404/000071140417000044/0000711404-17-000044-index.htm", "finalLink": "https://www.sec.gov/Archives/edgar/data/711404/000071140417000044/coo_20171031-10k.htm", "calculatedOtherExpenses": 68400000, "calculatedOperatingExpenses": 936700000, "calculatedNetInterest": -33400000, "calculatedOtherIncome": -1700000, "calculatedIncomeNonControlling": 0, "calculatedEbitda": 497500000}, {"date": "2016-10-31", "symbol": "COO", "reportedCurrency": "USD", "cik": "0000711404", "fillingDate": "2016-12-22", "acceptedDate": "2016-12-22 16:09:33", "calendarYear": "2016", "period": "FY", "revenue": 1966814000, "costOfRevenue": 793735000, "grossProfit": 1173079000, "grossProfitRatio": 0.5964361653, "researchAndDevelopmentExpenses": 65411000, "generalAndAdministrativeExpenses": 722798000, "sellingAndMarketingExpenses": 0, "sellingGeneralAndAdministrativeExpenses": 722798000, "otherExpenses": -2257000, "operatingExpenses": 848999000, "costAndExpenses": 1642734000, "interestIncome": 0, "interestExpense": 26190000, "depreciationAndAmortization": 60790000, "ebitda": 382613000, "ebitdaratio": 0.1945344095, "operatingIncome": 324080000, "operatingIncomeRatio": 0.1647740966, "totalOtherIncomeExpensesNet": -2257000, "incomeBeforeTax": 295633000, "incomeBeforeTaxRatio": 0.1503106038, "incomeTaxExpense": 20699000, "netIncome": 273917000, "netIncomeRatio": 0.1392693971, "eps": 5.65, "epsdiluted": 5.59, "weightedAverageShsOut": 48500000, "weightedAverageShsOutDil": 49000000, "link": "https://www.sec.gov/Archives/edgar/data/711404/000071140416000042/0000711404-16-000042-index.htm", "finalLink": "https://www.sec.gov/Archives/edgar/data/711404/000071140416000042/coo_20161031-10k.htm", "calculatedOtherExpenses": 60790000, "calculatedOperatingExpenses": 848999000, "calculatedNetInterest": -26190000, "calculatedOtherIncome": -2257000, "calculatedIncomeNonControlling": 1017000, "calculatedEbitda": 384870000}, {"date": "2015-10-31", "symbol": "COO", "reportedCurrency": "USD", "cik": "0000711404", "fillingDate": "2015-12-18", "acceptedDate": "2015-12-18 16:24:23", "calendarYear": "2015", "period": "FY", "revenue": 1797060000, "costOfRevenue": 726798000, "grossProfit": 1070262000, "grossProfitRatio": 0.5955627525, "researchAndDevelopmentExpenses": 69589000, "generalAndAdministrativeExpenses": 712543000, "sellingAndMarketingExpenses": 0, "sellingGeneralAndAdministrativeExpenses": 712543000, "otherExpenses": -3083000, "operatingExpenses": 833591000, "costAndExpenses": 1560389000, "interestIncome": 0, "interestExpense": 18103000, "depreciationAndAmortization": 51459000, "ebitda": 285047000, "ebitdaratio": 0.1586185214, "operatingIncome": 236671000, "operatingIncomeRatio": 0.1316989973, "totalOtherIncomeExpensesNet": -3083000, "incomeBeforeTax": 215485000, "incomeBeforeTaxRatio": 0.1199097415, "incomeTaxExpense": 10341000, "netIncome": 203523000, "netIncomeRatio": 0.1132533137, "eps": 4.2, "epsdiluted": 4.14, "weightedAverageShsOut": 48500000, "weightedAverageShsOutDil": 49200000, "link": "https://www.sec.gov/Archives/edgar/data/711404/000071140415000021/0000711404-15-000021-index.htm", "finalLink": "https://www.sec.gov/Archives/edgar/data/711404/000071140415000021/coo_20151031-10k.htm", "calculatedOtherExpenses": 51459000, "calculatedOperatingExpenses": 833591000, "calculatedNetInterest": -18103000, "calculatedOtherIncome": -3083000, "calculatedIncomeNonControlling": 1621000, "calculatedEbitda": 288130000}, {"date": "2014-10-31", "symbol": "COO", "reportedCurrency": "USD", "cik": "0000711404", "fillingDate": "2014-12-19", "acceptedDate": "2014-12-19 16:17:09", "calendarYear": "2014", "period": "FY", "revenue": 1717776000, "costOfRevenue": 626206000, "grossProfit": 1091570000, "grossProfitRatio": 0.6354553795, "researchAndDevelopmentExpenses": 66259000, "generalAndAdministrativeExpenses": 683115000, "sellingAndMarketingExpenses": 0, "sellingGeneralAndAdministrativeExpenses": 683115000, "otherExpenses": -1987000, "operatingExpenses": 785084000, "costAndExpenses": 1411290000, "interestIncome": 0, "interestExpense": 7965000, "depreciationAndAmortization": 35710000, "ebitda": 340209000, "ebitdaratio": 0.1980520161, "operatingIncome": 306486000, "operatingIncomeRatio": 0.1784202364, "totalOtherIncomeExpensesNet": -1987000, "incomeBeforeTax": 296534000, "incomeBeforeTaxRatio": 0.1726266987, "incomeTaxExpense": 24705000, "netIncome": 269856000, "netIncomeRatio": 0.1570961522, "eps": 5.61, "epsdiluted": 5.51, "weightedAverageShsOut": 48061000, "weightedAverageShsOutDil": 48960000, "link": "https://www.sec.gov/Archives/edgar/data/711404/000071140414000017/0000711404-14-000017-index.htm", "finalLink": "https://www.sec.gov/Archives/edgar/data/711404/000071140414000017/coo_20141031-10k.htm", "calculatedOtherExpenses": 35710000, "calculatedOperatingExpenses": 785084000, "calculatedNetInterest": -7965000, "calculatedOtherIncome": -1987000, "calculatedIncomeNonControlling": 1973000, "calculatedEbitda": 342196000}, {"date": "2013-10-31", "symbol": "COO", "reportedCurrency": "USD", "cik": "0000711404", "fillingDate": "2013-12-20", "acceptedDate": "2013-12-20 16:09:34", "calendarYear": "2013", "period": "FY", "revenue": 1587725000, "costOfRevenue": 560917000, "grossProfit": 1026808000, "grossProfitRatio": 0.6467165284, "researchAndDevelopmentExpenses": 58827000, "generalAndAdministrativeExpenses": 596651000, "sellingAndMarketingExpenses": 0, "sellingGeneralAndAdministrativeExpenses": 596651000, "otherExpenses": 1410000, "operatingExpenses": 685717000, "costAndExpenses": 1246634000, "interestIncome": 0, "interestExpense": 9168000, "depreciationAndAmortization": 30239000, "ebitda": 372740000, "ebitdaratio": 0.2347635768, "operatingIncome": 305945000, "operatingIncomeRatio": 0.1926939489, "totalOtherIncomeExpensesNet": -19652000, "incomeBeforeTax": 312271000, "incomeBeforeTaxRatio": 0.1966782661, "incomeTaxExpense": 15365000, "netIncome": 296151000, "netIncomeRatio": 0.1865253744, "eps": 6.09, "epsdiluted": 5.96, "weightedAverageShsOut": 48615000, "weightedAverageShsOutDil": 49685000, "link": "https://www.sec.gov/Archives/edgar/data/711404/000071140413000012/0000711404-13-000012-index.htm", "finalLink": "https://www.sec.gov/Archives/edgar/data/711404/000071140413000012/coo_20131031-10k.htm", "calculatedOtherExpenses": 65385000, "calculatedOperatingExpenses": 720863000, "calculatedNetInterest": -9168000, "calculatedOtherIncome": 15494000, "calculatedIncomeNonControlling": 755000, "calculatedEbitda": 336184000}, {"date": "2012-10-31", "symbol": "COO", "reportedCurrency": "USD", "cik": "0000711404", "fillingDate": "2012-12-20", "acceptedDate": "2012-12-19 19:21:01", "calendarYear": "2012", "period": "FY", "revenue": 1445136000, "costOfRevenue": 521126000, "grossProfit": 924010000, "grossProfitRatio": 0.639393109, "researchAndDevelopmentExpenses": 51730000, "generalAndAdministrativeExpenses": 559903000, "sellingAndMarketingExpenses": 0, "sellingGeneralAndAdministrativeExpenses": 559903000, "otherExpenses": 229000, "operatingExpenses": 635612000, "costAndExpenses": 1156738000, "interestIncome": 0, "interestExpense": 11771000, "depreciationAndAmortization": 23979000, "ebitda": 312606000, "ebitdaratio": 0.216315973, "operatingIncome": 283398000, "operatingIncomeRatio": 0.1961047265, "totalOtherIncomeExpensesNet": -1175000, "incomeBeforeTax": 275452000, "incomeBeforeTaxRatio": 0.190606282, "incomeTaxExpense": 26808000, "netIncome": 248339000, "netIncomeRatio": 0.171844726, "eps": 5.18, "epsdiluted": 5.05, "weightedAverageShsOut": 47913000, "weightedAverageShsOutDil": 49152000, "link": "https://www.sec.gov/Archives/edgar/data/711404/000071140412000011/0000711404-12-000011-index.htm", "finalLink": "https://www.sec.gov/Archives/edgar/data/711404/000071140412000011/coo_20121031-10k.htm", "calculatedOtherExpenses": 28979000, "calculatedOperatingExpenses": 640612000, "calculatedNetInterest": -11771000, "calculatedOtherIncome": 3825000, "calculatedIncomeNonControlling": 305000, "calculatedEbitda": 307377000}, {"date": "2011-10-31", "symbol": "COO", "reportedCurrency": "USD", "cik": "0000711404", "fillingDate": "2011-12-16", "acceptedDate": "2011-12-16 16:17:25", "calendarYear": "2011", "period": "FY", "revenue": 1330835000, "costOfRevenue": 526031000, "grossProfit": 804804000, "grossProfitRatio": 0.6047361243, "researchAndDevelopmentExpenses": 43581000, "generalAndAdministrativeExpenses": 0, "sellingAndMarketingExpenses": 0, "sellingGeneralAndAdministrativeExpenses": 513138000, "otherExpenses": 20529000, "operatingExpenses": 577248000, "costAndExpenses": 1103279000, "interestIncome": 0, "interestExpense": 17342000, "depreciationAndAmortization": 20529000, "ebitda": 215111000, "ebitdaratio": 0.1616361157, "operatingIncome": 227556000, "operatingIncomeRatio": 0.1709873876, "totalOtherIncomeExpensesNet": 15524000, "incomeBeforeTax": 192764000, "incomeBeforeTaxRatio": 0.1448444022, "incomeTaxExpense": 17334000, "netIncome": 175430000, "netIncomeRatio": 0.1318194968, "eps": 3.74, "epsdiluted": 3.63, "weightedAverageShsOut": 46904000, "weightedAverageShsOutDil": 48309000, "link": "https://www.sec.gov/Archives/edgar/data/711404/000119312511343993/0001193125-11-343993-index.htm", "finalLink": "https://www.sec.gov/Archives/edgar/data/711404/000119312511343993/d238160d10k.htm", "calculatedOtherExpenses": 20529000, "calculatedOperatingExpenses": 577248000, "calculatedNetInterest": -17342000, "calculatedOtherIncome": -17450000, "calculatedIncomeNonControlling": 0, "calculatedEbitda": 248085000}, {"date": "2010-10-31", "symbol": "COO", "reportedCurrency": "USD", "cik": "0000711404", "fillingDate": "2010-12-17", "acceptedDate": "2010-12-17 16:08:16", "calendarYear": "2010", "period": "FY", "revenue": 1158517000, "costOfRevenue": 481794000, "grossProfit": 676723000, "grossProfitRatio": 0.5841286748, "researchAndDevelopmentExpenses": 35274000, "generalAndAdministrativeExpenses": 0, "sellingAndMarketingExpenses": 0, "sellingGeneralAndAdministrativeExpenses": 433057000, "otherExpenses": 18056000, "operatingExpenses": 486387000, "costAndExpenses": 968181000, "interestIncome": 0, "interestExpense": 36668000, "depreciationAndAmortization": 18056000, "ebitda": 208392000, "ebitdaratio": 0.1798782409, "operatingIncome": 189912000, "operatingIncomeRatio": 0.1639268133, "totalOtherIncomeExpensesNet": -29242000, "incomeBeforeTax": 124426000, "incomeBeforeTaxRatio": 0.1074010999, "incomeTaxExpense": 11623000, "netIncome": 112803000, "netIncomeRatio": 0.097368446, "eps": 2.48, "epsdiluted": 2.43, "weightedAverageShsOut": 45530000, "weightedAverageShsOutDil": 46505000, "link": "https://www.sec.gov/Archives/edgar/data/711404/000119312510283357/0001193125-10-283357-index.htm", "finalLink": "https://www.sec.gov/Archives/edgar/data/711404/000119312510283357/d10k.htm", "calculatedOtherExpenses": 18480000, "calculatedOperatingExpenses": 486811000, "calculatedNetInterest": -36668000, "calculatedOtherIncome": -28818000, "calculatedIncomeNonControlling": 0, "calculatedEbitda": 207968000}, {"date": "2009-10-31", "symbol": "COO", "reportedCurrency": "USD", "cik": "0000711404", "fillingDate": "2009-12-21", "acceptedDate": "2009-12-18 19:01:51", "calendarYear": "2009", "period": "FY", "revenue": 1080421000, "costOfRevenue": 483927000, "grossProfit": 596494000, "grossProfitRatio": 0.5520940448, "researchAndDevelopmentExpenses": 33298000, "generalAndAdministrativeExpenses": 0, "sellingAndMarketingExpenses": 0, "sellingGeneralAndAdministrativeExpenses": 391593000, "otherExpenses": 17860000, "operatingExpenses": 442751000, "costAndExpenses": 926678000, "interestIncome": 0, "interestExpense": 44143000, "depreciationAndAmortization": 17860000, "ebitda": 171603000, "ebitdaratio": 0.1588297525, "operatingIncome": 149856000, "operatingIncomeRatio": 0.1387014877, "totalOtherIncomeExpensesNet": 5228000, "incomeBeforeTax": 114828000, "incomeBeforeTaxRatio": 0.1062807924, "incomeTaxExpense": 14280000, "netIncome": 100548000, "netIncomeRatio": 0.0930637224, "eps": 2.23, "epsdiluted": 2.21, "weightedAverageShsOut": 45173000, "weightedAverageShsOutDil": 45478000, "link": "https://www.sec.gov/Archives/edgar/data/711404/000119312509256112/0001193125-09-256112-index.htm", "finalLink": "https://www.sec.gov/Archives/edgar/data/711404/000119312509256112/d10k.htm", "calculatedOtherExpenses": 21747000, "calculatedOperatingExpenses": 446638000, "calculatedNetInterest": -44143000, "calculatedOtherIncome": 9115000, "calculatedIncomeNonControlling": 0, "calculatedEbitda": 167716000}, {"date": "2008-10-31", "symbol": "COO", "reportedCurrency": "USD", "cik": "0000711404", "fillingDate": "2008-12-19", "acceptedDate": "2008-12-19 16:17:14", "calendarYear": "2008", "period": "FY", "revenue": 1063176000, "costOfRevenue": 453146000, "grossProfit": 610030000, "grossProfitRatio": 0.5737808227, "researchAndDevelopmentExpenses": 35468000, "generalAndAdministrativeExpenses": 0, "sellingAndMarketingExpenses": 0, "sellingGeneralAndAdministrativeExpenses": 429304000, "otherExpenses": 16774000, "operatingExpenses": 481546000, "costAndExpenses": 934692000, "interestIncome": 0, "interestExpense": 53770000, "depreciationAndAmortization": 82185000, "ebitda": 212162000, "ebitdaratio": 0.1995549185, "operatingIncome": 126963000, "operatingIncomeRatio": 0.1194186099, "totalOtherIncomeExpensesNet": -1493000, "incomeBeforeTax": 76207000, "incomeBeforeTaxRatio": 0.0716786308, "incomeTaxExpense": 10731000, "netIncome": 65476000, "netIncomeRatio": 0.0615852879, "eps": 1.46, "epsdiluted": 1.43, "weightedAverageShsOut": 44995000, "weightedAverageShsOutDil": 46844000, "link": "https://www.sec.gov/Archives/edgar/data/711404/000119312508257120/0001193125-08-257120-index.htm", "finalLink": "https://www.sec.gov/Archives/edgar/data/711404/000119312508257120/d10k.htm", "calculatedOtherExpenses": 18295000, "calculatedOperatingExpenses": 483067000, "calculatedNetInterest": -53770000, "calculatedOtherIncome": 3014000, "calculatedIncomeNonControlling": 0, "calculatedEbitda": 209148000}, {"date": "2007-10-31", "symbol": "COO", "reportedCurrency": "USD", "cik": "0000711404", "fillingDate": "2007-12-26", "acceptedDate": "2007-12-26 06:08:08", "calendarYear": "2007", "period": "FY", "revenue": 950641000, "costOfRevenue": 431110000, "grossProfit": 519531000, "grossProfitRatio": 0.5465059891, "researchAndDevelopmentExpenses": 39858000, "generalAndAdministrativeExpenses": 0, "sellingAndMarketingExpenses": 0, "sellingGeneralAndAdministrativeExpenses": 407951000, "otherExpenses": 16194000, "operatingExpenses": 464003000, "costAndExpenses": 895113000, "interestIncome": 0, "interestExpense": 67503000, "depreciationAndAmortization": 84511000, "ebitda": 152686000, "ebitdaratio": 0.1606137333, "operatingIncome": 45854000, "operatingIncomeRatio": 0.0482348226, "totalOtherIncomeExpensesNet": -12647000, "incomeBeforeTax": 672000, "incomeBeforeTaxRatio": 0.0007068915, "incomeTaxExpense": 11864000, "netIncome": -11192000, "netIncomeRatio": -0.0117731089, "eps": -0.25, "epsdiluted": -0.25, "weightedAverageShsOut": 44707000, "weightedAverageShsOutDil": 44707000, "link": "https://www.sec.gov/Archives/edgar/data/711404/000119312507270797/0001193125-07-270797-index.htm", "finalLink": "https://www.sec.gov/Archives/edgar/data/711404/000119312507270797/d10k.htm", "calculatedOtherExpenses": 25868000, "calculatedOperatingExpenses": 473677000, "calculatedNetInterest": -67503000, "calculatedOtherIncome": 22321000, "calculatedIncomeNonControlling": 0, "calculatedEbitda": 130365000}, {"date": "2006-10-31", "symbol": "COO", "reportedCurrency": "USD", "cik": "0000711404", "fillingDate": "2006-12-26", "acceptedDate": "2006-12-22 17:43:35", "calendarYear": "2006", "period": "FY", "revenue": 858960000, "costOfRevenue": 332983000, "grossProfit": 525977000, "grossProfitRatio": 0.612341669, "researchAndDevelopmentExpenses": 34547000, "generalAndAdministrativeExpenses": 0, "sellingAndMarketingExpenses": 0, "sellingGeneralAndAdministrativeExpenses": 357842000, "otherExpenses": 14303000, "operatingExpenses": 406692000, "costAndExpenses": 739675000, "interestIncome": 0, "interestExpense": 58650000, "depreciationAndAmortization": 61647000, "ebitda": 193634000, "ebitdaratio": 0.2254284251, "operatingIncome": 112900000, "operatingIncomeRatio": 0.1314380181, "totalOtherIncomeExpensesNet": -12702000, "incomeBeforeTax": 73337000, "incomeBeforeTaxRatio": 0.0853788302, "incomeTaxExpense": 7103000, "netIncome": 66234000, "netIncomeRatio": 0.0771095278, "eps": 1.49, "epsdiluted": 1.44, "weightedAverageShsOut": 44522000, "weightedAverageShsOutDil": 47569000, "link": "https://www.sec.gov/Archives/edgar/data/711404/000119312506259322/0001193125-06-259322-index.htm", "finalLink": "https://www.sec.gov/Archives/edgar/data/711404/000119312506259322/d10k.htm", "calculatedOtherExpenses": 20688000, "calculatedOperatingExpenses": 413077000, "calculatedNetInterest": -58650000, "calculatedOtherIncome": 19087000, "calculatedIncomeNonControlling": 0, "calculatedEbitda": 174547000}, {"date": "2005-10-31", "symbol": "COO", "reportedCurrency": "USD", "cik": "0000711404", "fillingDate": "2006-01-17", "acceptedDate": "2006-01-17 17:07:56", "calendarYear": "2005", "period": "FY", "revenue": 806617000, "costOfRevenue": 309785000, "grossProfit": 496832000, "grossProfitRatio": 0.6159453619, "researchAndDevelopmentExpenses": 42879000, "generalAndAdministrativeExpenses": 0, "sellingAndMarketingExpenses": 0, "sellingGeneralAndAdministrativeExpenses": 297953000, "otherExpenses": 11704000, "operatingExpenses": 352536000, "costAndExpenses": 662321000, "interestIncome": 0, "interestExpense": 43555000, "depreciationAndAmortization": 48638000, "ebitda": 200650000, "ebitdaratio": 0.2487549853, "operatingIncome": 135834000, "operatingIncomeRatio": 0.1683996246, "totalOtherIncomeExpensesNet": -7716000, "incomeBeforeTax": 108457000, "incomeBeforeTaxRatio": 0.1344591051, "incomeTaxExpense": 16735000, "netIncome": 91722000, "netIncomeRatio": 0.11371196, "eps": 2.06, "epsdiluted": 2.04, "weightedAverageShsOut": 41257000, "weightedAverageShsOutDil": 44961765, "link": "https://www.sec.gov/Archives/edgar/data/711404/000119312506007300/0001193125-06-007300-index.htm", "finalLink": "https://www.sec.gov/Archives/edgar/data/711404/000119312506007300/d10k.htm", "calculatedOtherExpenses": 20166000, "calculatedOperatingExpenses": 360998000, "calculatedNetInterest": -43555000, "calculatedOtherIncome": 16178000, "calculatedIncomeNonControlling": 0, "calculatedEbitda": 184472000}, {"date": "2004-10-31", "symbol": "COO", "reportedCurrency": "USD", "cik": "0000711404", "fillingDate": "2005-01-14", "acceptedDate": "2005-01-14 12:33:35", "calendarYear": "2004", "period": "FY", "revenue": 490176000, "costOfRevenue": 174346000, "grossProfit": 315830000, "grossProfitRatio": 0.6443195913, "researchAndDevelopmentExpenses": 6493000, "generalAndAdministrativeExpenses": 0, "sellingAndMarketingExpenses": 0, "sellingGeneralAndAdministrativeExpenses": 190534000, "otherExpenses": 2052000, "operatingExpenses": 199079000, "costAndExpenses": 373425000, "interestIncome": 0, "interestExpense": 2520000, "depreciationAndAmortization": 15651000, "ebitda": 130660000, "ebitdaratio": 0.2665573182, "operatingIncome": 116751000, "operatingIncomeRatio": 0.2381817959, "totalOtherIncomeExpensesNet": 1742000, "incomeBeforeTax": 112489000, "incomeBeforeTaxRatio": 0.2294869598, "incomeTaxExpense": 19664000, "netIncome": 92825000, "netIncomeRatio": 0.1893707566, "eps": 2.83, "epsdiluted": 2.59, "weightedAverageShsOut": 32468000, "weightedAverageShsOutDil": 35839768, "link": "https://www.sec.gov/Archives/edgar/data/711404/000119312505006454/0001193125-05-006454-index.htm", "finalLink": "https://www.sec.gov/Archives/edgar/data/711404/000119312505006454/d10k.htm", "calculatedOtherExpenses": 2052000, "calculatedOperatingExpenses": 199079000, "calculatedNetInterest": -2520000, "calculatedOtherIncome": -1742000, "calculatedIncomeNonControlling": 0, "calculatedEbitda": 132402000}, {"date": "2003-10-31", "symbol": "COO", "reportedCurrency": "USD", "cik": "0000711404", "fillingDate": "2004-01-28", "acceptedDate": "2004-01-28 13:11:10", "calendarYear": "2003", "period": "FY", "revenue": 411790000, "costOfRevenue": 146588000, "grossProfit": 265202000, "grossProfitRatio": 0.6440224386, "researchAndDevelopmentExpenses": 5573000, "generalAndAdministrativeExpenses": 0, "sellingAndMarketingExpenses": 0, "sellingGeneralAndAdministrativeExpenses": 162852000, "otherExpenses": 1535000, "operatingExpenses": 169960000, "costAndExpenses": 316548000, "interestIncome": 0, "interestExpense": 2546000, "depreciationAndAmortization": 12525000, "ebitda": 105558000, "ebitdaratio": 0.2563393963, "operatingIncome": 95242000, "operatingIncomeRatio": 0.2312877923, "totalOtherIncomeExpensesNet": 2209000, "incomeBeforeTax": 90487000, "incomeBeforeTaxRatio": 0.2197406445, "incomeTaxExpense": 21717000, "netIncome": 68770000, "netIncomeRatio": 0.1670025984, "eps": 2.2, "epsdiluted": 2.09, "weightedAverageShsOut": 31226000, "weightedAverageShsOutDil": 33245000, "link": "https://www.sec.gov/Archives/edgar/data/711404/000095011704000415/0000950117-04-000415-index.htm", "finalLink": "https://www.sec.gov/Archives/edgar/data/711404/000095011704000415/a36926.txt", "calculatedOtherExpenses": 1535000, "calculatedOperatingExpenses": 169960000, "calculatedNetInterest": -2546000, "calculatedOtherIncome": -2209000, "calculatedIncomeNonControlling": 0, "calculatedEbitda": 107767000}, {"date": "2002-10-31", "symbol": "COO", "reportedCurrency": "USD", "cik": "0000711404", "fillingDate": "2003-01-27", "acceptedDate": "2003-01-27 14:49:12", "calendarYear": "2002", "period": "FY", "revenue": 315306000, "costOfRevenue": 115813000, "grossProfit": 199493000, "grossProfitRatio": 0.6326964917, "researchAndDevelopmentExpenses": 4315000, "generalAndAdministrativeExpenses": 0, "sellingAndMarketingExpenses": 0, "sellingGeneralAndAdministrativeExpenses": 126730000, "otherExpenses": 1480000, "operatingExpenses": 132525000, "costAndExpenses": 248338000, "interestIncome": 0, "interestExpense": -3273000, "depreciationAndAmortization": 11369000, "ebitda": 73265000, "ebitdaratio": 0.2323615789, "operatingIncome": 66971000, "operatingIncomeRatio": 0.2124000178, "totalOtherIncomeExpensesNet": 5072000, "incomeBeforeTax": 65169000, "incomeBeforeTaxRatio": 0.2066849346, "incomeTaxExpense": 16294000, "netIncome": 48875000, "netIncomeRatio": 0.1550081508, "eps": 1.6, "epsdiluted": 1.57, "weightedAverageShsOut": 30558000, "weightedAverageShsOutDil": 31189000, "link": "https://www.sec.gov/Archives/edgar/data/711404/000095011703000230/0000950117-03-000230-index.htm", "finalLink": "https://www.sec.gov/Archives/edgar/data/711404/000095011703000230/a34226.txt", "calculatedOtherExpenses": 1477000, "calculatedOperatingExpenses": 132522000, "calculatedNetInterest": 3273000, "calculatedOtherIncome": -5075000, "calculatedIncomeNonControlling": 0, "calculatedEbitda": 78340000}, {"date": "2001-10-31", "symbol": "COO", "reportedCurrency": "USD", "cik": "0000711404", "fillingDate": "2002-01-25", "acceptedDate": "2002-01-25 00:00:00", "calendarYear": "2001", "period": "FY", "revenue": 234572000, "costOfRevenue": 81204000, "grossProfit": 153368000, "grossProfitRatio": 0.6538205753, "researchAndDevelopmentExpenses": 3658000, "generalAndAdministrativeExpenses": 0, "sellingAndMarketingExpenses": 0, "sellingGeneralAndAdministrativeExpenses": 89770000, "otherExpenses": 5182000, "operatingExpenses": 98610000, "costAndExpenses": 179814000, "interestIncome": 0, "interestExpense": 1522000, "depreciationAndAmortization": 10988000, "ebitda": 64638000, "ebitdaratio": 0.275557185, "operatingIncome": 54758000, "operatingIncomeRatio": 0.233437921, "totalOtherIncomeExpensesNet": 1108000, "incomeBeforeTax": 52128000, "incomeBeforeTaxRatio": 0.2222260116, "incomeTaxExpense": 14992000, "netIncome": 37136000, "netIncomeRatio": 0.1583138653, "eps": 1.25, "epsdiluted": 1.22, "weightedAverageShsOut": 29674000, "weightedAverageShsOutDil": 30492000, "link": "https://www.sec.gov/Archives/edgar/data/711404/000095011702000121/0000950117-02-000121-index.htm", "finalLink": "https://www.sec.gov/Archives/edgar/data/711404/000095011702000121/a31923.txt", "calculatedOtherExpenses": 5182000, "calculatedOperatingExpenses": 98610000, "calculatedNetInterest": -1522000, "calculatedOtherIncome": -1108000, "calculatedIncomeNonControlling": 0, "calculatedEbitda": 65746000}, {"date": "2000-10-31", "symbol": "COO", "reportedCurrency": "USD", "cik": "0000711404", "fillingDate": "2001-01-26", "acceptedDate": "2001-01-26 00:00:00", "calendarYear": "2000", "period": "FY", "revenue": 197317000, "costOfRevenue": 63579000, "grossProfit": 133738000, "grossProfitRatio": 0.6777824516, "researchAndDevelopmentExpenses": 2711000, "generalAndAdministrativeExpenses": 0, "sellingAndMarketingExpenses": 0, "sellingGeneralAndAdministrativeExpenses": 75424000, "otherExpenses": 8734000, "operatingExpenses": 86869000, "costAndExpenses": 150448000, "interestIncome": 0, "interestExpense": 5172000, "depreciationAndAmortization": 8734000, "ebitda": 55601000, "ebitdaratio": 0.2817851478, "operatingIncome": 46869000, "operatingIncomeRatio": 0.2375314849, "totalOtherIncomeExpensesNet": 2000, "incomeBeforeTax": 42127000, "incomeBeforeTaxRatio": 0.2134990903, "incomeTaxExpense": 12727000, "netIncome": 28968000, "netIncomeRatio": 0.1468094488, "eps": 1.02, "epsdiluted": 1, "weightedAverageShsOut": 28376000, "weightedAverageShsOutDil": 29020000, "link": "https://www.sec.gov/Archives/edgar/data/711404/000095011701000155/0000950117-01-000155-index.htm", "finalLink": "https://www.sec.gov/Archives/edgar/data/711404/000095011701000155/0000950117-01-000155-0001.txt", "calculatedOtherExpenses": 8734000, "calculatedOperatingExpenses": 86869000, "calculatedNetInterest": -5172000, "calculatedOtherIncome": 430000, "calculatedIncomeNonControlling": 432000, "calculatedEbitda": 55603000}, {"date": "1999-10-31", "symbol": "COO", "reportedCurrency": "USD", "cik": "0000711404", "fillingDate": "2000-01-28", "acceptedDate": "2000-01-28 00:00:00", "calendarYear": "1999", "period": "FY", "revenue": 165300000, "costOfRevenue": 54400000, "grossProfit": 110900000, "grossProfitRatio": 0.6709013914, "researchAndDevelopmentExpenses": 2000000, "generalAndAdministrativeExpenses": 0, "sellingAndMarketingExpenses": 0, "sellingGeneralAndAdministrativeExpenses": 61700000, "otherExpenses": 8400000, "operatingExpenses": 72100000, "costAndExpenses": 126500000, "interestIncome": 0, "interestExpense": 2800000, "depreciationAndAmortization": 8400000, "ebitda": 47000000, "ebitdaratio": 0.2843315185, "operatingIncome": 38800000, "operatingIncomeRatio": 0.2347247429, "totalOtherIncomeExpensesNet": 200000, "incomeBeforeTax": 32700000, "incomeBeforeTaxRatio": 0.1978221416, "incomeTaxExpense": 10700000, "netIncome": 25100000, "netIncomeRatio": 0.1518451301, "eps": 0.89, "epsdiluted": 0.88, "weightedAverageShsOut": 28196000, "weightedAverageShsOutDil": 28624000, "link": "https://www.sec.gov/Archives/edgar/data/711404/000095011700000158/0000950117-00-000158-index.html", "finalLink": "https://www.sec.gov/Archives/edgar/data/711404/000095011700000158/", "calculatedOtherExpenses": 8400000, "calculatedOperatingExpenses": 72100000, "calculatedNetInterest": -2800000, "calculatedOtherIncome": -3300000, "calculatedIncomeNonControlling": -3100000, "calculatedEbitda": 47200000}, {"date": "1998-10-31", "symbol": "COO", "reportedCurrency": "USD", "cik": "0000711404", "fillingDate": "1999-01-27", "acceptedDate": "1999-01-27 00:00:00", "calendarYear": "1998", "period": "FY", "revenue": 147200000, "costOfRevenue": 50900000, "grossProfit": 96300000, "grossProfitRatio": 0.6542119565, "researchAndDevelopmentExpenses": 1900000, "generalAndAdministrativeExpenses": 0, "sellingAndMarketingExpenses": 0, "sellingGeneralAndAdministrativeExpenses": 56200000, "otherExpenses": 8400000, "operatingExpenses": 66500000, "costAndExpenses": 117400000, "interestIncome": 0, "interestExpense": 25100000, "depreciationAndAmortization": 8400000, "ebitda": 38600000, "ebitdaratio": 0.2622282609, "operatingIncome": 29800000, "operatingIncomeRatio": 0.2024456522, "totalOtherIncomeExpensesNet": -400000, "incomeBeforeTax": 23100000, "incomeBeforeTaxRatio": 0.1569293478, "incomeTaxExpense": -34700000, "netIncome": 39800000, "netIncomeRatio": 0.2703804348, "eps": 1.35, "epsdiluted": 1.31, "weightedAverageShsOut": 29656000, "weightedAverageShsOutDil": 30538000, "link": "https://www.sec.gov/Archives/edgar/data/711404/000095011799000112/0000950117-99-000112-index.html", "finalLink": "https://www.sec.gov/Archives/edgar/data/711404/", "calculatedOtherExpenses": 8400000, "calculatedOperatingExpenses": 66500000, "calculatedNetInterest": -25100000, "calculatedOtherIncome": 18400000, "calculatedIncomeNonControlling": 18000000, "calculatedEbitda": 38200000}, {"date": "1997-10-31", "symbol": "COO", "reportedCurrency": "USD", "cik": "0000711404", "fillingDate": "1998-01-27", "acceptedDate": "1998-01-27 00:00:00", "calendarYear": "1997", "period": "FY", "revenue": 141500000, "costOfRevenue": 70900000, "grossProfit": 70600000, "grossProfitRatio": 0.4989399293, "researchAndDevelopmentExpenses": 1700000, "generalAndAdministrativeExpenses": 0, "sellingAndMarketingExpenses": 0, "sellingGeneralAndAdministrativeExpenses": 38300000, "otherExpenses": 4700000, "operatingExpenses": 44700000, "costAndExpenses": 115600000, "interestIncome": 0, "interestExpense": 20900000, "depreciationAndAmortization": 4700000, "ebitda": 30400000, "ebitdaratio": 0.2148409894, "operatingIncome": 25900000, "operatingIncomeRatio": 0.1830388693, "totalOtherIncomeExpensesNet": 200000, "incomeBeforeTax": 21800000, "incomeBeforeTaxRatio": 0.1540636042, "incomeTaxExpense": -26600000, "netIncome": 31400000, "netIncomeRatio": 0.2219081272, "eps": 1.2, "epsdiluted": 1.2, "weightedAverageShsOut": 25857741, "weightedAverageShsOutDil": 25857741, "link": "https://www.sec.gov/Archives/edgar/data/711404/000095011798000109/0000950117-98-000109-index.html", "finalLink": "https://www.sec.gov/Archives/edgar/data/711404/", "calculatedOtherExpenses": 4700000, "calculatedOperatingExpenses": 44700000, "calculatedNetInterest": -20900000, "calculatedOtherIncome": 16800000, "calculatedIncomeNonControlling": 17000000, "calculatedEbitda": 30600000}, {"date": "1996-10-31", "symbol": "COO", "reportedCurrency": "USD", "cik": "0000711404", "fillingDate": "1997-01-27", "acceptedDate": "1997-01-27 00:00:00", "calendarYear": "1996", "period": "FY", "revenue": 109100000, "costOfRevenue": 57500000, "grossProfit": 51600000, "grossProfitRatio": 0.4729605866, "researchAndDevelopmentExpenses": 1200000, "generalAndAdministrativeExpenses": 0, "sellingAndMarketingExpenses": 0, "sellingGeneralAndAdministrativeExpenses": 29700000, "otherExpenses": 3900000, "operatingExpenses": 34800000, "costAndExpenses": 92300000, "interestIncome": 0, "interestExpense": 4100000, "depreciationAndAmortization": 3900000, "ebitda": 20100000, "ebitdaratio": 0.1842346471, "operatingIncome": 16800000, "operatingIncomeRatio": 0.1539871677, "totalOtherIncomeExpensesNet": 600000, "incomeBeforeTax": 12100000, "incomeBeforeTaxRatio": 0.1109074244, "incomeTaxExpense": -4500000, "netIncome": 16600000, "netIncomeRatio": 0.1521539872, "eps": 0.72, "epsdiluted": 0.71, "weightedAverageShsOut": 23216783, "weightedAverageShsOutDil": 23546099, "link": "https://www.sec.gov/Archives/edgar/data/711404/000095011797000110/0000950117-97-000110-index.html", "finalLink": "https://www.sec.gov/Archives/edgar/data/711404/", "calculatedOtherExpenses": 3900000, "calculatedOperatingExpenses": 34800000, "calculatedNetInterest": -4100000, "calculatedOtherIncome": -600000, "calculatedIncomeNonControlling": 0, "calculatedEbitda": 20700000}, {"date": "1995-10-31", "symbol": "COO", "reportedCurrency": "USD", "cik": "0000711404", "fillingDate": "1996-01-16", "acceptedDate": "1996-01-16 00:00:00", "calendarYear": "1995", "period": "FY", "revenue": 97100000, "costOfRevenue": 57000000, "grossProfit": 40100000, "grossProfitRatio": 0.4129763131, "researchAndDevelopmentExpenses": 2900000, "generalAndAdministrativeExpenses": 0, "sellingAndMarketingExpenses": 0, "sellingGeneralAndAdministrativeExpenses": 25800000, "otherExpenses": 3300000, "operatingExpenses": 32000000, "costAndExpenses": 89000000, "interestIncome": 0, "interestExpense": 11100000, "depreciationAndAmortization": 3300000, "ebitda": 14600000, "ebitdaratio": 0.1503604531, "operatingIncome": 8100000, "operatingIncomeRatio": 0.0834191555, "totalOtherIncomeExpensesNet": -3200000, "incomeBeforeTax": 200000, "incomeBeforeTaxRatio": 0.0020597322, "incomeTaxExpense": 100000, "netIncome": 100000, "netIncomeRatio": 0.0010298661, "eps": 0.005, "epsdiluted": 0.005, "weightedAverageShsOut": 23152000, "weightedAverageShsOutDil": 23152000, "link": "https://www.sec.gov/Archives/edgar/data/711404/000095011796000034/0000950117-96-000034-index.html", "finalLink": "https://www.sec.gov/Archives/edgar/data/711404/", "calculatedOtherExpenses": 3300000, "calculatedOperatingExpenses": 32000000, "calculatedNetInterest": -11100000, "calculatedOtherIncome": 3200000, "calculatedIncomeNonControlling": 0, "calculatedEbitda": 11400000}, {"date": "1994-10-31", "symbol": "COO", "reportedCurrency": "USD", "cik": "0000711404", "fillingDate": "1995-01-26", "acceptedDate": "1995-01-26 00:00:00", "calendarYear": "1994", "period": "FY", "revenue": 95600000, "costOfRevenue": 60800000, "grossProfit": 34800000, "grossProfitRatio": 0.3640167364, "researchAndDevelopmentExpenses": 0, "generalAndAdministrativeExpenses": 0, "sellingAndMarketingExpenses": 0, "sellingGeneralAndAdministrativeExpenses": 35400000, "otherExpenses": 4200000, "operatingExpenses": 39600000, "costAndExpenses": 100400000, "interestIncome": 0, "interestExpense": 4600000, "depreciationAndAmortization": 4200000, "ebitda": -500000, "ebitdaratio": -0.0052301255, "operatingIncome": -4800000, "operatingIncomeRatio": -0.050209205, "totalOtherIncomeExpensesNet": -100000, "incomeBeforeTax": -9300000, "incomeBeforeTaxRatio": -0.0972803347, "incomeTaxExpense": -4600000, "netIncome": -4700000, "netIncomeRatio": -0.0491631799, "eps": -0.23, "epsdiluted": -0.23, "weightedAverageShsOut": 20700612, "weightedAverageShsOutDil": 20700612, "link": "https://www.sec.gov/Archives/edgar/data/711404/000095011795000007/0000950117-95-000007-index.html", "finalLink": "https://www.sec.gov/Archives/edgar/data/711404/", "calculatedOtherExpenses": 4200000, "calculatedOperatingExpenses": 39600000, "calculatedNetInterest": -4600000, "calculatedOtherIncome": 100000, "calculatedIncomeNonControlling": 0, "calculatedEbitda": -600000}, {"date": "1993-10-31", "symbol": "COO", "reportedCurrency": "USD", "cik": "0000711404", "fillingDate": "1994-01-28", "acceptedDate": "1994-01-28 00:00:00", "calendarYear": "1993", "period": "FY", "revenue": 92700000, "costOfRevenue": 58800000, "grossProfit": 33900000, "grossProfitRatio": 0.3656957929, "researchAndDevelopmentExpenses": 0, "generalAndAdministrativeExpenses": 0, "sellingAndMarketingExpenses": 0, "sellingGeneralAndAdministrativeExpenses": 52600000, "otherExpenses": 4800000, "operatingExpenses": 57400000, "costAndExpenses": 116200000, "interestIncome": 0, "interestExpense": 27100000, "depreciationAndAmortization": 4800000, "ebitda": -14600000, "ebitdaratio": -0.1574973031, "operatingIncome": -23500000, "operatingIncomeRatio": -0.2535059331, "totalOtherIncomeExpensesNet": -4100000, "incomeBeforeTax": -33700000, "incomeBeforeTaxRatio": -0.3635382956, "incomeTaxExpense": 400000, "netIncome": -46900000, "netIncomeRatio": -0.5059331176, "eps": -2.33, "epsdiluted": -2.33, "weightedAverageShsOut": 20170940, "weightedAverageShsOutDil": 20170940, "link": "https://www.sec.gov/Archives/edgar/data/711404/000095011794000020/0000950117-94-000020-index.html", "finalLink": "https://www.sec.gov/Archives/edgar/data/711404/", "calculatedOtherExpenses": 4800000, "calculatedOperatingExpenses": 57400000, "calculatedNetInterest": -27100000, "calculatedOtherIncome": 16900000, "calculatedIncomeNonControlling": 12800000, "calculatedEbitda": -18700000}, {"date": "1992-10-31", "symbol": "COO", "reportedCurrency": "USD", "cik": "0000711404", "fillingDate": "1992-10-31", "acceptedDate": "1992-10-31 00:00:00", "calendarYear": "1992", "period": "FY", "revenue": 63300000, "costOfRevenue": 34100000, "grossProfit": 29200000, "grossProfitRatio": 0.4612954186, "researchAndDevelopmentExpenses": 0, "generalAndAdministrativeExpenses": 0, "sellingAndMarketingExpenses": 0, "sellingGeneralAndAdministrativeExpenses": 48600000, "otherExpenses": 1500000, "operatingExpenses": 50100000, "costAndExpenses": 84200000, "interestIncome": 0, "interestExpense": -7700000, "depreciationAndAmortization": 1500000, "ebitda": -31000000, "ebitdaratio": -0.4897314376, "operatingIncome": -20900000, "operatingIncomeRatio": -0.3301737757, "totalOtherIncomeExpensesNet": 11600000, "incomeBeforeTax": -16100000, "incomeBeforeTaxRatio": -0.2543443918, "incomeTaxExpense": 100000, "netIncome": -24900000, "netIncomeRatio": -0.3933649289, "eps": -1.3, "epsdiluted": -1.3, "weightedAverageShsOut": 19139785, "weightedAverageShsOutDil": 19139785, "link": null, "finalLink": null, "calculatedOtherExpenses": 1500000, "calculatedOperatingExpenses": 50100000, "calculatedNetInterest": 7700000, "calculatedOtherIncome": -2900000, "calculatedIncomeNonControlling": 8700000, "calculatedEbitda": -19400000}, {"date": "1991-10-31", "symbol": "COO", "reportedCurrency": "USD", "cik": "0000711404", "fillingDate": "1991-10-31", "acceptedDate": "1991-10-31 00:00:00", "calendarYear": "1991", "period": "FY", "revenue": 35500000, "costOfRevenue": 15900000, "grossProfit": 19600000, "grossProfitRatio": 0.5521126761, "researchAndDevelopmentExpenses": 0, "generalAndAdministrativeExpenses": 0, "sellingAndMarketingExpenses": 0, "sellingGeneralAndAdministrativeExpenses": 48800000, "otherExpenses": 1000000, "operatingExpenses": 49800000, "costAndExpenses": 65700000, "interestIncome": 0, "interestExpense": -18400000, "depreciationAndAmortization": 1000000, "ebitda": -42000000, "ebitdaratio": -1.1830985915, "operatingIncome": -30200000, "operatingIncomeRatio": -0.8507042254, "totalOtherIncomeExpensesNet": 12800000, "incomeBeforeTax": -24600000, "incomeBeforeTaxRatio": -0.6929577465, "incomeTaxExpense": 200000, "netIncome": -24800000, "netIncomeRatio": -0.6985915493, "eps": -1.44, "epsdiluted": -1.44, "weightedAverageShsOut": 17206349, "weightedAverageShsOutDil": 17206349, "link": null, "finalLink": null, "calculatedOtherExpenses": 1000000, "calculatedOperatingExpenses": 49800000, "calculatedNetInterest": 18400000, "calculatedOtherIncome": -12800000, "calculatedIncomeNonControlling": 0, "calculatedEbitda": -29200000}, {"date": "1990-10-31", "symbol": "COO", "reportedCurrency": "USD", "cik": "0000711404", "fillingDate": "1990-10-31", "acceptedDate": "1990-10-31 00:00:00", "calendarYear": "1990", "period": "FY", "revenue": 48200000, "costOfRevenue": 17400000, "grossProfit": 30800000, "grossProfitRatio": 0.6390041494, "researchAndDevelopmentExpenses": 0, "generalAndAdministrativeExpenses": 0, "sellingAndMarketingExpenses": 0, "sellingGeneralAndAdministrativeExpenses": 42700000, "otherExpenses": 1400000, "operatingExpenses": 44100000, "costAndExpenses": 61500000, "interestIncome": 0, "interestExpense": -27100000, "depreciationAndAmortization": 1400000, "ebitda": -30400000, "ebitdaratio": -0.6307053942, "operatingIncome": -13300000, "operatingIncomeRatio": -0.27593361, "totalOtherIncomeExpensesNet": 18500000, "incomeBeforeTax": -4000000, "incomeBeforeTaxRatio": -0.0829875519, "incomeTaxExpense": -3000000, "netIncome": -1700000, "netIncomeRatio": -0.0352697095, "eps": -0.0999, "epsdiluted": -0.0999, "weightedAverageShsOut": 17024000, "weightedAverageShsOutDil": 17024000, "link": null, "finalLink": null, "calculatedOtherExpenses": 1400000, "calculatedOperatingExpenses": 44100000, "calculatedNetInterest": 27100000, "calculatedOtherIncome": -17800000, "calculatedIncomeNonControlling": 700000, "calculatedEbitda": -11900000}, {"date": "1989-10-31", "symbol": "COO", "reportedCurrency": "USD", "cik": "0000711404", "fillingDate": "1989-10-31", "acceptedDate": "1989-10-31 00:00:00", "calendarYear": "1989", "period": "FY", "revenue": 52800000, "costOfRevenue": 6800000, "grossProfit": 46000000, "grossProfitRatio": 0.8712121212, "researchAndDevelopmentExpenses": 0, "generalAndAdministrativeExpenses": 0, "sellingAndMarketingExpenses": 0, "sellingGeneralAndAdministrativeExpenses": 46900000, "otherExpenses": 13700000, "operatingExpenses": 60600000, "costAndExpenses": 67400000, "interestIncome": 0, "interestExpense": -14700000, "depreciationAndAmortization": 13700000, "ebitda": -19500000, "ebitdaratio": -0.3693181818, "operatingIncome": -14600000, "operatingIncomeRatio": -0.2765151515, "totalOtherIncomeExpensesNet": 18600000, "incomeBeforeTax": -18500000, "incomeBeforeTaxRatio": -0.3503787879, "incomeTaxExpense": -2200000, "netIncome": -16300000, "netIncomeRatio": -0.3087121212, "eps": -1.05, "epsdiluted": -1.05, "weightedAverageShsOut": 15501355, "weightedAverageShsOutDil": 15501355, "link": null, "finalLink": null, "calculatedOtherExpenses": 13700000, "calculatedOperatingExpenses": 60600000, "calculatedNetInterest": 14700000, "calculatedOtherIncome": -18600000, "calculatedIncomeNonControlling": 0, "calculatedEbitda": -900000}, {"date": "1988-10-31", "symbol": "COO", "reportedCurrency": "USD", "cik": "0000711404", "fillingDate": "1988-10-31", "acceptedDate": "1988-10-31 00:00:00", "calendarYear": "1988", "period": "FY", "revenue": 611300000, "costOfRevenue": 293200000, "grossProfit": 318100000, "grossProfitRatio": 0.5203664322, "researchAndDevelopmentExpenses": 0, "generalAndAdministrativeExpenses": 0, "sellingAndMarketingExpenses": 0, "sellingGeneralAndAdministrativeExpenses": 261800000, "otherExpenses": 33400000, "operatingExpenses": 295200000, "costAndExpenses": 588400000, "interestIncome": 0, "interestExpense": 262000000, "depreciationAndAmortization": 33400000, "ebitda": 154600000, "ebitdaratio": 0.252903648, "operatingIncome": 22900000, "operatingIncomeRatio": 0.0374611484, "totalOtherIncomeExpensesNet": -98300000, "incomeBeforeTax": -141100000, "incomeBeforeTaxRatio": -0.2308195649, "incomeTaxExpense": 10900000, "netIncome": -151700000, "netIncomeRatio": -0.2481596597, "eps": -9.8, "epsdiluted": -9.8, "weightedAverageShsOut": 15485714, "weightedAverageShsOutDil": 15485714, "link": null, "finalLink": null, "calculatedOtherExpenses": 33400000, "calculatedOperatingExpenses": 295200000, "calculatedNetInterest": -262000000, "calculatedOtherIncome": 98000000, "calculatedIncomeNonControlling": -300000, "calculatedEbitda": 56300000}, {"date": "1987-10-31", "symbol": "COO", "reportedCurrency": "USD", "cik": "0000711404", "fillingDate": "1987-10-31", "acceptedDate": "1987-10-31 00:00:00", "calendarYear": "1987", "period": "FY", "revenue": 627500000, "costOfRevenue": 265200000, "grossProfit": 362300000, "grossProfitRatio": 0.5773705179, "researchAndDevelopmentExpenses": 0, "generalAndAdministrativeExpenses": 0, "sellingAndMarketingExpenses": 0, "sellingGeneralAndAdministrativeExpenses": 311600000, "otherExpenses": 42000000, "operatingExpenses": 353600000, "costAndExpenses": 618800000, "interestIncome": 0, "interestExpense": -286500000, "depreciationAndAmortization": 42000000, "ebitda": -118000000, "ebitdaratio": -0.1880478088, "operatingIncome": 8700000, "operatingIncomeRatio": 0.0138645418, "totalOtherIncomeExpensesNet": 168700000, "incomeBeforeTax": 126500000, "incomeBeforeTaxRatio": 0.2015936255, "incomeTaxExpense": 58200000, "netIncome": 68300000, "netIncomeRatio": 0.1088446215, "eps": 4.46, "epsdiluted": 4.23, "weightedAverageShsOut": 15331089, "weightedAverageShsOutDil": 16146572, "link": null, "finalLink": null, "calculatedOtherExpenses": 42000000, "calculatedOperatingExpenses": 353600000, "calculatedNetInterest": 286500000, "calculatedOtherIncome": -168700000, "calculatedIncomeNonControlling": 0, "calculatedEbitda": 50700000}, {"date": "1986-10-31", "symbol": "COO", "reportedCurrency": "USD", "cik": "0000711404", "fillingDate": "1986-10-31", "acceptedDate": "1986-10-31 00:00:00", "calendarYear": "1986", "period": "FY", "revenue": 460300000, "costOfRevenue": 181400000, "grossProfit": 278900000, "grossProfitRatio": 0.6059091897, "researchAndDevelopmentExpenses": 0, "generalAndAdministrativeExpenses": 0, "sellingAndMarketingExpenses": 0, "sellingGeneralAndAdministrativeExpenses": 218600000, "otherExpenses": 22500000, "operatingExpenses": 241100000, "costAndExpenses": 422500000, "interestIncome": 0, "interestExpense": 96500000, "depreciationAndAmortization": 22500000, "ebitda": 82500000, "ebitdaratio": 0.1792309363, "operatingIncome": 37800000, "operatingIncomeRatio": 0.0821203563, "totalOtherIncomeExpensesNet": -22200000, "incomeBeforeTax": -22900000, "incomeBeforeTaxRatio": -0.0497501629, "incomeTaxExpense": 2200000, "netIncome": -38700000, "netIncomeRatio": -0.0840756029, "eps": -2.66, "epsdiluted": -2.66, "weightedAverageShsOut": 14576271, "weightedAverageShsOutDil": 14576271, "link": null, "finalLink": null, "calculatedOtherExpenses": 22500000, "calculatedOperatingExpenses": 241100000, "calculatedNetInterest": -96500000, "calculatedOtherIncome": 35800000, "calculatedIncomeNonControlling": 13600000, "calculatedEbitda": 60300000}, {"date": "1985-10-31", "symbol": "COO", "reportedCurrency": "USD", "cik": "0000711404", "fillingDate": "1985-10-31", "acceptedDate": "1985-10-31 00:00:00", "calendarYear": "1985", "period": "FY", "revenue": 331000000, "costOfRevenue": 112000000, "grossProfit": 219000000, "grossProfitRatio": 0.6616314199, "researchAndDevelopmentExpenses": 0, "generalAndAdministrativeExpenses": 0, "sellingAndMarketingExpenses": 0, "sellingGeneralAndAdministrativeExpenses": 154300000, "otherExpenses": 14300000, "operatingExpenses": 168600000, "costAndExpenses": 280600000, "interestIncome": 0, "interestExpense": 6000000, "depreciationAndAmortization": 14300000, "ebitda": 57900000, "ebitdaratio": 0.1749244713, "operatingIncome": 50400000, "operatingIncomeRatio": 0.152265861, "totalOtherIncomeExpensesNet": 6800000, "incomeBeforeTax": 37600000, "incomeBeforeTaxRatio": 0.1135951662, "incomeTaxExpense": 2400000, "netIncome": 35200000, "netIncomeRatio": 0.1063444109, "eps": 2.52, "epsdiluted": 2.52, "weightedAverageShsOut": 13968254, "weightedAverageShsOutDil": 13968254, "link": null, "finalLink": null, "calculatedOtherExpenses": 14300000, "calculatedOperatingExpenses": 168600000, "calculatedNetInterest": -6000000, "calculatedOtherIncome": -6800000, "calculatedIncomeNonControlling": 0, "calculatedEbitda": 64700000}]}