{"originalCurrency": "USD", "convertedCurrency": "USD", "report": [{"date": "2023-12-31", "symbol": "COOP", "reportedCurrency": "USD", "cik": "0000933136", "fillingDate": "2023-12-31", "acceptedDate": "2023-12-29 19:00:00", "calendarYear": "2023", "period": "FY", "revenue": 1794000000, "costOfRevenue": 1171000000, "grossProfit": 623000000, "grossProfitRatio": 0.3472686734, "researchAndDevelopmentExpenses": 0, "generalAndAdministrativeExpenses": 538000000, "sellingAndMarketingExpenses": 23000000, "sellingGeneralAndAdministrativeExpenses": 538000000, "otherExpenses": -1172000000, "operatingExpenses": 1172000000, "costAndExpenses": 1172000000, "interestIncome": 528000000, "interestExpense": 537000000, "depreciationAndAmortization": 38000000, "ebitda": 555000000, "ebitdaratio": 0.3093645485, "operatingIncome": 622000000, "operatingIncomeRatio": 0.3467112598, "totalOtherIncomeExpensesNet": 32000000, "incomeBeforeTax": 654000000, "incomeBeforeTaxRatio": 0.364548495, "incomeTaxExpense": 154000000, "netIncome": 500000000, "netIncomeRatio": 0.2787068004, "eps": 7.45, "epsdiluted": 7.29, "weightedAverageShsOut": 67069999, "weightedAverageShsOutDil": 68549000, "link": null, "finalLink": null, "calculatedOtherExpenses": -537000000, "calculatedOperatingExpenses": 1000000, "calculatedNetInterest": -9000000, "calculatedOtherIncome": 41000000, "calculatedIncomeNonControlling": 0, "calculatedEbitda": 660000000}, {"date": "2022-12-31", "symbol": "COOP", "reportedCurrency": "USD", "cik": "0000933136", "fillingDate": "2023-02-16", "acceptedDate": "2023-02-16 16:07:36", "calendarYear": "2022", "period": "FY", "revenue": 2464000000, "costOfRevenue": 1038000000, "grossProfit": 1426000000, "grossProfitRatio": 0.5787337662, "researchAndDevelopmentExpenses": 0, "generalAndAdministrativeExpenses": 485000000, "sellingAndMarketingExpenses": 37000000, "sellingGeneralAndAdministrativeExpenses": 485000000, "otherExpenses": 175000000, "operatingExpenses": 660000000, "costAndExpenses": 1698000000, "interestIncome": 261000000, "interestExpense": 424000000, "depreciationAndAmortization": 37000000, "ebitda": 1027000000, "ebitdaratio": 0.4168019481, "operatingIncome": 990000000, "operatingIncomeRatio": 0.4017857143, "totalOtherIncomeExpensesNet": 224000000, "incomeBeforeTax": 1214000000, "incomeBeforeTaxRatio": 0.4926948052, "incomeTaxExpense": 291000000, "netIncome": 923000000, "netIncomeRatio": 0.3745941558, "eps": 12.84, "epsdiluted": 12.5, "weightedAverageShsOut": 71885000, "weightedAverageShsOutDil": 73818000, "link": "https://www.sec.gov/Archives/edgar/data/933136/000093313623000009/0000933136-23-000009-index.htm", "finalLink": "https://www.sec.gov/Archives/edgar/data/933136/000093313623000009/coop-20221231.htm", "calculatedOtherExpenses": -49000000, "calculatedOperatingExpenses": 436000000, "calculatedNetInterest": -163000000, "calculatedOtherIncome": 387000000, "calculatedIncomeNonControlling": 0, "calculatedEbitda": 1027000000}, {"date": "2021-12-31", "symbol": "COOP", "reportedCurrency": "USD", "cik": "0000933136", "fillingDate": "2022-02-17", "acceptedDate": "2022-02-17 07:38:07", "calendarYear": "2021", "period": "FY", "revenue": 3318000000, "costOfRevenue": 1514000000, "grossProfit": 1804000000, "grossProfitRatio": 0.5437010247, "researchAndDevelopmentExpenses": 0, "generalAndAdministrativeExpenses": 626000000, "sellingAndMarketingExpenses": 40000000, "sellingGeneralAndAdministrativeExpenses": 626000000, "otherExpenses": 231000000, "operatingExpenses": 857000000, "costAndExpenses": 1662000000, "interestIncome": 231000000, "interestExpense": 478000000, "depreciationAndAmortization": 57000000, "ebitda": 2415000000, "ebitdaratio": 0.7278481013, "operatingIncome": 2358000000, "operatingIncomeRatio": 0.7106690778, "totalOtherIncomeExpensesNet": -421000000, "incomeBeforeTax": 1937000000, "incomeBeforeTaxRatio": 0.5837854129, "incomeTaxExpense": 471000000, "netIncome": 1454000000, "netIncomeRatio": 0.4382157926, "eps": 17.24, "epsdiluted": 16.53, "weightedAverageShsOut": 82247000, "weightedAverageShsOutDil": 85806000, "link": "https://www.sec.gov/Archives/edgar/data/933136/000093313622000008/0000933136-22-000008-index.htm", "finalLink": "https://www.sec.gov/Archives/edgar/data/933136/000093313622000008/coop-20211231.htm", "calculatedOtherExpenses": -1180000000, "calculatedOperatingExpenses": -554000000, "calculatedNetInterest": -247000000, "calculatedOtherIncome": -174000000, "calculatedIncomeNonControlling": 12000000, "calculatedEbitda": 2415000000}, {"date": "2020-12-31", "symbol": "COOP", "reportedCurrency": "USD", "cik": "0000933136", "fillingDate": "2021-02-23", "acceptedDate": "2021-02-23 07:03:55", "calendarYear": "2020", "period": "FY", "revenue": 3067000000, "costOfRevenue": 1770000000, "grossProfit": 1297000000, "grossProfitRatio": 0.4228888164, "researchAndDevelopmentExpenses": 0, "generalAndAdministrativeExpenses": 763000000, "sellingAndMarketingExpenses": 38000000, "sellingGeneralAndAdministrativeExpenses": 763000000, "otherExpenses": -135000000, "operatingExpenses": 763000000, "costAndExpenses": 2533000000, "interestIncome": 334000000, "interestExpense": 702000000, "depreciationAndAmortization": 74000000, "ebitda": 608000000, "ebitdaratio": 0.1982393218, "operatingIncome": 534000000, "operatingIncomeRatio": 0.1741115096, "totalOtherIncomeExpensesNet": -135000000, "incomeBeforeTax": 399000000, "incomeBeforeTaxRatio": 0.1300945549, "incomeTaxExpense": 92000000, "netIncome": 305000000, "netIncomeRatio": 0.0994457124, "eps": 3.31, "epsdiluted": 3.2, "weightedAverageShsOut": 91312000, "weightedAverageShsOutDil": 94494000, "link": "https://www.sec.gov/Archives/edgar/data/933136/000093313621000005/0000933136-21-000005-index.htm", "finalLink": "https://www.sec.gov/Archives/edgar/data/933136/000093313621000005/coop-20201231.htm", "calculatedOtherExpenses": 0, "calculatedOperatingExpenses": 763000000, "calculatedNetInterest": -368000000, "calculatedOtherIncome": 233000000, "calculatedIncomeNonControlling": 2000000, "calculatedEbitda": 608000000}, {"date": "2019-12-31", "symbol": "COOP", "reportedCurrency": "USD", "cik": "0000933136", "fillingDate": "2020-02-28", "acceptedDate": "2020-02-28 16:24:30", "calendarYear": "2019", "period": "FY", "revenue": 2007000000, "costOfRevenue": 1736000000, "grossProfit": 271000000, "grossProfitRatio": 0.1350274041, "researchAndDevelopmentExpenses": 0, "generalAndAdministrativeExpenses": 894000000, "sellingAndMarketingExpenses": 33000000, "sellingGeneralAndAdministrativeExpenses": 894000000, "otherExpenses": 254000000, "operatingExpenses": 1148000000, "costAndExpenses": 1851000000, "interestIncome": 605000000, "interestExpense": 779000000, "depreciationAndAmortization": 91000000, "ebitda": 776000000, "ebitdaratio": 0.3866467364, "operatingIncome": 685000000, "operatingIncomeRatio": 0.341305431, "totalOtherIncomeExpensesNet": -688000000, "incomeBeforeTax": -3000000, "incomeBeforeTaxRatio": -0.0014947683, "incomeTaxExpense": -273000000, "netIncome": 274000000, "netIncomeRatio": 0.1365221724, "eps": 2.99, "epsdiluted": 2.95, "weightedAverageShsOut": 91035000, "weightedAverageShsOutDil": 92144000, "link": "https://www.sec.gov/Archives/edgar/data/933136/000093313620000005/0000933136-20-000005-index.htm", "finalLink": "https://www.sec.gov/Archives/edgar/data/933136/000093313620000005/mrcooper1231201910-k.htm", "calculatedOtherExpenses": -1308000000, "calculatedOperatingExpenses": -414000000, "calculatedNetInterest": -174000000, "calculatedOtherIncome": -514000000, "calculatedIncomeNonControlling": -4000000, "calculatedEbitda": 776000000}, {"date": "2018-12-31", "symbol": "COOP", "reportedCurrency": "USD", "cik": "0000933136", "fillingDate": "2019-03-11", "acceptedDate": "2019-03-11 17:20:10", "calendarYear": "2018", "period": "FY", "revenue": 1790000000, "costOfRevenue": 0, "grossProfit": 1790000000, "grossProfitRatio": 1, "researchAndDevelopmentExpenses": 0, "generalAndAdministrativeExpenses": 1580000000, "sellingAndMarketingExpenses": 0, "sellingGeneralAndAdministrativeExpenses": 1580000000, "otherExpenses": 72000000, "operatingExpenses": 1652000000, "costAndExpenses": 1652000000, "interestIncome": 0, "interestExpense": -92000000, "depreciationAndAmortization": 72000000, "ebitda": 45000000, "ebitdaratio": 0.0251396648, "operatingIncome": 138000000, "operatingIncomeRatio": 0.0770949721, "totalOtherIncomeExpensesNet": -73000000, "incomeBeforeTax": 65000000, "incomeBeforeTaxRatio": 0.0363128492, "incomeTaxExpense": -973000000, "netIncome": 1038000000, "netIncomeRatio": 0.5798882682, "eps": 11.3, "epsdiluted": 11.3, "weightedAverageShsOut": 91823899, "weightedAverageShsOutDil": 91830000, "link": "https://www.sec.gov/Archives/edgar/data/933136/000093313619000030/0000933136-19-000030-index.htm", "finalLink": "https://www.sec.gov/Archives/edgar/data/933136/000093313619000030/mrcooper1231201810-k.htm", "calculatedOtherExpenses": 72000000, "calculatedOperatingExpenses": 1652000000, "calculatedNetInterest": 92000000, "calculatedOtherIncome": -165000000, "calculatedIncomeNonControlling": 0, "calculatedEbitda": 210000000}, {"date": "2017-12-31", "symbol": "COOP", "reportedCurrency": "USD", "cik": "0000933136", "fillingDate": "2018-03-02", "acceptedDate": "2018-03-02 16:53:00", "calendarYear": "2017", "period": "FY", "revenue": 36248000, "costOfRevenue": 0, "grossProfit": 36248000, "grossProfitRatio": 1, "researchAndDevelopmentExpenses": 0, "generalAndAdministrativeExpenses": 14457000, "sellingAndMarketingExpenses": 0, "sellingGeneralAndAdministrativeExpenses": 14457000, "otherExpenses": 1460543000, "operatingExpenses": 1475000000, "costAndExpenses": 10366000, "interestIncome": 6481000, "interestExpense": 1788000, "depreciationAndAmortization": 29770000, "ebitda": 27287000, "ebitdaratio": 0.7527863606, "operatingIncome": -2483000, "operatingIncomeRatio": -0.0685003311, "totalOtherIncomeExpensesNet": 28365000, "incomeBeforeTax": 25882000, "incomeBeforeTaxRatio": 0.7140256014, "incomeTaxExpense": 18050000, "netIncome": 25882000, "netIncomeRatio": 0.7140256014, "eps": 0.31, "epsdiluted": 0.3, "weightedAverageShsOut": 20125167, "weightedAverageShsOutDil": 17721742, "link": "https://www.sec.gov/Archives/edgar/data/933136/000156459018004269/0001564590-18-004269-index.htm", "finalLink": "https://www.sec.gov/Archives/edgar/data/933136/000156459018004269/wmih-10k_20171231.htm", "calculatedOtherExpenses": 24274000, "calculatedOperatingExpenses": 38731000, "calculatedNetInterest": 4693000, "calculatedOtherIncome": 23672000, "calculatedIncomeNonControlling": -18050000, "calculatedEbitda": 27287000}, {"date": "2016-12-31", "symbol": "COOP", "reportedCurrency": "USD", "cik": "0000933136", "fillingDate": "2017-03-14", "acceptedDate": "2017-03-14 16:17:06", "calendarYear": "2016", "period": "FY", "revenue": 207122000, "costOfRevenue": 0, "grossProfit": 207122000, "grossProfitRatio": 1, "researchAndDevelopmentExpenses": 0, "generalAndAdministrativeExpenses": 7043000, "sellingAndMarketingExpenses": 0, "sellingGeneralAndAdministrativeExpenses": 7043000, "otherExpenses": 1636957000, "operatingExpenses": 1644000000, "costAndExpenses": 5422000, "interestIncome": 1572000, "interestExpense": 2616000, "depreciationAndAmortization": 204238000, "ebitda": 204316000, "ebitdaratio": 0.986452429, "operatingIncome": 78000, "operatingIncomeRatio": 0.0003765896, "totalOtherIncomeExpensesNet": 201622000, "incomeBeforeTax": 201700000, "incomeBeforeTaxRatio": 0.9738221918, "incomeTaxExpense": 18000000, "netIncome": 201700000, "netIncomeRatio": 0.9738221918, "eps": 0.19, "epsdiluted": 0.19, "weightedAverageShsOut": 18340442, "weightedAverageShsOutDil": 19617196, "link": "https://www.sec.gov/Archives/edgar/data/933136/000156459017004292/0001564590-17-004292-index.htm", "finalLink": "https://www.sec.gov/Archives/edgar/data/933136/000156459017004292/wmih-10k_20161231.htm", "calculatedOtherExpenses": 200001000, "calculatedOperatingExpenses": 207044000, "calculatedNetInterest": -1044000, "calculatedOtherIncome": 202666000, "calculatedIncomeNonControlling": -18000000, "calculatedEbitda": 204316000}, {"date": "2015-12-31", "symbol": "COOP", "reportedCurrency": "USD", "cik": "0000933136", "fillingDate": "2016-03-11", "acceptedDate": "2016-03-11 16:16:57", "calendarYear": "2015", "period": "FY", "revenue": -48047000, "costOfRevenue": 0, "grossProfit": -48047000, "grossProfitRatio": 1, "researchAndDevelopmentExpenses": 0, "generalAndAdministrativeExpenses": 20940000, "sellingAndMarketingExpenses": 0, "sellingGeneralAndAdministrativeExpenses": 20940000, "otherExpenses": -940000, "operatingExpenses": 20000000, "costAndExpenses": 13786000, "interestIncome": 268000, "interestExpense": 3702000, "depreciationAndAmortization": -43074000, "ebitda": -58131000, "ebitdaratio": 1.209877828, "operatingIncome": -15057000, "operatingIncomeRatio": 0.3133806481, "totalOtherIncomeExpensesNet": -46776000, "incomeBeforeTax": -61833000, "incomeBeforeTaxRatio": 1.2869273836, "incomeTaxExpense": 17748000, "netIncome": -61833000, "netIncomeRatio": 1.2869273836, "eps": -3.68, "epsdiluted": -3.68, "weightedAverageShsOut": 16812150, "weightedAverageShsOutDil": 16812217, "link": "https://www.sec.gov/Archives/edgar/data/933136/000156459016014568/0001564590-16-014568-index.htm", "finalLink": "https://www.sec.gov/Archives/edgar/data/933136/000156459016014568/wmih-10k_20151231.htm", "calculatedOtherExpenses": -53930000, "calculatedOperatingExpenses": -32990000, "calculatedNetInterest": -3434000, "calculatedOtherIncome": -43342000, "calculatedIncomeNonControlling": -17748000, "calculatedEbitda": -58131000}, {"date": "2014-12-31", "symbol": "COOP", "reportedCurrency": "USD", "cik": "0000933136", "fillingDate": "2015-02-27", "acceptedDate": "2015-02-27 16:29:52", "calendarYear": "2014", "period": "FY", "revenue": 10211000, "costOfRevenue": 0, "grossProfit": 10211000, "grossProfitRatio": 1, "researchAndDevelopmentExpenses": 0, "generalAndAdministrativeExpenses": 6526000, "sellingAndMarketingExpenses": 0, "sellingGeneralAndAdministrativeExpenses": 6526000, "otherExpenses": 3474000, "operatingExpenses": 10000000, "costAndExpenses": 7141000, "interestIncome": 11000, "interestExpense": 22225000, "depreciationAndAmortization": 0, "ebitda": 31858000, "ebitdaratio": 3.1199686612, "operatingIncome": 31858000, "operatingIncomeRatio": 3.1199686612, "totalOtherIncomeExpensesNet": -28788000, "incomeBeforeTax": 3070000, "incomeBeforeTaxRatio": 0.3006561551, "incomeTaxExpense": 0, "netIncome": 3070000, "netIncomeRatio": 0.3006561551, "eps": -0.36, "epsdiluted": -0.36, "weightedAverageShsOut": 16739159, "weightedAverageShsOutDil": 16739198, "link": "https://www.sec.gov/Archives/edgar/data/933136/000156459015001104/0001564590-15-001104-index.htm", "finalLink": "https://www.sec.gov/Archives/edgar/data/933136/000156459015001104/wmih-10k_20141231.htm", "calculatedOtherExpenses": -28173000, "calculatedOperatingExpenses": -21647000, "calculatedNetInterest": -22214000, "calculatedOtherIncome": -6574000, "calculatedIncomeNonControlling": 0, "calculatedEbitda": 31858000}, {"date": "2013-12-31", "symbol": "COOP", "reportedCurrency": "USD", "cik": "0000933136", "fillingDate": "2014-03-14", "acceptedDate": "2014-03-14 16:11:46", "calendarYear": "2013", "period": "FY", "revenue": 12477000, "costOfRevenue": 0, "grossProfit": 12477000, "grossProfitRatio": 1, "researchAndDevelopmentExpenses": 0, "generalAndAdministrativeExpenses": 5665000, "sellingAndMarketingExpenses": 0, "sellingGeneralAndAdministrativeExpenses": 5665000, "otherExpenses": -4665000, "operatingExpenses": 1000000, "costAndExpenses": 12139000, "interestIncome": 10000, "interestExpense": 14897000, "depreciationAndAmortization": 0, "ebitda": 15235000, "ebitdaratio": 1.221046726, "operatingIncome": 15235000, "operatingIncomeRatio": 1.221046726, "totalOtherIncomeExpensesNet": -14897000, "incomeBeforeTax": 338000, "incomeBeforeTaxRatio": 0.0270898453, "incomeTaxExpense": 0, "netIncome": 338000, "netIncomeRatio": 0.0270898453, "eps": 0.0202, "epsdiluted": 0.0202, "weightedAverageShsOut": 16692005, "weightedAverageShsOutDil": 16692182, "link": "https://www.sec.gov/Archives/edgar/data/933136/000119312514100035/0001193125-14-100035-index.htm", "finalLink": "https://www.sec.gov/Archives/edgar/data/933136/000119312514100035/d630387d10k.htm", "calculatedOtherExpenses": -8423000, "calculatedOperatingExpenses": -2758000, "calculatedNetInterest": -14887000, "calculatedOtherIncome": -10000, "calculatedIncomeNonControlling": 0, "calculatedEbitda": 15235000}, {"date": "2012-12-31", "symbol": "COOP", "reportedCurrency": "USD", "cik": "0000933136", "fillingDate": "2013-03-15", "acceptedDate": "2013-03-15 16:58:44", "calendarYear": "2012", "period": "FY", "revenue": 41000000, "costOfRevenue": 0, "grossProfit": 41000000, "grossProfitRatio": 1, "researchAndDevelopmentExpenses": 0, "generalAndAdministrativeExpenses": 5000000, "sellingAndMarketingExpenses": 0, "sellingGeneralAndAdministrativeExpenses": 5000000, "otherExpenses": 39000000, "operatingExpenses": 44000000, "costAndExpenses": 44000000, "interestIncome": 0, "interestExpense": -14000000, "depreciationAndAmortization": -28000000, "ebitda": -30000000, "ebitdaratio": -0.7317073171, "operatingIncome": -2000000, "operatingIncomeRatio": -0.0487804878, "totalOtherIncomeExpensesNet": -14000000, "incomeBeforeTax": -16000000, "incomeBeforeTaxRatio": -0.3902439024, "incomeTaxExpense": 0, "netIncome": -16000000, "netIncomeRatio": -0.3902439024, "eps": -0.94, "epsdiluted": -0.94, "weightedAverageShsOut": 16666666, "weightedAverageShsOutDil": 16666666, "link": "https://www.sec.gov/Archives/edgar/data/933136/000119312513110149/0001193125-13-110149-index.htm", "finalLink": "https://www.sec.gov/Archives/edgar/data/933136/000119312513110149/d445890d10k.htm", "calculatedOtherExpenses": 38000000, "calculatedOperatingExpenses": 43000000, "calculatedNetInterest": 14000000, "calculatedOtherIncome": -28000000, "calculatedIncomeNonControlling": 0, "calculatedEbitda": -30000000}, {"date": "2011-12-31", "symbol": "COOP", "reportedCurrency": "USD", "cik": "0000933136", "fillingDate": "2011-12-31", "acceptedDate": "2011-12-30 19:00:00", "calendarYear": "2011", "period": "FY", "revenue": 46131000, "costOfRevenue": 0, "grossProfit": 46131000, "grossProfitRatio": 1, "researchAndDevelopmentExpenses": 0, "generalAndAdministrativeExpenses": 2594000, "sellingAndMarketingExpenses": 0, "sellingGeneralAndAdministrativeExpenses": 2594000, "otherExpenses": -59598000, "operatingExpenses": -57004000, "costAndExpenses": 57004000, "interestIncome": 49000, "interestExpense": 0, "depreciationAndAmortization": 0, "ebitda": -10873000, "ebitdaratio": -0.2356983373, "operatingIncome": -10873000, "operatingIncomeRatio": -0.2356983373, "totalOtherIncomeExpensesNet": 0, "incomeBeforeTax": -10873000, "incomeBeforeTaxRatio": -0.2356983373, "incomeTaxExpense": 0, "netIncome": -10873000, "netIncomeRatio": -0.2356983373, "eps": -0.0765, "epsdiluted": -0.0765, "weightedAverageShsOut": 142112706, "weightedAverageShsOutDil": 142112706, "link": "", "finalLink": "", "calculatedOtherExpenses": 54410000, "calculatedOperatingExpenses": 57004000, "calculatedNetInterest": 49000, "calculatedOtherIncome": -49000, "calculatedIncomeNonControlling": 0, "calculatedEbitda": -10873000}, {"date": "2010-12-31", "symbol": "COOP", "reportedCurrency": "USD", "cik": "0000933136", "fillingDate": "2010-12-31", "acceptedDate": "2010-12-30 19:00:00", "calendarYear": "2010", "period": "FY", "revenue": 68244000, "costOfRevenue": 0, "grossProfit": 68244000, "grossProfitRatio": 1, "researchAndDevelopmentExpenses": 0, "generalAndAdministrativeExpenses": 6862000, "sellingAndMarketingExpenses": 0, "sellingGeneralAndAdministrativeExpenses": 6862000, "otherExpenses": -82204000, "operatingExpenses": -75342000, "costAndExpenses": 75859000, "interestIncome": 47000, "interestExpense": 517000, "depreciationAndAmortization": 0, "ebitda": -7098000, "ebitdaratio": -0.1040091437, "operatingIncome": -7098000, "operatingIncomeRatio": -0.1040091437, "totalOtherIncomeExpensesNet": -517000, "incomeBeforeTax": -7615000, "incomeBeforeTaxRatio": -0.1115849012, "incomeTaxExpense": 13027000, "netIncome": 5412000, "netIncomeRatio": 0.079303675, "eps": 0.0693, "epsdiluted": 0.0693, "weightedAverageShsOut": 78041521, "weightedAverageShsOutDil": 78041521, "link": "", "finalLink": "", "calculatedOtherExpenses": 68480000, "calculatedOperatingExpenses": 75342000, "calculatedNetInterest": -470000, "calculatedOtherIncome": -47000, "calculatedIncomeNonControlling": -26054000, "calculatedEbitda": -7098000}, {"date": "2007-12-31", "symbol": "COOP", "reportedCurrency": "USD", "cik": "0000933136", "fillingDate": "2008-02-29", "acceptedDate": "2008-02-29 16:30:24", "calendarYear": "2007", "period": "FY", "revenue": 14219000000, "costOfRevenue": 0, "grossProfit": 14219000000, "grossProfitRatio": 1, "researchAndDevelopmentExpenses": 0, "generalAndAdministrativeExpenses": 3766000000, "sellingAndMarketingExpenses": 445000000, "sellingGeneralAndAdministrativeExpenses": 4211000000, "otherExpenses": -4042000000, "operatingExpenses": 169000000, "costAndExpenses": 169000000, "interestIncome": 19489000000, "interestExpense": 11312000000, "depreciationAndAmortization": 504000000, "ebitda": 14892000000, "ebitdaratio": 1.0473310359, "operatingIncome": 14388000000, "operatingIncomeRatio": 1.0118855053, "totalOtherIncomeExpensesNet": -14079000000, "incomeBeforeTax": 309000000, "incomeBeforeTaxRatio": 0.021731486, "incomeTaxExpense": 376000000, "netIncome": -67000000, "netIncomeRatio": -0.0047120051, "eps": -0.93, "epsdiluted": -0.93, "weightedAverageShsOut": 72000045, "weightedAverageShsOutDil": 72181627, "link": "https://www.sec.gov/Archives/edgar/data/933136/000104746908002083/0001047469-08-002083-index.htm", "finalLink": "https://www.sec.gov/Archives/edgar/data/933136/000104746908002083/a2182890z10-k.htm", "calculatedOtherExpenses": -4380000000, "calculatedOperatingExpenses": -169000000, "calculatedNetInterest": 8177000000, "calculatedOtherIncome": -22256000000, "calculatedIncomeNonControlling": 0, "calculatedEbitda": 14892000000}, {"date": "2006-12-31", "symbol": "COOP", "reportedCurrency": "USD", "cik": "0000933136", "fillingDate": "2007-03-01", "acceptedDate": "2007-03-01 16:49:57", "calendarYear": "2006", "period": "FY", "revenue": 14505000000, "costOfRevenue": 0, "grossProfit": 14505000000, "grossProfitRatio": 1, "researchAndDevelopmentExpenses": 0, "generalAndAdministrativeExpenses": 3937000000, "sellingAndMarketingExpenses": 443000000, "sellingGeneralAndAdministrativeExpenses": 4380000000, "otherExpenses": -18245000000, "operatingExpenses": -13865000000, "costAndExpenses": -13865000000, "interestIncome": 19907000000, "interestExpense": 11786000000, "depreciationAndAmortization": 827000000, "ebitda": 17553000000, "ebitdaratio": 1.2101344364, "operatingIncome": 640000000, "operatingIncomeRatio": 0.0441227163, "totalOtherIncomeExpensesNet": 315000000, "incomeBeforeTax": 4770000000, "incomeBeforeTaxRatio": 0.32885212, "incomeTaxExpense": 1656000000, "netIncome": 3558000000, "netIncomeRatio": 0.245294726, "eps": 44.88, "epsdiluted": 43.68, "weightedAverageShsOut": 79030600, "weightedAverageShsOutDil": 81283508, "link": "https://www.sec.gov/Archives/edgar/data/933136/000110465907015590/0001104659-07-015590-index.htm", "finalLink": "https://www.sec.gov/Archives/edgar/data/933136/000110465907015590/a07-3851_110k.htm", "calculatedOtherExpenses": 9485000000, "calculatedOperatingExpenses": 13865000000, "calculatedNetInterest": 8121000000, "calculatedOtherIncome": -3991000000, "calculatedIncomeNonControlling": -444000000, "calculatedEbitda": 1467000000}, {"date": "2005-12-31", "symbol": "COOP", "reportedCurrency": "USD", "cik": "0000933136", "fillingDate": "2006-03-15", "acceptedDate": "2006-03-15 13:53:34", "calendarYear": "2005", "period": "FY", "revenue": 13624000000, "costOfRevenue": 0, "grossProfit": 13624000000, "grossProfitRatio": 1, "researchAndDevelopmentExpenses": 0, "generalAndAdministrativeExpenses": 3737000000, "sellingAndMarketingExpenses": 327000000, "sellingGeneralAndAdministrativeExpenses": 4064000000, "otherExpenses": -4207000000, "operatingExpenses": -143000000, "costAndExpenses": -143000000, "interestIncome": 15588000000, "interestExpense": 7702000000, "depreciationAndAmortization": 2656000000, "ebitda": 16137000000, "ebitdaratio": 1.1844539049, "operatingIncome": 13481000000, "operatingIncomeRatio": 0.9895038168, "totalOtherIncomeExpensesNet": -8043000000, "incomeBeforeTax": 5438000000, "incomeBeforeTaxRatio": 0.3991485614, "incomeTaxExpense": 2006000000, "netIncome": 3432000000, "netIncomeRatio": 0.2519083969, "eps": 46.08, "epsdiluted": 44.76, "weightedAverageShsOut": 74535868, "weightedAverageShsOutDil": 76602860, "link": "https://www.sec.gov/Archives/edgar/data/933136/000110465906016786/0001104659-06-016786-index.htm", "finalLink": "https://www.sec.gov/Archives/edgar/data/933136/000110465906016786/a06-2446_110k.htm", "calculatedOtherExpenses": -3921000000, "calculatedOperatingExpenses": 143000000, "calculatedNetInterest": 7886000000, "calculatedOtherIncome": -15929000000, "calculatedIncomeNonControlling": 0, "calculatedEbitda": 16137000000}, {"date": "2004-12-31", "symbol": "COOP", "reportedCurrency": "USD", "cik": "0000933136", "fillingDate": "2005-03-14", "acceptedDate": "2005-03-14 15:57:48", "calendarYear": "2004", "period": "FY", "revenue": 11728000000, "costOfRevenue": 0, "grossProfit": 11728000000, "grossProfitRatio": 1, "researchAndDevelopmentExpenses": 0, "generalAndAdministrativeExpenses": 3428000000, "sellingAndMarketingExpenses": 276000000, "sellingGeneralAndAdministrativeExpenses": 3704000000, "otherExpenses": -15431250000, "operatingExpenses": -11727250000, "costAndExpenses": -11727250000, "interestIncome": 11350000000, "interestExpense": 4234000000, "depreciationAndAmortization": 3169000000, "ebitda": 11248000000, "ebitdaratio": 0.9590723056, "operatingIncome": 750000, "operatingIncomeRatio": 6.39495e-05, "totalOtherIncomeExpensesNet": 1032250000, "incomeBeforeTax": 3984000000, "incomeBeforeTaxRatio": 0.3396998636, "incomeTaxExpense": 1505000000, "netIncome": 2878000000, "netIncomeRatio": 0.2453956344, "eps": 40.08, "epsdiluted": 39.12, "weightedAverageShsOut": 71806100, "weightedAverageShsOutDil": 73568213, "link": "https://www.sec.gov/Archives/edgar/data/933136/000104746905006351/0001047469-05-006351-index.htm", "finalLink": "https://www.sec.gov/Archives/edgar/data/933136/000104746905006351/a2153144z10-k.htm", "calculatedOtherExpenses": 8023250000, "calculatedOperatingExpenses": 11727250000, "calculatedNetInterest": 7116000000, "calculatedOtherIncome": -3132750000, "calculatedIncomeNonControlling": -399000000, "calculatedEbitda": 3169750000}, {"date": "2003-12-31", "symbol": "COOP", "reportedCurrency": "USD", "cik": "0000933136", "fillingDate": "2004-03-15", "acceptedDate": "2004-03-15 14:50:20", "calendarYear": "2003", "period": "FY", "revenue": 13479000000, "costOfRevenue": 0, "grossProfit": 13479000000, "grossProfitRatio": 1, "researchAndDevelopmentExpenses": 0, "generalAndAdministrativeExpenses": 3304000000, "sellingAndMarketingExpenses": 278000000, "sellingGeneralAndAdministrativeExpenses": 3582000000, "otherExpenses": -16240000000, "operatingExpenses": -12658000000, "costAndExpenses": -12658000000, "interestIncome": 12163000000, "interestExpense": 4534000000, "depreciationAndAmortization": 3864000000, "ebitda": 13751000000, "ebitdaratio": 1.0201795385, "operatingIncome": 821000000, "operatingIncomeRatio": 0.060909563, "totalOtherIncomeExpensesNet": 488000000, "incomeBeforeTax": 6029000000, "incomeBeforeTaxRatio": 0.4472883745, "incomeTaxExpense": 2236000000, "netIncome": 3880000000, "netIncomeRatio": 0.2878551821, "eps": 51.48, "epsdiluted": 50.52, "weightedAverageShsOut": 75368774, "weightedAverageShsOutDil": 76800960, "link": "https://www.sec.gov/Archives/edgar/data/933136/000104746904007947/0001047469-04-007947-index.htm", "finalLink": "https://www.sec.gov/Archives/edgar/data/933136/000104746904007947/a2129328z10-k.htm", "calculatedOtherExpenses": 9076000000, "calculatedOperatingExpenses": 12658000000, "calculatedNetInterest": 7629000000, "calculatedOtherIncome": -2421000000, "calculatedIncomeNonControlling": -87000000, "calculatedEbitda": 4685000000}, {"date": "2002-12-31", "symbol": "COOP", "reportedCurrency": "USD", "cik": "0000933136", "fillingDate": "2003-03-17", "acceptedDate": "2003-03-14 21:46:46", "calendarYear": "2002", "period": "FY", "revenue": 13131000000, "costOfRevenue": 0, "grossProfit": 13131000000, "grossProfitRatio": 1, "researchAndDevelopmentExpenses": 0, "generalAndAdministrativeExpenses": 2899000000, "sellingAndMarketingExpenses": 246000000, "sellingGeneralAndAdministrativeExpenses": 2899000000, "otherExpenses": 0, "operatingExpenses": 454000000, "costAndExpenses": 454000000, "interestIncome": 14247000000, "interestExpense": 5906000000, "depreciationAndAmortization": 3206000000, "ebitda": 14498000000, "ebitdaratio": 1.1041047902, "operatingIncome": 11292000000, "operatingIncomeRatio": 0.8599497373, "totalOtherIncomeExpensesNet": -5138000000, "incomeBeforeTax": 6154000000, "incomeBeforeTaxRatio": 0.468661945, "incomeTaxExpense": 2258000000, "netIncome": 3896000000, "netIncomeRatio": 0.2967024598, "eps": 49.08, "epsdiluted": 48.24, "weightedAverageShsOut": 78565293, "weightedAverageShsOutDil": 79933345, "link": "https://www.sec.gov/Archives/edgar/data/933136/000104746903008846/0001047469-03-008846-index.htm", "finalLink": "https://www.sec.gov/Archives/edgar/data/933136/000104746903008846/a2105105z10-k.htm", "calculatedOtherExpenses": -1060000000, "calculatedOperatingExpenses": 1839000000, "calculatedNetInterest": 8341000000, "calculatedOtherIncome": -13479000000, "calculatedIncomeNonControlling": 0, "calculatedEbitda": 14498000000}, {"date": "2001-12-31", "symbol": "COOP", "reportedCurrency": "USD", "cik": "0000933136", "fillingDate": "2002-03-19", "acceptedDate": "2002-03-19 00:00:00", "calendarYear": "2001", "period": "FY", "revenue": 9503000000, "costOfRevenue": 0, "grossProfit": 9503000000, "grossProfitRatio": 1, "researchAndDevelopmentExpenses": 0, "generalAndAdministrativeExpenses": 1924000000, "sellingAndMarketingExpenses": 185000000, "sellingGeneralAndAdministrativeExpenses": 1924000000, "otherExpenses": 0, "operatingExpenses": 386000000, "costAndExpenses": 386000000, "interestIncome": 15065000000, "interestExpense": 8189000000, "depreciationAndAmortization": 1590000000, "ebitda": 13346000000, "ebitdaratio": 1.404398611, "operatingIncome": 11756000000, "operatingIncomeRatio": 1.2370830264, "totalOtherIncomeExpensesNet": -7445000000, "incomeBeforeTax": 4311000000, "incomeBeforeTaxRatio": 0.453646217, "incomeTaxExpense": 1579000000, "netIncome": 3114000000, "netIncomeRatio": 0.3276859939, "eps": 43.68, "epsdiluted": 42.96, "weightedAverageShsOut": 70901731, "weightedAverageShsOutDil": 72090028, "link": "https://www.sec.gov/Archives/edgar/data/933136/000091205702010535/0000912057-02-010535-index.htm", "finalLink": "https://www.sec.gov/Archives/edgar/data/933136/000091205702010535/a2072854z10-k.htm", "calculatedOtherExpenses": -4177000000, "calculatedOperatingExpenses": -2253000000, "calculatedNetInterest": 6876000000, "calculatedOtherIncome": -14321000000, "calculatedIncomeNonControlling": -382000000, "calculatedEbitda": 13346000000}, {"date": "2000-12-31", "symbol": "COOP", "reportedCurrency": "USD", "cik": "0000933136", "fillingDate": "2001-03-20", "acceptedDate": "2001-03-20 00:00:00", "calendarYear": "2000", "period": "FY", "revenue": 6295000000, "costOfRevenue": 0, "grossProfit": 6295000000, "grossProfitRatio": 1, "researchAndDevelopmentExpenses": 0, "generalAndAdministrativeExpenses": 1348000000, "sellingAndMarketingExpenses": 0, "sellingGeneralAndAdministrativeExpenses": 1348000000, "otherExpenses": 4814000000, "operatingExpenses": 6162000000, "costAndExpenses": 6162000000, "interestIncome": 13783000000, "interestExpense": 9472000000, "depreciationAndAmortization": 539000000, "ebitda": 12996000000, "ebitdaratio": 2.0644956315, "operatingIncome": 12457000000, "operatingIncomeRatio": 1.9788721207, "totalOtherIncomeExpensesNet": -9473000000, "incomeBeforeTax": 2984000000, "incomeBeforeTaxRatio": 0.4740270056, "incomeTaxExpense": 1085000000, "netIncome": 1899000000, "netIncomeRatio": 0.3016679905, "eps": 27.96, "epsdiluted": 27.84, "weightedAverageShsOut": 44755472, "weightedAverageShsOutDil": 44927609, "link": "https://www.sec.gov/Archives/edgar/data/933136/000109581101500539/0001095811-01-500539-index.htm", "finalLink": "https://www.sec.gov/Archives/edgar/data/933136/000109581101500539/v69729e10-k.txt", "calculatedOtherExpenses": -7510000000, "calculatedOperatingExpenses": -6162000000, "calculatedNetInterest": 4311000000, "calculatedOtherIncome": -13784000000, "calculatedIncomeNonControlling": 0, "calculatedEbitda": 12996000000}, {"date": "1999-12-31", "symbol": "COOP", "reportedCurrency": "USD", "cik": "0000933136", "fillingDate": "2000-03-15", "acceptedDate": "2000-03-15 00:00:00", "calendarYear": "1999", "period": "FY", "revenue": 5960800000, "costOfRevenue": 0, "grossProfit": 5960800000, "grossProfitRatio": 1, "researchAndDevelopmentExpenses": 0, "generalAndAdministrativeExpenses": 1186400000, "sellingAndMarketingExpenses": 0, "sellingGeneralAndAdministrativeExpenses": 1186400000, "otherExpenses": 3076100000, "operatingExpenses": 4262500000, "costAndExpenses": 4262500000, "interestIncome": 12062200000, "interestExpense": 7610400000, "depreciationAndAmortization": 400000000, "ebitda": 10623300000, "ebitdaratio": 1.7821936653, "operatingIncome": 10223300000, "operatingIncomeRatio": 1.7150885787, "totalOtherIncomeExpensesNet": -7339100000, "incomeBeforeTax": 2884200000, "incomeBeforeTaxRatio": 0.4838612267, "incomeTaxExpense": 1067100000, "netIncome": 1817100000, "netIncomeRatio": 0.304841632, "eps": 38.04, "epsdiluted": 37.92, "weightedAverageShsOut": 47767948, "weightedAverageShsOutDil": 47919112, "link": "https://www.sec.gov/Archives/edgar/data/933136/000089102000000493/0000891020-00-000493-index.html", "finalLink": "https://www.sec.gov/Archives/edgar/data/933136/000089102000000493/", "calculatedOtherExpenses": -5448900000, "calculatedOperatingExpenses": -4262500000, "calculatedNetInterest": 4451800000, "calculatedOtherIncome": -11790900000, "calculatedIncomeNonControlling": 0, "calculatedEbitda": 10623300000}, {"date": "1998-12-31", "symbol": "COOP", "reportedCurrency": "USD", "cik": "0000933136", "fillingDate": "1999-03-22", "acceptedDate": "1999-03-22 00:00:00", "calendarYear": "1998", "period": "FY", "revenue": 5815800000, "costOfRevenue": 0, "grossProfit": 5815800000, "grossProfitRatio": 1, "researchAndDevelopmentExpenses": 0, "generalAndAdministrativeExpenses": 1190700000, "sellingAndMarketingExpenses": 0, "sellingGeneralAndAdministrativeExpenses": 1190700000, "otherExpenses": 2100600000, "operatingExpenses": 3291300000, "costAndExpenses": 3291300000, "interestIncome": 11221500000, "interestExpense": 6929800000, "depreciationAndAmortization": 313500000, "ebitda": 9420600000, "ebitdaratio": 1.6198287424, "operatingIncome": 9107100000, "operatingIncomeRatio": 1.5659238626, "totalOtherIncomeExpensesNet": -6737700000, "incomeBeforeTax": 2369400000, "incomeBeforeTaxRatio": 0.4074074074, "incomeTaxExpense": 882500000, "netIncome": 1486900000, "netIncomeRatio": 0.2556656006, "eps": 31.32, "epsdiluted": 30.72, "weightedAverageShsOut": 46966607, "weightedAverageShsOutDil": 47883923, "link": "https://www.sec.gov/Archives/edgar/data/933136/000089102099000501/0000891020-99-000501-index.html", "finalLink": "https://www.sec.gov/Archives/edgar/data/933136/", "calculatedOtherExpenses": -4482000000, "calculatedOperatingExpenses": -3291300000, "calculatedNetInterest": 4291700000, "calculatedOtherIncome": -11029400000, "calculatedIncomeNonControlling": 0, "calculatedEbitda": 9420600000}, {"date": "1997-12-31", "symbol": "COOP", "reportedCurrency": "USD", "cik": "0000933136", "fillingDate": "1998-03-18", "acceptedDate": "1998-03-18 00:00:00", "calendarYear": "1997", "period": "FY", "revenue": 3369900000, "costOfRevenue": 0, "grossProfit": 3369900000, "grossProfitRatio": 1, "researchAndDevelopmentExpenses": 0, "generalAndAdministrativeExpenses": 821400000, "sellingAndMarketingExpenses": 0, "sellingGeneralAndAdministrativeExpenses": 821400000, "otherExpenses": 732200000, "operatingExpenses": 1553600000, "costAndExpenses": 1553600000, "interestIncome": 6811000000, "interestExpense": 4154500000, "depreciationAndAmortization": 222300000, "ebitda": 5145800000, "ebitdaratio": 1.5269889314, "operatingIncome": 4923500000, "operatingIncomeRatio": 1.4610225823, "totalOtherIncomeExpensesNet": -4022400000, "incomeBeforeTax": 901100000, "incomeBeforeTaxRatio": 0.2673966587, "incomeTaxExpense": 419300000, "netIncome": 481800000, "netIncomeRatio": 0.1429716015, "eps": 18.72, "epsdiluted": 18.24, "weightedAverageShsOut": 44838512, "weightedAverageShsOutDil": 46308628, "link": "https://www.sec.gov/Archives/edgar/data/933136/000089102098000348/0000891020-98-000348-index.html", "finalLink": "https://www.sec.gov/Archives/edgar/data/933136/", "calculatedOtherExpenses": -2375000000, "calculatedOperatingExpenses": -1553600000, "calculatedNetInterest": 2656500000, "calculatedOtherIncome": -6678900000, "calculatedIncomeNonControlling": 0, "calculatedEbitda": 5145800000}, {"date": "1996-12-31", "symbol": "COOP", "reportedCurrency": "USD", "cik": "0000933136", "fillingDate": "1997-03-10", "acceptedDate": "1997-03-10 00:00:00", "calendarYear": "1996", "period": "FY", "revenue": 1450300000, "costOfRevenue": 0, "grossProfit": 1450300000, "grossProfitRatio": 1, "researchAndDevelopmentExpenses": 0, "generalAndAdministrativeExpenses": 336100000, "sellingAndMarketingExpenses": 0, "sellingGeneralAndAdministrativeExpenses": 336100000, "otherExpenses": 356100000, "operatingExpenses": 692200000, "costAndExpenses": 692200000, "interestIncome": 3149200000, "interestExpense": 1958200000, "depreciationAndAmortization": 85700000, "ebitda": 2228200000, "ebitdaratio": 1.5363717851, "operatingIncome": 2142500000, "operatingIncomeRatio": 1.4772805626, "totalOtherIncomeExpensesNet": -1932600000, "incomeBeforeTax": 209900000, "incomeBeforeTaxRatio": 0.1447286768, "incomeTaxExpense": 95600000, "netIncome": 114300000, "netIncomeRatio": 0.0788112804, "eps": 6.6, "epsdiluted": 6.48, "weightedAverageShsOut": 13491279, "weightedAverageShsOutDil": 14506275, "link": "https://www.sec.gov/Archives/edgar/data/933136/000089102097000305/0000891020-97-000305-index.html", "finalLink": "https://www.sec.gov/Archives/edgar/data/933136/", "calculatedOtherExpenses": -1028300000, "calculatedOperatingExpenses": -692200000, "calculatedNetInterest": 1191000000, "calculatedOtherIncome": -3123600000, "calculatedIncomeNonControlling": 0, "calculatedEbitda": 2228200000}, {"date": "1995-12-31", "symbol": "COOP", "reportedCurrency": "USD", "cik": "0000933136", "fillingDate": "1995-12-31", "acceptedDate": "1995-12-30 19:00:00", "calendarYear": "1995", "period": "FY", "revenue": 684300000, "costOfRevenue": 0, "grossProfit": 684300000, "grossProfitRatio": 1, "researchAndDevelopmentExpenses": 0, "generalAndAdministrativeExpenses": 172300000, "sellingAndMarketingExpenses": 0, "sellingGeneralAndAdministrativeExpenses": 172300000, "otherExpenses": 378600000, "operatingExpenses": 550900000, "costAndExpenses": 550900000, "interestIncome": 1518700000, "interestExpense": 941100000, "depreciationAndAmortization": 24900000, "ebitda": 1260100000, "ebitdaratio": 1.8414438112, "operatingIncome": 1235200000, "operatingIncomeRatio": 1.8050562619, "totalOtherIncomeExpensesNet": -943200000, "incomeBeforeTax": 292000000, "incomeBeforeTaxRatio": 0.4267134298, "incomeTaxExpense": 101400000, "netIncome": 190600000, "netIncomeRatio": 0.2785328072, "eps": 14.76, "epsdiluted": 14.52, "weightedAverageShsOut": 13268506, "weightedAverageShsOutDil": 13693099, "link": "", "finalLink": "", "calculatedOtherExpenses": -723200000, "calculatedOperatingExpenses": -550900000, "calculatedNetInterest": 577600000, "calculatedOtherIncome": -1520800000, "calculatedIncomeNonControlling": 0, "calculatedEbitda": 1260100000}, {"date": "1994-12-31", "symbol": "COOP", "reportedCurrency": "USD", "cik": "0000933136", "fillingDate": "1994-12-31", "acceptedDate": "1994-12-30 19:00:00", "calendarYear": "1994", "period": "FY", "revenue": 679000000, "costOfRevenue": 0, "grossProfit": 679000000, "grossProfitRatio": 1, "researchAndDevelopmentExpenses": 0, "generalAndAdministrativeExpenses": 173600000, "sellingAndMarketingExpenses": 0, "sellingGeneralAndAdministrativeExpenses": 173600000, "otherExpenses": 54500000, "operatingExpenses": 228100000, "costAndExpenses": 228100000, "interestIncome": 1207800000, "interestExpense": 636600000, "depreciationAndAmortization": 34900000, "ebitda": 942000000, "ebitdaratio": 1.3873343152, "operatingIncome": 907100000, "operatingIncomeRatio": 1.3359351988, "totalOtherIncomeExpensesNet": -632400000, "incomeBeforeTax": 274700000, "incomeBeforeTaxRatio": 0.4045655376, "incomeTaxExpense": 102400000, "netIncome": 172300000, "netIncomeRatio": 0.2537555228, "eps": 10.57, "epsdiluted": 10.49, "weightedAverageShsOut": 12672185, "weightedAverageShsOutDil": 13087666, "link": "", "finalLink": "", "calculatedOtherExpenses": -401700000, "calculatedOperatingExpenses": -228100000, "calculatedNetInterest": 571200000, "calculatedOtherIncome": -1203600000, "calculatedIncomeNonControlling": 0, "calculatedEbitda": 942000000}, {"date": "1993-12-31", "symbol": "COOP", "reportedCurrency": "USD", "cik": "0000933136", "fillingDate": "1993-12-31", "acceptedDate": "1993-12-30 19:00:00", "calendarYear": "1993", "period": "FY", "revenue": 673300000, "costOfRevenue": 0, "grossProfit": 673300000, "grossProfitRatio": 1, "researchAndDevelopmentExpenses": 0, "generalAndAdministrativeExpenses": 162500000, "sellingAndMarketingExpenses": 0, "sellingGeneralAndAdministrativeExpenses": 162500000, "otherExpenses": -60200000, "operatingExpenses": 102300000, "costAndExpenses": 102300000, "interestIncome": 1035900000, "interestExpense": 506500000, "depreciationAndAmortization": 36500000, "ebitda": 812100000, "ebitdaratio": 1.2061488192, "operatingIncome": 775600000, "operatingIncomeRatio": 1.1519382148, "totalOtherIncomeExpensesNet": -506500000, "incomeBeforeTax": 269100000, "incomeBeforeTaxRatio": 0.3996732512, "incomeTaxExpense": 93800000, "netIncome": 179700000, "netIncomeRatio": 0.2668944007, "eps": 6.96, "epsdiluted": 6.96, "weightedAverageShsOut": 11869018, "weightedAverageShsOutDil": 12503240, "link": "", "finalLink": "", "calculatedOtherExpenses": -264800000, "calculatedOperatingExpenses": -102300000, "calculatedNetInterest": 529400000, "calculatedOtherIncome": -1035900000, "calculatedIncomeNonControlling": -4400000, "calculatedEbitda": 812100000}, {"date": "1992-12-31", "symbol": "COOP", "reportedCurrency": "USD", "cik": "0000933136", "fillingDate": "1992-12-31", "acceptedDate": "1992-12-30 19:00:00", "calendarYear": "1992", "period": "FY", "revenue": 383400000, "costOfRevenue": 0, "grossProfit": 383400000, "grossProfitRatio": 1, "researchAndDevelopmentExpenses": 0, "generalAndAdministrativeExpenses": 100400000, "sellingAndMarketingExpenses": 0, "sellingGeneralAndAdministrativeExpenses": 100400000, "otherExpenses": 65900000, "operatingExpenses": 166300000, "costAndExpenses": 166300000, "interestIncome": 691600000, "interestExpense": 396700000, "depreciationAndAmortization": 41100000, "ebitda": 590800000, "ebitdaratio": 1.5409494001, "operatingIncome": 549700000, "operatingIncomeRatio": 1.4337506521, "totalOtherIncomeExpensesNet": -396700000, "incomeBeforeTax": 153000000, "incomeBeforeTaxRatio": 0.3990610329, "incomeTaxExpense": 53000000, "netIncome": 95400000, "netIncomeRatio": 0.2488262911, "eps": 11.05, "epsdiluted": 10.41, "weightedAverageShsOut": 8636951, "weightedAverageShsOutDil": 9168456, "link": "", "finalLink": "", "calculatedOtherExpenses": -266700000, "calculatedOperatingExpenses": -166300000, "calculatedNetInterest": 294900000, "calculatedOtherIncome": -691600000, "calculatedIncomeNonControlling": 4600000, "calculatedEbitda": 590800000}, {"date": "1991-12-31", "symbol": "COOP", "reportedCurrency": "USD", "cik": "0000933136", "fillingDate": "1991-12-31", "acceptedDate": "1991-12-30 19:00:00", "calendarYear": "1991", "period": "FY", "revenue": 297600000, "costOfRevenue": 0, "grossProfit": 297600000, "grossProfitRatio": 1, "researchAndDevelopmentExpenses": 0, "generalAndAdministrativeExpenses": 76900000, "sellingAndMarketingExpenses": 0, "sellingGeneralAndAdministrativeExpenses": 76900000, "otherExpenses": 179700000, "operatingExpenses": 256600000, "costAndExpenses": 256600000, "interestIncome": 655500000, "interestExpense": 450800000, "depreciationAndAmortization": 10800000, "ebitda": 565000000, "ebitdaratio": 1.8985215054, "operatingIncome": 554200000, "operatingIncomeRatio": 1.8622311828, "totalOtherIncomeExpensesNet": -450800000, "incomeBeforeTax": 103400000, "incomeBeforeTaxRatio": 0.3474462366, "incomeTaxExpense": 35900000, "netIncome": 67500000, "netIncomeRatio": 0.2268145161, "eps": 8.96, "epsdiluted": 8.48, "weightedAverageShsOut": 7529687, "weightedAverageShsOutDil": 7955896, "link": "", "finalLink": "", "calculatedOtherExpenses": -333500000, "calculatedOperatingExpenses": -256600000, "calculatedNetInterest": 204700000, "calculatedOtherIncome": -655500000, "calculatedIncomeNonControlling": 0, "calculatedEbitda": 565000000}, {"date": "1990-12-31", "symbol": "COOP", "reportedCurrency": "USD", "cik": "0000933136", "fillingDate": "1990-12-31", "acceptedDate": "1990-12-30 19:00:00", "calendarYear": "1990", "period": "FY", "revenue": 228100000, "costOfRevenue": 0, "grossProfit": 228100000, "grossProfitRatio": 1, "researchAndDevelopmentExpenses": 0, "generalAndAdministrativeExpenses": 71700000, "sellingAndMarketingExpenses": 0, "sellingGeneralAndAdministrativeExpenses": 71700000, "otherExpenses": 214300000, "operatingExpenses": 286000000, "costAndExpenses": 286000000, "interestIncome": 665900000, "interestExpense": 497700000, "depreciationAndAmortization": 10400000, "ebitda": 524500000, "ebitdaratio": 2.2994300745, "operatingIncome": 514100000, "operatingIncomeRatio": 2.2538360368, "totalOtherIncomeExpensesNet": -497700000, "incomeBeforeTax": 16400000, "incomeBeforeTaxRatio": 0.0718982902, "incomeTaxExpense": 15500000, "netIncome": 900000, "netIncomeRatio": 0.0039456379, "eps": -0.64, "epsdiluted": -0.64, "weightedAverageShsOut": 5070974, "weightedAverageShsOutDil": 5070974, "link": "", "finalLink": "", "calculatedOtherExpenses": -357700000, "calculatedOperatingExpenses": -286000000, "calculatedNetInterest": 168200000, "calculatedOtherIncome": -665900000, "calculatedIncomeNonControlling": 0, "calculatedEbitda": 524500000}, {"date": "1989-12-31", "symbol": "COOP", "reportedCurrency": "USD", "cik": "0000933136", "fillingDate": "1989-12-31", "acceptedDate": "1989-12-30 19:00:00", "calendarYear": "1989", "period": "FY", "revenue": 172900000, "costOfRevenue": 0, "grossProfit": 172900000, "grossProfitRatio": 1, "researchAndDevelopmentExpenses": 0, "generalAndAdministrativeExpenses": 69100000, "sellingAndMarketingExpenses": 0, "sellingGeneralAndAdministrativeExpenses": 69100000, "otherExpenses": 254600000, "operatingExpenses": 323700000, "costAndExpenses": 323700000, "interestIncome": 605100000, "interestExpense": 469100000, "depreciationAndAmortization": 14000000, "ebitda": 510600000, "ebitdaratio": 2.953152111, "operatingIncome": 496600000, "operatingIncomeRatio": 2.8721804511, "totalOtherIncomeExpensesNet": -469100000, "incomeBeforeTax": 27500000, "incomeBeforeTaxRatio": 0.1590514748, "incomeTaxExpense": 7700000, "netIncome": 19800000, "netIncomeRatio": 0.1145170619, "eps": 2.96, "epsdiluted": 2.96, "weightedAverageShsOut": 6685820, "weightedAverageShsOutDil": 6685820, "link": "", "finalLink": "", "calculatedOtherExpenses": -392800000, "calculatedOperatingExpenses": -323700000, "calculatedNetInterest": 136000000, "calculatedOtherIncome": -605100000, "calculatedIncomeNonControlling": 0, "calculatedEbitda": 510600000}, {"date": "1988-12-31", "symbol": "COOP", "reportedCurrency": "USD", "cik": "0000933136", "fillingDate": "1988-12-31", "acceptedDate": "1988-12-30 19:00:00", "calendarYear": "1988", "period": "FY", "revenue": 0, "costOfRevenue": 0, "grossProfit": 0, "grossProfitRatio": 0, "researchAndDevelopmentExpenses": 0, "generalAndAdministrativeExpenses": 0, "sellingAndMarketingExpenses": 0, "sellingGeneralAndAdministrativeExpenses": 0, "otherExpenses": 37300000, "operatingExpenses": 37300000, "costAndExpenses": 37300000, "interestIncome": 0, "interestExpense": 0, "depreciationAndAmortization": 0, "ebitda": 37300000, "ebitdaratio": 0, "operatingIncome": 37300000, "operatingIncomeRatio": 0, "totalOtherIncomeExpensesNet": 0, "incomeBeforeTax": 0, "incomeBeforeTaxRatio": 0, "incomeTaxExpense": -37300000, "netIncome": 37300000, "netIncomeRatio": 0, "eps": 5.84, "epsdiluted": 5.84, "weightedAverageShsOut": 6383769, "weightedAverageShsOutDil": 6383769, "link": "", "finalLink": "", "calculatedOtherExpenses": -37300000, "calculatedOperatingExpenses": -37300000, "calculatedNetInterest": 0, "calculatedOtherIncome": -37300000, "calculatedIncomeNonControlling": 0, "calculatedEbitda": 37300000}, {"date": "1987-12-31", "symbol": "COOP", "reportedCurrency": "USD", "cik": "0000933136", "fillingDate": "1987-12-31", "acceptedDate": "1987-12-30 19:00:00", "calendarYear": "1987", "period": "FY", "revenue": 0, "costOfRevenue": 0, "grossProfit": 0, "grossProfitRatio": 0, "researchAndDevelopmentExpenses": 0, "generalAndAdministrativeExpenses": 0, "sellingAndMarketingExpenses": 0, "sellingGeneralAndAdministrativeExpenses": 0, "otherExpenses": 42300000, "operatingExpenses": 42300000, "costAndExpenses": 42300000, "interestIncome": 0, "interestExpense": 0, "depreciationAndAmortization": 0, "ebitda": 42300000, "ebitdaratio": 0, "operatingIncome": 42300000, "operatingIncomeRatio": 0, "totalOtherIncomeExpensesNet": 0, "incomeBeforeTax": 0, "incomeBeforeTaxRatio": 0, "incomeTaxExpense": -42300000, "netIncome": 42300000, "netIncomeRatio": 0, "eps": 6.72, "epsdiluted": 6.72, "weightedAverageShsOut": 6291472, "weightedAverageShsOutDil": 6291472, "link": "", "finalLink": "", "calculatedOtherExpenses": -42300000, "calculatedOperatingExpenses": -42300000, "calculatedNetInterest": 0, "calculatedOtherIncome": -42300000, "calculatedIncomeNonControlling": 0, "calculatedEbitda": 42300000}, {"date": "1986-12-31", "symbol": "COOP", "reportedCurrency": "USD", "cik": "0000933136", "fillingDate": "1986-12-31", "acceptedDate": "1986-12-30 19:00:00", "calendarYear": "1986", "period": "FY", "revenue": 0, "costOfRevenue": 0, "grossProfit": 0, "grossProfitRatio": 0, "researchAndDevelopmentExpenses": 0, "generalAndAdministrativeExpenses": 0, "sellingAndMarketingExpenses": 0, "sellingGeneralAndAdministrativeExpenses": 0, "otherExpenses": 71800000, "operatingExpenses": 71800000, "costAndExpenses": 71800000, "interestIncome": 0, "interestExpense": 0, "depreciationAndAmortization": 0, "ebitda": 71800000, "ebitdaratio": 0, "operatingIncome": 71800000, "operatingIncomeRatio": 0, "totalOtherIncomeExpensesNet": 0, "incomeBeforeTax": 0, "incomeBeforeTaxRatio": 0, "incomeTaxExpense": -71800000, "netIncome": 71800000, "netIncomeRatio": 0, "eps": 11.45, "epsdiluted": 11.45, "weightedAverageShsOut": 6273062, "weightedAverageShsOutDil": 6273062, "link": "", "finalLink": "", "calculatedOtherExpenses": -71800000, "calculatedOperatingExpenses": -71800000, "calculatedNetInterest": 0, "calculatedOtherIncome": -71800000, "calculatedIncomeNonControlling": 0, "calculatedEbitda": 71800000}, {"date": "1985-12-31", "symbol": "COOP", "reportedCurrency": "USD", "cik": "0000933136", "fillingDate": "1985-12-31", "acceptedDate": "1985-12-30 19:00:00", "calendarYear": "1985", "period": "FY", "revenue": 0, "costOfRevenue": 0, "grossProfit": 0, "grossProfitRatio": 0, "researchAndDevelopmentExpenses": 0, "generalAndAdministrativeExpenses": 0, "sellingAndMarketingExpenses": 0, "sellingGeneralAndAdministrativeExpenses": 0, "otherExpenses": 19600000, "operatingExpenses": 19600000, "costAndExpenses": 19600000, "interestIncome": 0, "interestExpense": 0, "depreciationAndAmortization": 0, "ebitda": 19600000, "ebitdaratio": 0, "operatingIncome": 19600000, "operatingIncomeRatio": 0, "totalOtherIncomeExpensesNet": 0, "incomeBeforeTax": 0, "incomeBeforeTaxRatio": 0, "incomeTaxExpense": -19600000, "netIncome": 19600000, "netIncomeRatio": 0, "eps": 3.12, "epsdiluted": 3.12, "weightedAverageShsOut": 6278887, "weightedAverageShsOutDil": 6278887, "link": "", "finalLink": "", "calculatedOtherExpenses": -19600000, "calculatedOperatingExpenses": -19600000, "calculatedNetInterest": 0, "calculatedOtherIncome": -19600000, "calculatedIncomeNonControlling": 0, "calculatedEbitda": 19600000}]}