{"originalCurrency": "USD", "convertedCurrency": "USD", "report": [{"date": "2023-12-31", "symbol": "COP", "reportedCurrency": "USD", "cik": "0001163165", "fillingDate": "2024-02-15", "acceptedDate": "2024-02-15 14:01:15", "calendarYear": "2023", "period": "FY", "revenue": 56055000000, "costOfRevenue": 38246000000, "grossProfit": 17809000000, "grossProfitRatio": 0.3177058246, "researchAndDevelopmentExpenses": 81000000, "generalAndAdministrativeExpenses": 0, "sellingAndMarketingExpenses": 0, "sellingGeneralAndAdministrativeExpenses": 624000000, "otherExpenses": -2074000000, "operatingExpenses": 2779000000, "costAndExpenses": 41025000000, "interestIncome": 412000000, "interestExpense": 1216000000, "depreciationAndAmortization": 8432000000, "ebitda": 23462000000, "ebitdaratio": 0.4185532067, "operatingIncome": 15030000000, "operatingIncomeRatio": 0.2681295157, "totalOtherIncomeExpensesNet": 1258000000, "incomeBeforeTax": 16288000000, "incomeBeforeTaxRatio": 0.2905717599, "incomeTaxExpense": 5331000000, "netIncome": 10957000000, "netIncomeRatio": 0.1954687361, "eps": 9.08, "epsdiluted": 9.06, "weightedAverageShsOut": 1202757000, "weightedAverageShsOutDil": 1205675000, "link": "https://www.sec.gov/Archives/edgar/data/1163165/000116316524000010/0001163165-24-000010-index.htm", "finalLink": "https://www.sec.gov/Archives/edgar/data/1163165/000116316524000010/cop-20231231.htm", "calculatedOtherExpenses": 2074000000, "calculatedOperatingExpenses": 2779000000, "calculatedNetInterest": -804000000, "calculatedOtherIncome": 2062000000, "calculatedIncomeNonControlling": 0, "calculatedEbitda": 23462000000}, {"date": "2022-12-31", "symbol": "COP", "reportedCurrency": "USD", "cik": "0001163165", "fillingDate": "2023-02-16", "acceptedDate": "2023-02-16 12:42:43", "calendarYear": "2022", "period": "FY", "revenue": 78494000000, "costOfRevenue": 48481000000, "grossProfit": 30013000000, "grossProfitRatio": 0.3823604352, "researchAndDevelopmentExpenses": 71000000, "generalAndAdministrativeExpenses": 0, "sellingAndMarketingExpenses": 0, "sellingGeneralAndAdministrativeExpenses": 623000000, "otherExpenses": 3928000000, "operatingExpenses": 4551000000, "costAndExpenses": 53032000000, "interestIncome": 195000000, "interestExpense": 1055000000, "depreciationAndAmortization": 7504000000, "ebitda": 35598000000, "ebitdaratio": 0.4535123704, "operatingIncome": 28094000000, "operatingIncomeRatio": 0.3579127067, "totalOtherIncomeExpensesNet": 134000000, "incomeBeforeTax": 28228000000, "incomeBeforeTaxRatio": 0.3596198436, "incomeTaxExpense": 9548000000, "netIncome": 18680000000, "netIncomeRatio": 0.237979973, "eps": 14.62, "epsdiluted": 14.57, "weightedAverageShsOut": 1274028000, "weightedAverageShsOutDil": 1278163000, "link": "https://www.sec.gov/Archives/edgar/data/1163165/000116316523000006/0001163165-23-000006-index.htm", "finalLink": "https://www.sec.gov/Archives/edgar/data/1163165/000116316523000006/cop-20221231.htm", "calculatedOtherExpenses": 1225000000, "calculatedOperatingExpenses": 1919000000, "calculatedNetInterest": -860000000, "calculatedOtherIncome": 994000000, "calculatedIncomeNonControlling": 0, "calculatedEbitda": 35598000000}, {"date": "2021-12-31", "symbol": "COP", "reportedCurrency": "USD", "cik": "0001163165", "fillingDate": "2022-02-17", "acceptedDate": "2022-02-17 13:20:14", "calendarYear": "2021", "period": "FY", "revenue": 45828000000, "costOfRevenue": 31060000000, "grossProfit": 14768000000, "grossProfitRatio": 0.3222484071, "researchAndDevelopmentExpenses": 62000000, "generalAndAdministrativeExpenses": 0, "sellingAndMarketingExpenses": 0, "sellingGeneralAndAdministrativeExpenses": 719000000, "otherExpenses": 1978000000, "operatingExpenses": 2697000000, "costAndExpenses": 33757000000, "interestIncome": 33000000, "interestExpense": 1126000000, "depreciationAndAmortization": 7208000000, "ebitda": 21212000000, "ebitdaratio": 0.4628611329, "operatingIncome": 14004000000, "operatingIncomeRatio": 0.3055773763, "totalOtherIncomeExpensesNet": -1292000000, "incomeBeforeTax": 12712000000, "incomeBeforeTaxRatio": 0.2773850048, "incomeTaxExpense": 4633000000, "netIncome": 8079000000, "netIncomeRatio": 0.1762896046, "eps": 6.1, "epsdiluted": 6.08, "weightedAverageShsOut": 1324194000, "weightedAverageShsOutDil": 1328151000, "link": "https://www.sec.gov/Archives/edgar/data/1163165/000156276222000031/0001562762-22-000031-index.htm", "finalLink": "https://www.sec.gov/Archives/edgar/data/1163165/000156276222000031/cop10k2021.htm", "calculatedOtherExpenses": -17000000, "calculatedOperatingExpenses": 764000000, "calculatedNetInterest": -1093000000, "calculatedOtherIncome": -199000000, "calculatedIncomeNonControlling": 0, "calculatedEbitda": 21212000000}, {"date": "2020-12-31", "symbol": "COP", "reportedCurrency": "USD", "cik": "0001163165", "fillingDate": "2021-02-16", "acceptedDate": "2021-02-16 12:04:27", "calendarYear": "2020", "period": "FY", "revenue": 18784000000, "costOfRevenue": 17943000000, "grossProfit": 841000000, "grossProfitRatio": 0.0447721465, "researchAndDevelopmentExpenses": 75000000, "generalAndAdministrativeExpenses": 0, "sellingAndMarketingExpenses": 0, "sellingGeneralAndAdministrativeExpenses": 430000000, "otherExpenses": 2211000000, "operatingExpenses": 2641000000, "costAndExpenses": 20584000000, "interestIncome": 100000000, "interestExpense": 1058000000, "depreciationAndAmortization": 5521000000, "ebitda": 3631000000, "ebitdaratio": 0.1933028109, "operatingIncome": -1890000000, "operatingIncomeRatio": -0.1006175468, "totalOtherIncomeExpensesNet": -1250000000, "incomeBeforeTax": -3140000000, "incomeBeforeTaxRatio": -0.1671635434, "incomeTaxExpense": -485000000, "netIncome": -2655000000, "netIncomeRatio": -0.1413436968, "eps": -2.46, "epsdiluted": -2.46, "weightedAverageShsOut": 1078030000, "weightedAverageShsOutDil": 1078030000, "link": "https://www.sec.gov/Archives/edgar/data/1163165/000156276221000027/0001562762-21-000027-index.htm", "finalLink": "https://www.sec.gov/Archives/edgar/data/1163165/000156276221000027/cop10k2020.htm", "calculatedOtherExpenses": 2226000000, "calculatedOperatingExpenses": 2731000000, "calculatedNetInterest": -958000000, "calculatedOtherIncome": -292000000, "calculatedIncomeNonControlling": 0, "calculatedEbitda": 3631000000}, {"date": "2019-12-31", "symbol": "COP", "reportedCurrency": "USD", "cik": "0001163165", "fillingDate": "2020-02-18", "acceptedDate": "2020-02-18 12:23:02", "calendarYear": "2019", "period": "FY", "revenue": 32567000000, "costOfRevenue": 23254000000, "grossProfit": 9313000000, "grossProfitRatio": 0.2859643197, "researchAndDevelopmentExpenses": 82000000, "generalAndAdministrativeExpenses": 0, "sellingAndMarketingExpenses": 0, "sellingGeneralAndAdministrativeExpenses": 556000000, "otherExpenses": 1696000000, "operatingExpenses": 2252000000, "costAndExpenses": 25506000000, "interestIncome": 166000000, "interestExpense": 1104000000, "depreciationAndAmortization": 6090000000, "ebitda": 15223000000, "ebitdaratio": 0.467436362, "operatingIncome": 9133000000, "operatingIncomeRatio": 0.2804372524, "totalOtherIncomeExpensesNet": 391000000, "incomeBeforeTax": 9524000000, "incomeBeforeTaxRatio": 0.2924432708, "incomeTaxExpense": 2267000000, "netIncome": 7189000000, "netIncomeRatio": 0.2207449258, "eps": 6.43, "epsdiluted": 6.4, "weightedAverageShsOut": 1117260000, "weightedAverageShsOutDil": 1123536000, "link": "https://www.sec.gov/Archives/edgar/data/1163165/000119312520039954/0001193125-20-039954-index.htm", "finalLink": "https://www.sec.gov/Archives/edgar/data/1163165/000119312520039954/d875559d10k.htm", "calculatedOtherExpenses": -458000000, "calculatedOperatingExpenses": 180000000, "calculatedNetInterest": -938000000, "calculatedOtherIncome": 1329000000, "calculatedIncomeNonControlling": 68000000, "calculatedEbitda": 15223000000}, {"date": "2018-12-31", "symbol": "COP", "reportedCurrency": "USD", "cik": "0001163165", "fillingDate": "2019-02-19", "acceptedDate": "2019-02-19 11:23:45", "calendarYear": "2018", "period": "FY", "revenue": 36417000000, "costOfRevenue": 25463000000, "grossProfit": 10954000000, "grossProfitRatio": 0.3007935854, "researchAndDevelopmentExpenses": 78000000, "generalAndAdministrativeExpenses": 0, "sellingAndMarketingExpenses": 0, "sellingGeneralAndAdministrativeExpenses": 401000000, "otherExpenses": -202000000, "operatingExpenses": 1818000000, "costAndExpenses": 27281000000, "interestIncome": 97000000, "interestExpense": 1088000000, "depreciationAndAmortization": 5956000000, "ebitda": 15964000000, "ebitdaratio": 0.4383666969, "operatingIncome": 9136000000, "operatingIncomeRatio": 0.2508718456, "totalOtherIncomeExpensesNet": 1925000000, "incomeBeforeTax": 9973000000, "incomeBeforeTaxRatio": 0.2738556169, "incomeTaxExpense": 3668000000, "netIncome": 6257000000, "netIncomeRatio": 0.171815361, "eps": 5.36, "epsdiluted": 5.32, "weightedAverageShsOut": 1166499000, "weightedAverageShsOutDil": 1175538000, "link": "https://www.sec.gov/Archives/edgar/data/1163165/000119312519043841/0001193125-19-043841-index.htm", "finalLink": "https://www.sec.gov/Archives/edgar/data/1163165/000119312519043841/d636257d10k.htm", "calculatedOtherExpenses": 1339000000, "calculatedOperatingExpenses": 1818000000, "calculatedNetInterest": -991000000, "calculatedOtherIncome": 1828000000, "calculatedIncomeNonControlling": 48000000, "calculatedEbitda": 15092000000}, {"date": "2017-12-31", "symbol": "COP", "reportedCurrency": "USD", "cik": "0001163165", "fillingDate": "2018-02-20", "acceptedDate": "2018-02-20 10:03:26", "calendarYear": "2017", "period": "FY", "revenue": 29106000000, "costOfRevenue": 24493000000, "grossProfit": 4613000000, "grossProfitRatio": 0.1584896585, "researchAndDevelopmentExpenses": 100000000, "generalAndAdministrativeExpenses": 0, "sellingAndMarketingExpenses": 0, "sellingGeneralAndAdministrativeExpenses": 561000000, "otherExpenses": 227000000, "operatingExpenses": 2308000000, "costAndExpenses": 26801000000, "interestIncome": 112000000, "interestExpense": 1460000000, "depreciationAndAmortization": 6845000000, "ebitda": 10149000000, "ebitdaratio": 0.3486909915, "operatingIncome": 2305000000, "operatingIncomeRatio": 0.0791932935, "totalOtherIncomeExpensesNet": -3460000000, "incomeBeforeTax": -2615000000, "incomeBeforeTaxRatio": -0.0898440184, "incomeTaxExpense": -1822000000, "netIncome": -855000000, "netIncomeRatio": -0.0293753865, "eps": -0.7, "epsdiluted": -0.7, "weightedAverageShsOut": 1221038000, "weightedAverageShsOutDil": 1221038000, "link": "https://www.sec.gov/Archives/edgar/data/1163165/000119312518049729/0001193125-18-049729-index.htm", "finalLink": "https://www.sec.gov/Archives/edgar/data/1163165/000119312518049729/d534096d10k.htm", "calculatedOtherExpenses": 1647000000, "calculatedOperatingExpenses": 2308000000, "calculatedNetInterest": -1348000000, "calculatedOtherIncome": -3572000000, "calculatedIncomeNonControlling": 62000000, "calculatedEbitda": 9150000000}, {"date": "2016-12-31", "symbol": "COP", "reportedCurrency": "USD", "cik": "0001163165", "fillingDate": "2017-02-21", "acceptedDate": "2017-02-21 12:34:09", "calendarYear": "2016", "period": "FY", "revenue": 23693000000, "costOfRevenue": 24723000000, "grossProfit": -1030000000, "grossProfitRatio": -0.0434727557, "researchAndDevelopmentExpenses": 116000000, "generalAndAdministrativeExpenses": 0, "sellingAndMarketingExpenses": 0, "sellingGeneralAndAdministrativeExpenses": 723000000, "otherExpenses": 255000000, "operatingExpenses": 3377000000, "costAndExpenses": 28100000000, "interestIncome": 57000000, "interestExpense": 1670000000, "depreciationAndAmortization": 9062000000, "ebitda": 4962000000, "ebitdaratio": 0.2094289453, "operatingIncome": -4407000000, "operatingIncomeRatio": -0.1860043051, "totalOtherIncomeExpensesNet": 547000000, "incomeBeforeTax": -5530000000, "incomeBeforeTaxRatio": -0.2334022707, "incomeTaxExpense": -1971000000, "netIncome": -3615000000, "netIncomeRatio": -0.1525767104, "eps": -2.91, "epsdiluted": -2.9, "weightedAverageShsOut": 1242268041, "weightedAverageShsOutDil": 1245440000, "link": "https://www.sec.gov/Archives/edgar/data/1163165/000119312517050077/0001193125-17-050077-index.htm", "finalLink": "https://www.sec.gov/Archives/edgar/data/1163165/000119312517050077/d264316d10k.htm", "calculatedOtherExpenses": 2538000000, "calculatedOperatingExpenses": 3377000000, "calculatedNetInterest": -1613000000, "calculatedOtherIncome": 490000000, "calculatedIncomeNonControlling": 56000000, "calculatedEbitda": 4655000000}, {"date": "2015-12-31", "symbol": "COP", "reportedCurrency": "USD", "cik": "0001163165", "fillingDate": "2016-02-23", "acceptedDate": "2016-02-23 11:56:14", "calendarYear": "2015", "period": "FY", "revenue": 29564000000, "costOfRevenue": 28555000000, "grossProfit": 1009000000, "grossProfitRatio": 0.0341293465, "researchAndDevelopmentExpenses": 222000000, "generalAndAdministrativeExpenses": 0, "sellingAndMarketingExpenses": 0, "sellingGeneralAndAdministrativeExpenses": 953000000, "otherExpenses": 125000000, "operatingExpenses": 6046000000, "costAndExpenses": 34601000000, "interestIncome": 45000000, "interestExpense": 1403000000, "depreciationAndAmortization": 9113000000, "ebitda": 4856000000, "ebitdaratio": 0.1642538222, "operatingIncome": -5037000000, "operatingIncomeRatio": -0.1703761331, "totalOtherIncomeExpensesNet": -799000000, "incomeBeforeTax": -7239000000, "incomeBeforeTaxRatio": -0.2448586118, "incomeTaxExpense": -2868000000, "netIncome": -4428000000, "netIncomeRatio": -0.1497767555, "eps": -3.58, "epsdiluted": -3.57, "weightedAverageShsOut": 1236871508, "weightedAverageShsOutDil": 1241919000, "link": "https://www.sec.gov/Archives/edgar/data/1163165/000119312516472901/0001193125-16-472901-index.htm", "finalLink": "https://www.sec.gov/Archives/edgar/data/1163165/000119312516472901/d145414d10k.htm", "calculatedOtherExpenses": 4871000000, "calculatedOperatingExpenses": 6046000000, "calculatedNetInterest": -1358000000, "calculatedOtherIncome": -844000000, "calculatedIncomeNonControlling": 57000000, "calculatedEbitda": 4076000000}, {"date": "2014-12-31", "symbol": "COP", "reportedCurrency": "USD", "cik": "0001163165", "fillingDate": "2015-02-24", "acceptedDate": "2015-02-24 09:22:07", "calendarYear": "2014", "period": "FY", "revenue": 52524000000, "costOfRevenue": 39337000000, "grossProfit": 13187000000, "grossProfitRatio": 0.2510661793, "researchAndDevelopmentExpenses": 263000000, "generalAndAdministrativeExpenses": 0, "sellingAndMarketingExpenses": 0, "sellingGeneralAndAdministrativeExpenses": 735000000, "otherExpenses": 366000000, "operatingExpenses": 4868000000, "costAndExpenses": 44205000000, "interestIncome": 83000000, "interestExpense": 1132000000, "depreciationAndAmortization": 8329000000, "ebitda": 19543000000, "ebitdaratio": 0.3720775265, "operatingIncome": 8319000000, "operatingIncomeRatio": 0.1583847384, "totalOtherIncomeExpensesNet": 2203000000, "incomeBeforeTax": 9390000000, "incomeBeforeTaxRatio": 0.178775417, "incomeTaxExpense": 3583000000, "netIncome": 6869000000, "netIncomeRatio": 0.1307783109, "eps": 5.54, "epsdiluted": 5.51, "weightedAverageShsOut": 1237325000, "weightedAverageShsOutDil": 1245863000, "link": "https://www.sec.gov/Archives/edgar/data/1163165/000119312515059281/0001193125-15-059281-index.htm", "finalLink": "https://www.sec.gov/Archives/edgar/data/1163165/000119312515059281/d869001d10k.htm", "calculatedOtherExpenses": 3870000000, "calculatedOperatingExpenses": 4868000000, "calculatedNetInterest": -1049000000, "calculatedOtherIncome": 2120000000, "calculatedIncomeNonControlling": -1062000000, "calculatedEbitda": 16648000000}, {"date": "2013-12-31", "symbol": "COP", "reportedCurrency": "USD", "cik": "0001163165", "fillingDate": "2014-02-25", "acceptedDate": "2014-02-25 10:09:42", "calendarYear": "2013", "period": "FY", "revenue": 54413000000, "costOfRevenue": 37315000000, "grossProfit": 17098000000, "grossProfitRatio": 0.3142263797, "researchAndDevelopmentExpenses": 258000000, "generalAndAdministrativeExpenses": 0, "sellingAndMarketingExpenses": 0, "sellingGeneralAndAdministrativeExpenses": 854000000, "otherExpenses": 374000000, "operatingExpenses": 4970000000, "costAndExpenses": 42285000000, "interestIncome": 113000000, "interestExpense": 1046000000, "depreciationAndAmortization": 7434000000, "ebitda": 22155000000, "ebitdaratio": 0.4071637293, "operatingIncome": 11195000000, "operatingIncomeRatio": 0.2057412751, "totalOtherIncomeExpensesNet": 3364000000, "incomeBeforeTax": 14446000000, "incomeBeforeTaxRatio": 0.2654880268, "incomeTaxExpense": 6409000000, "netIncome": 9156000000, "netIncomeRatio": 0.1682686123, "eps": 7.43, "epsdiluted": 7.38, "weightedAverageShsOut": 1230963000, "weightedAverageShsOutDil": 1239803000, "link": "https://www.sec.gov/Archives/edgar/data/1163165/000119312514066358/0001193125-14-066358-index.htm", "finalLink": "https://www.sec.gov/Archives/edgar/data/1163165/000119312514066358/d665238d10k.htm", "calculatedOtherExpenses": 4791000000, "calculatedOperatingExpenses": 5903000000, "calculatedNetInterest": -933000000, "calculatedOtherIncome": 4184000000, "calculatedIncomeNonControlling": -1119000000, "calculatedEbitda": 18629000000}, {"date": "2012-12-31", "symbol": "COP", "reportedCurrency": "USD", "cik": "0001163165", "fillingDate": "2013-02-19", "acceptedDate": "2013-02-19 17:09:15", "calendarYear": "2012", "period": "FY", "revenue": 57967000000, "costOfRevenue": 38605000000, "grossProfit": 19362000000, "grossProfitRatio": 0.3340176307, "researchAndDevelopmentExpenses": 221000000, "generalAndAdministrativeExpenses": 0, "sellingAndMarketingExpenses": 0, "sellingGeneralAndAdministrativeExpenses": 1106000000, "otherExpenses": 469000000, "operatingExpenses": 6152000000, "costAndExpenses": 44757000000, "interestIncome": 163000000, "interestExpense": 1103000000, "depreciationAndAmortization": 6580000000, "ebitda": 22170000000, "ebitdaratio": 0.3824589853, "operatingIncome": 12270000000, "operatingIncomeRatio": 0.2116721583, "totalOtherIncomeExpensesNet": 3316000000, "incomeBeforeTax": 15423000000, "incomeBeforeTaxRatio": 0.266065175, "incomeTaxExpense": 7942000000, "netIncome": 8428000000, "netIncomeRatio": 0.1453930685, "eps": 6.77, "epsdiluted": 6.72, "weightedAverageShsOut": 1243799000, "weightedAverageShsOutDil": 1253093000, "link": "https://www.sec.gov/Archives/edgar/data/1163165/000119312513065426/0001193125-13-065426-index.htm", "finalLink": "https://www.sec.gov/Archives/edgar/data/1163165/000119312513065426/d452384d10k.htm", "calculatedOtherExpenses": 5765000000, "calculatedOperatingExpenses": 7092000000, "calculatedNetInterest": -940000000, "calculatedOtherIncome": 4093000000, "calculatedIncomeNonControlling": -947000000, "calculatedEbitda": 18850000000}, {"date": "2011-12-31", "symbol": "COP", "reportedCurrency": "USD", "cik": "0001163165", "fillingDate": "2012-02-21", "acceptedDate": "2012-02-21 17:28:08", "calendarYear": "2011", "period": "FY", "revenue": 247149000000, "costOfRevenue": 196637000000, "grossProfit": 50512000000, "grossProfitRatio": 0.2043787351, "researchAndDevelopmentExpenses": 0, "generalAndAdministrativeExpenses": 0, "sellingAndMarketingExpenses": 0, "sellingGeneralAndAdministrativeExpenses": 2078000000, "otherExpenses": 27307000000, "operatingExpenses": 29385000000, "costAndExpenses": 226022000000, "interestIncome": 0, "interestExpense": 972000000, "depreciationAndAmortization": 7934000000, "ebitda": 33138000000, "ebitdaratio": 0.1340810604, "operatingIncome": 21127000000, "operatingIncomeRatio": 0.0854828464, "totalOtherIncomeExpensesNet": 2846000000, "incomeBeforeTax": 23001000000, "incomeBeforeTaxRatio": 0.0930653169, "incomeTaxExpense": 10499000000, "netIncome": 12436000000, "netIncomeRatio": 0.0503178245, "eps": 9.04, "epsdiluted": 8.97, "weightedAverageShsOut": 1375035000, "weightedAverageShsOutDil": 1387100000, "link": "https://www.sec.gov/Archives/edgar/data/1163165/000119312512070636/0001193125-12-070636-index.htm", "finalLink": "https://www.sec.gov/Archives/edgar/data/1163165/000119312512070636/d267896d10k.htm", "calculatedOtherExpenses": 27307000000, "calculatedOperatingExpenses": 29385000000, "calculatedNetInterest": -972000000, "calculatedOtherIncome": 2846000000, "calculatedIncomeNonControlling": 66000000, "calculatedEbitda": 29061000000}, {"date": "2010-12-31", "symbol": "COP", "reportedCurrency": "USD", "cik": "0001163165", "fillingDate": "2011-02-23", "acceptedDate": "2011-02-23 12:43:13", "calendarYear": "2010", "period": "FY", "revenue": 198655000000, "costOfRevenue": 146386000000, "grossProfit": 52269000000, "grossProfitRatio": 0.2631144446, "researchAndDevelopmentExpenses": 0, "generalAndAdministrativeExpenses": 0, "sellingAndMarketingExpenses": 0, "sellingGeneralAndAdministrativeExpenses": 2005000000, "otherExpenses": 91000000, "operatingExpenses": 29105000000, "costAndExpenses": 175491000000, "interestIncome": 187000000, "interestExpense": 1187000000, "depreciationAndAmortization": 9060000000, "ebitda": 32224000000, "ebitdaratio": 0.1622108681, "operatingIncome": 14042000000, "operatingIncomeRatio": 0.070685359, "totalOtherIncomeExpensesNet": -2227000000, "incomeBeforeTax": 19750000000, "incomeBeforeTaxRatio": 0.09941859, "incomeTaxExpense": 8333000000, "netIncome": 11358000000, "netIncomeRatio": 0.0571744985, "eps": 7.68, "epsdiluted": 7.62, "weightedAverageShsOut": 1479330000, "weightedAverageShsOutDil": 1491067000, "link": "https://www.sec.gov/Archives/edgar/data/1163165/000095012311016957/0000950123-11-016957-index.htm", "finalLink": "https://www.sec.gov/Archives/edgar/data/1163165/000095012311016957/h76276e10vk.htm", "calculatedOtherExpenses": 36222000000, "calculatedOperatingExpenses": 38227000000, "calculatedNetInterest": -1000000000, "calculatedOtherIncome": 6708000000, "calculatedIncomeNonControlling": 59000000, "calculatedEbitda": 23102000000}, {"date": "2009-12-31", "symbol": "COP", "reportedCurrency": "USD", "cik": "0001163165", "fillingDate": "2010-02-25", "acceptedDate": "2010-02-25 17:30:06", "calendarYear": "2009", "period": "FY", "revenue": 152840000000, "costOfRevenue": 112772000000, "grossProfit": 40068000000, "grossProfitRatio": 0.2621565035, "researchAndDevelopmentExpenses": 0, "generalAndAdministrativeExpenses": 0, "sellingAndMarketingExpenses": 0, "sellingGeneralAndAdministrativeExpenses": 1830000000, "otherExpenses": 25960000000, "operatingExpenses": 27790000000, "costAndExpenses": 140562000000, "interestIncome": 0, "interestExpense": 1289000000, "depreciationAndAmortization": 9295000000, "ebitda": 21573000000, "ebitdaratio": 0.1411476053, "operatingIncome": 12278000000, "operatingIncomeRatio": 0.0803323737, "totalOtherIncomeExpensesNet": -957000000, "incomeBeforeTax": 10032000000, "incomeBeforeTaxRatio": 0.0656372677, "incomeTaxExpense": 5096000000, "netIncome": 4858000000, "netIncomeRatio": 0.0317848731, "eps": 2.96, "epsdiluted": 2.94, "weightedAverageShsOut": 1487650000, "weightedAverageShsOutDil": 1497608000, "link": "https://www.sec.gov/Archives/edgar/data/1163165/000095012310017187/0000950123-10-017187-index.htm", "finalLink": "https://www.sec.gov/Archives/edgar/data/1163165/000095012310017187/h69477e10vk.htm", "calculatedOtherExpenses": 25960000000, "calculatedOperatingExpenses": 27790000000, "calculatedNetInterest": -1289000000, "calculatedOtherIncome": -957000000, "calculatedIncomeNonControlling": 78000000, "calculatedEbitda": 21573000000}, {"date": "2008-12-31", "symbol": "COP", "reportedCurrency": "USD", "cik": "0001163165", "fillingDate": "2009-02-25", "acceptedDate": "2009-02-25 17:24:43", "calendarYear": "2008", "period": "FY", "revenue": 246182000000, "costOfRevenue": 180481000000, "grossProfit": 65701000000, "grossProfitRatio": 0.2668797881, "researchAndDevelopmentExpenses": 0, "generalAndAdministrativeExpenses": 0, "sellingAndMarketingExpenses": 0, "sellingGeneralAndAdministrativeExpenses": 3566000000, "otherExpenses": 29649000000, "operatingExpenses": 33215000000, "costAndExpenses": 213696000000, "interestIncome": 0, "interestExpense": 1006000000, "depreciationAndAmortization": 9012000000, "ebitda": 110439000000, "ebitdaratio": 0.4486071281, "operatingIncome": 32486000000, "operatingIncomeRatio": 0.1319592822, "totalOtherIncomeExpensesNet": -64691000000, "incomeBeforeTax": -3593000000, "incomeBeforeTaxRatio": -0.0145948932, "incomeTaxExpense": 13405000000, "netIncome": -16998000000, "netIncomeRatio": -0.0690464778, "eps": -11.16, "epsdiluted": -11.16, "weightedAverageShsOut": 1523432000, "weightedAverageShsOutDil": 1523432000, "link": "https://www.sec.gov/Archives/edgar/data/1163165/000136231009002769/0001362310-09-002769-index.htm", "finalLink": "https://www.sec.gov/Archives/edgar/data/1163165/000136231009002769/c81244e10vk.htm", "calculatedOtherExpenses": 29649000000, "calculatedOperatingExpenses": 33215000000, "calculatedNetInterest": -1006000000, "calculatedOtherIncome": -35073000000, "calculatedIncomeNonControlling": 0, "calculatedEbitda": 41498000000}, {"date": "2007-12-31", "symbol": "COP", "reportedCurrency": "USD", "cik": "0001163165", "fillingDate": "2008-02-22", "acceptedDate": "2008-02-21 21:49:43", "calendarYear": "2007", "period": "FY", "revenue": 194495000000, "costOfRevenue": 134112000000, "grossProfit": 60383000000, "grossProfitRatio": 0.3104604231, "researchAndDevelopmentExpenses": 0, "generalAndAdministrativeExpenses": 0, "sellingAndMarketingExpenses": 0, "sellingGeneralAndAdministrativeExpenses": 3313000000, "otherExpenses": 27288000000, "operatingExpenses": 30601000000, "costAndExpenses": 164713000000, "interestIncome": 0, "interestExpense": 356000000, "depreciationAndAmortization": 8298000000, "ebitda": 46650000000, "ebitdaratio": 0.2398519242, "operatingIncome": 29782000000, "operatingIncomeRatio": 0.153124759, "totalOtherIncomeExpensesNet": -3483000000, "incomeBeforeTax": 23272000000, "incomeBeforeTaxRatio": 0.1196534615, "incomeTaxExpense": 11381000000, "netIncome": 11891000000, "netIncomeRatio": 0.0611378185, "eps": 7.32, "epsdiluted": 7.22, "weightedAverageShsOut": 1623994000, "weightedAverageShsOutDil": 1645919000, "link": "https://www.sec.gov/Archives/edgar/data/1163165/000095012908001094/0000950129-08-001094-index.htm", "finalLink": "https://www.sec.gov/Archives/edgar/data/1163165/000095012908001094/h53977e10vk.htm", "calculatedOtherExpenses": 27288000000, "calculatedOperatingExpenses": 30601000000, "calculatedNetInterest": -356000000, "calculatedOtherIncome": -6154000000, "calculatedIncomeNonControlling": 0, "calculatedEbitda": 38080000000}, {"date": "2006-12-31", "symbol": "COP", "reportedCurrency": "USD", "cik": "0001163165", "fillingDate": "2007-02-23", "acceptedDate": "2007-02-23 10:38:06", "calendarYear": "2006", "period": "FY", "revenue": 167578000000, "costOfRevenue": 130146000000, "grossProfit": 37432000000, "grossProfitRatio": 0.2233706095, "researchAndDevelopmentExpenses": 0, "generalAndAdministrativeExpenses": 0, "sellingAndMarketingExpenses": 0, "sellingGeneralAndAdministrativeExpenses": 2476000000, "otherExpenses": 9399000000, "operatingExpenses": 11875000000, "costAndExpenses": 142021000000, "interestIncome": 0, "interestExpense": 356000000, "depreciationAndAmortization": 7284000000, "ebitda": 34054000000, "ebitdaratio": 0.2032128322, "operatingIncome": 25557000000, "operatingIncomeRatio": 0.1525080858, "totalOtherIncomeExpensesNet": 2975000000, "incomeBeforeTax": 28333000000, "incomeBeforeTaxRatio": 0.1690735061, "incomeTaxExpense": 12783000000, "netIncome": 15550000000, "netIncomeRatio": 0.09279261, "eps": 9.8, "epsdiluted": 9.66, "weightedAverageShsOut": 1585982000, "weightedAverageShsOutDil": 1609530000, "link": "https://www.sec.gov/Archives/edgar/data/1163165/000110465907013338/0001104659-07-013338-index.htm", "finalLink": "https://www.sec.gov/Archives/edgar/data/1163165/000110465907013338/a07-4741_110k.htm", "calculatedOtherExpenses": 9399000000, "calculatedOperatingExpenses": 11875000000, "calculatedNetInterest": -356000000, "calculatedOtherIncome": 3132000000, "calculatedIncomeNonControlling": 0, "calculatedEbitda": 32841000000}, {"date": "2005-12-31", "symbol": "COP", "reportedCurrency": "USD", "cik": "0001163165", "fillingDate": "2006-02-27", "acceptedDate": "2006-02-27 06:22:03", "calendarYear": "2005", "period": "FY", "revenue": 183364000000, "costOfRevenue": 134148000000, "grossProfit": 49216000000, "grossProfitRatio": 0.2684060121, "researchAndDevelopmentExpenses": 0, "generalAndAdministrativeExpenses": 0, "sellingAndMarketingExpenses": 0, "sellingGeneralAndAdministrativeExpenses": 2247000000, "otherExpenses": 5572000000, "operatingExpenses": 7819000000, "costAndExpenses": 141967000000, "interestIncome": 0, "interestExpense": 197000000, "depreciationAndAmortization": 4253000000, "ebitda": 45468000000, "ebitdaratio": 0.2479657948, "operatingIncome": 41397000000, "operatingIncomeRatio": 0.225764054, "totalOtherIncomeExpensesNet": 3639000000, "incomeBeforeTax": 23547000000, "incomeBeforeTaxRatio": 0.1284167012, "incomeTaxExpense": 9907000000, "netIncome": 13617000000, "netIncomeRatio": 0.0742621234, "eps": 9.71, "epsdiluted": 9.55, "weightedAverageShsOut": 1393371000, "weightedAverageShsOutDil": 1417028000, "link": "https://www.sec.gov/Archives/edgar/data/1163165/000110465906012015/0001104659-06-012015-index.htm", "finalLink": "https://www.sec.gov/Archives/edgar/data/1163165/000110465906012015/a06-2522_110k.htm", "calculatedOtherExpenses": 5572000000, "calculatedOperatingExpenses": 7819000000, "calculatedNetInterest": -197000000, "calculatedOtherIncome": -17653000000, "calculatedIncomeNonControlling": 23000000, "calculatedEbitda": 45650000000}, {"date": "2004-12-31", "symbol": "COP", "reportedCurrency": "USD", "cik": "0001163165", "fillingDate": "2005-02-25", "acceptedDate": "2005-02-25 15:09:37", "calendarYear": "2004", "period": "FY", "revenue": 136916000000, "costOfRevenue": 98257000000, "grossProfit": 38659000000, "grossProfitRatio": 0.2823556049, "researchAndDevelopmentExpenses": 0, "generalAndAdministrativeExpenses": 0, "sellingAndMarketingExpenses": 0, "sellingGeneralAndAdministrativeExpenses": 2299000000, "otherExpenses": 4928000000, "operatingExpenses": 7227000000, "costAndExpenses": 105484000000, "interestIncome": 0, "interestExpense": 197000000, "depreciationAndAmortization": 3798000000, "ebitda": 35053000000, "ebitdaratio": 0.2560182886, "operatingIncome": 31432000000, "operatingIncomeRatio": 0.2295714161, "totalOtherIncomeExpensesNet": 1712000000, "incomeBeforeTax": 14369000000, "incomeBeforeTaxRatio": 0.1049475591, "incomeTaxExpense": 6262000000, "netIncome": 8129000000, "netIncomeRatio": 0.0593721698, "eps": 5.88, "epsdiluted": 5.8, "weightedAverageShsOut": 1381568000, "weightedAverageShsOutDil": 1401300000, "link": "https://www.sec.gov/Archives/edgar/data/1163165/000095012905001641/0000950129-05-001641-index.htm", "finalLink": "https://www.sec.gov/Archives/edgar/data/1163165/000095012905001641/h22551e10vk.htm", "calculatedOtherExpenses": 4928000000, "calculatedOperatingExpenses": 7227000000, "calculatedNetInterest": -197000000, "calculatedOtherIncome": -16866000000, "calculatedIncomeNonControlling": -22000000, "calculatedEbitda": 35230000000}, {"date": "2003-12-31", "symbol": "COP", "reportedCurrency": "USD", "cik": "0001163165", "fillingDate": "2004-03-02", "acceptedDate": "2004-03-01 21:56:31", "calendarYear": "2003", "period": "FY", "revenue": 91359000000, "costOfRevenue": 74632000000, "grossProfit": 16727000000, "grossProfitRatio": 0.1830908832, "researchAndDevelopmentExpenses": 0, "generalAndAdministrativeExpenses": 0, "sellingAndMarketingExpenses": 0, "sellingGeneralAndAdministrativeExpenses": 2767000000, "otherExpenses": 4426000000, "operatingExpenses": 7193000000, "costAndExpenses": 81825000000, "interestIncome": 0, "interestExpense": 197000000, "depreciationAndAmortization": 3485000000, "ebitda": 13021000000, "ebitdaratio": 0.1425256406, "operatingIncome": 9534000000, "operatingIncomeRatio": 0.1043575346, "totalOtherIncomeExpensesNet": 540000000, "incomeBeforeTax": 8337000000, "incomeBeforeTaxRatio": 0.0912553771, "incomeTaxExpense": 3744000000, "netIncome": 4735000000, "netIncomeRatio": 0.0518285007, "eps": 3.48, "epsdiluted": 3.46, "weightedAverageShsOut": 1360980000, "weightedAverageShsOutDil": 1370866000, "link": "https://www.sec.gov/Archives/edgar/data/1163165/000095013404002756/0000950134-04-002756-index.htm", "finalLink": "https://www.sec.gov/Archives/edgar/data/1163165/000095013404002756/h12939e10vk.htm", "calculatedOtherExpenses": 4426000000, "calculatedOperatingExpenses": 7193000000, "calculatedNetInterest": -197000000, "calculatedOtherIncome": -1000000000, "calculatedIncomeNonControlling": -142000000, "calculatedEbitda": 13019000000}, {"date": "2002-12-31", "symbol": "COP", "reportedCurrency": "USD", "cik": "0001163165", "fillingDate": "2003-03-26", "acceptedDate": "2003-03-26 14:39:50", "calendarYear": "2002", "period": "FY", "revenue": 57224000000, "costOfRevenue": 42811000000, "grossProfit": 14413000000, "grossProfitRatio": 0.2518698448, "researchAndDevelopmentExpenses": 0, "generalAndAdministrativeExpenses": 0, "sellingAndMarketingExpenses": 0, "sellingGeneralAndAdministrativeExpenses": 2252000000, "otherExpenses": 2946000000, "operatingExpenses": 5198000000, "costAndExpenses": 48009000000, "interestIncome": 0, "interestExpense": 0, "depreciationAndAmortization": 2245000000, "ebitda": 11446000000, "ebitdaratio": 0.2000209702, "operatingIncome": 9215000000, "operatingIncomeRatio": 0.161033832, "totalOtherIncomeExpensesNet": 275000000, "incomeBeforeTax": 2164000000, "incomeBeforeTaxRatio": 0.0378163009, "incomeTaxExpense": 1450000000, "netIncome": -295000000, "netIncomeRatio": -0.0051551796, "eps": -0.31, "epsdiluted": -0.3, "weightedAverageShsOut": 964164000, "weightedAverageShsOutDil": 971010000, "link": "https://www.sec.gov/Archives/edgar/data/1163165/000095012903001563/0000950129-03-001563-index.htm", "finalLink": "https://www.sec.gov/Archives/edgar/data/1163165/000095012903001563/h03367e10vk.txt", "calculatedOtherExpenses": 2946000000, "calculatedOperatingExpenses": 5198000000, "calculatedNetInterest": 0, "calculatedOtherIncome": -7051000000, "calculatedIncomeNonControlling": 1009000000, "calculatedEbitda": 11460000000}, {"date": "2001-12-31", "symbol": "COP", "reportedCurrency": "USD", "cik": "0001163165", "fillingDate": "2001-12-31", "acceptedDate": "2001-12-30 19:00:00", "calendarYear": "2001", "period": "FY", "revenue": 24189000000, "costOfRevenue": 17529000000, "grossProfit": 6660000000, "grossProfitRatio": 0.2753317624, "researchAndDevelopmentExpenses": 0, "generalAndAdministrativeExpenses": 0, "sellingAndMarketingExpenses": 0, "sellingGeneralAndAdministrativeExpenses": 946000000, "otherExpenses": 1984000000, "operatingExpenses": 2930000000, "costAndExpenses": 20459000000, "interestIncome": 0, "interestExpense": 0, "depreciationAndAmortization": 1405000000, "ebitda": 5100000000, "ebitdaratio": 0.2108396379, "operatingIncome": 3730000000, "operatingIncomeRatio": 0.1542023234, "totalOtherIncomeExpensesNet": 76000000, "incomeBeforeTax": 3302000000, "incomeBeforeTaxRatio": 0.1365083302, "incomeTaxExpense": 1659000000, "netIncome": 1661000000, "netIncomeRatio": 0.0686675762, "eps": 2.84, "epsdiluted": 2.82, "weightedAverageShsOut": 585928000, "weightedAverageShsOutDil": 590032000, "link": "", "finalLink": "", "calculatedOtherExpenses": 1984000000, "calculatedOperatingExpenses": 2930000000, "calculatedNetInterest": 0, "calculatedOtherIncome": -428000000, "calculatedIncomeNonControlling": -18000000, "calculatedEbitda": 5135000000}, {"date": "2000-12-31", "symbol": "COP", "reportedCurrency": "USD", "cik": "0001163165", "fillingDate": "2000-12-31", "acceptedDate": "2000-12-30 19:00:00", "calendarYear": "2000", "period": "FY", "revenue": 21227000000, "costOfRevenue": 14595000000, "grossProfit": 6632000000, "grossProfitRatio": 0.3124322796, "researchAndDevelopmentExpenses": 0, "generalAndAdministrativeExpenses": 0, "sellingAndMarketingExpenses": 0, "sellingGeneralAndAdministrativeExpenses": 636000000, "otherExpenses": 1647000000, "operatingExpenses": 2283000000, "costAndExpenses": 16878000000, "interestIncome": 0, "interestExpense": 0, "depreciationAndAmortization": 1179000000, "ebitda": 5508000000, "ebitdaratio": 0.2594808499, "operatingIncome": 4349000000, "operatingIncomeRatio": 0.2048805766, "totalOtherIncomeExpensesNet": 134000000, "incomeBeforeTax": 3769000000, "incomeBeforeTaxRatio": 0.1775568851, "incomeTaxExpense": 1907000000, "netIncome": 1862000000, "netIncomeRatio": 0.0877184718, "eps": 3.66, "epsdiluted": 3.63, "weightedAverageShsOut": 508743169, "weightedAverageShsOutDil": 512947658, "link": "", "finalLink": "", "calculatedOtherExpenses": 1647000000, "calculatedOperatingExpenses": 2283000000, "calculatedNetInterest": 0, "calculatedOtherIncome": -580000000, "calculatedIncomeNonControlling": 0, "calculatedEbitda": 5528000000}, {"date": "1999-12-31", "symbol": "COP", "reportedCurrency": "USD", "cik": "0001163165", "fillingDate": "1999-12-31", "acceptedDate": "1999-12-30 19:00:00", "calendarYear": "1999", "period": "FY", "revenue": 13852000000, "costOfRevenue": 10435000000, "grossProfit": 3417000000, "grossProfitRatio": 0.2466791799, "researchAndDevelopmentExpenses": 0, "generalAndAdministrativeExpenses": 0, "sellingAndMarketingExpenses": 0, "sellingGeneralAndAdministrativeExpenses": 665000000, "otherExpenses": 1133000000, "operatingExpenses": 1798000000, "costAndExpenses": 12233000000, "interestIncome": 0, "interestExpense": 0, "depreciationAndAmortization": 902000000, "ebitda": 2512000000, "ebitdaratio": 0.1813456541, "operatingIncome": 1619000000, "operatingIncomeRatio": 0.1168784291, "totalOtherIncomeExpensesNet": 110000000, "incomeBeforeTax": 1185000000, "incomeBeforeTaxRatio": 0.0855472134, "incomeTaxExpense": 576000000, "netIncome": 609000000, "netIncomeRatio": 0.0439647704, "eps": 1.21, "epsdiluted": 1.2, "weightedAverageShsOut": 505654000, "weightedAverageShsOutDil": 508866000, "link": "", "finalLink": "", "calculatedOtherExpenses": 1133000000, "calculatedOperatingExpenses": 1798000000, "calculatedNetInterest": 0, "calculatedOtherIncome": -434000000, "calculatedIncomeNonControlling": 0, "calculatedEbitda": 2521000000}, {"date": "1998-12-31", "symbol": "COP", "reportedCurrency": "USD", "cik": "0001163165", "fillingDate": "1998-12-31", "acceptedDate": "1998-12-30 19:00:00", "calendarYear": "1998", "period": "FY", "revenue": 11845000000, "costOfRevenue": 9048000000, "grossProfit": 2797000000, "grossProfitRatio": 0.2361333896, "researchAndDevelopmentExpenses": 0, "generalAndAdministrativeExpenses": 0, "sellingAndMarketingExpenses": 0, "sellingGeneralAndAdministrativeExpenses": 641000000, "otherExpenses": 1528000000, "operatingExpenses": 2169000000, "costAndExpenses": 11217000000, "interestIncome": 0, "interestExpense": 0, "depreciationAndAmortization": 1302000000, "ebitda": 1613000000, "ebitdaratio": 0.1361756015, "operatingIncome": 628000000, "operatingIncomeRatio": 0.0530181511, "totalOtherIncomeExpensesNet": 392000000, "incomeBeforeTax": 421000000, "incomeBeforeTaxRatio": 0.035542423, "incomeTaxExpense": 184000000, "netIncome": 237000000, "netIncomeRatio": 0.0200084424, "eps": 0.46, "epsdiluted": 0.46, "weightedAverageShsOut": 516548000, "weightedAverageShsOutDil": 520304000, "link": "", "finalLink": "", "calculatedOtherExpenses": 1528000000, "calculatedOperatingExpenses": 2169000000, "calculatedNetInterest": 0, "calculatedOtherIncome": -207000000, "calculatedIncomeNonControlling": 0, "calculatedEbitda": 1930000000}, {"date": "1997-12-31", "symbol": "COP", "reportedCurrency": "USD", "cik": "0001163165", "fillingDate": "1997-12-31", "acceptedDate": "1997-12-30 19:00:00", "calendarYear": "1997", "period": "FY", "revenue": 15424000000, "costOfRevenue": 11568000000, "grossProfit": 3856000000, "grossProfitRatio": 0.25, "researchAndDevelopmentExpenses": 0, "generalAndAdministrativeExpenses": 0, "sellingAndMarketingExpenses": 0, "sellingGeneralAndAdministrativeExpenses": 631000000, "otherExpenses": 1126000000, "operatingExpenses": 1757000000, "costAndExpenses": 13325000000, "interestIncome": 0, "interestExpense": 0, "depreciationAndAmortization": 863000000, "ebitda": 2712000000, "ebitdaratio": 0.1758298755, "operatingIncome": 2099000000, "operatingIncomeRatio": 0.1360866183, "totalOtherIncomeExpensesNet": 376000000, "incomeBeforeTax": 1900000000, "incomeBeforeTaxRatio": 0.1231846473, "incomeTaxExpense": 941000000, "netIncome": 959000000, "netIncomeRatio": 0.0621758299, "eps": 1.82, "epsdiluted": 1.81, "weightedAverageShsOut": 526784000, "weightedAverageShsOutDil": 530838000, "link": "", "finalLink": "", "calculatedOtherExpenses": 1126000000, "calculatedOperatingExpenses": 1757000000, "calculatedNetInterest": 0, "calculatedOtherIncome": -199000000, "calculatedIncomeNonControlling": 0, "calculatedEbitda": 2962000000}, {"date": "1996-12-31", "symbol": "COP", "reportedCurrency": "USD", "cik": "0001163165", "fillingDate": "1996-12-31", "acceptedDate": "1996-12-30 19:00:00", "calendarYear": "1996", "period": "FY", "revenue": 15807000000, "costOfRevenue": 12228000000, "grossProfit": 3579000000, "grossProfitRatio": 0.2264186753, "researchAndDevelopmentExpenses": 0, "generalAndAdministrativeExpenses": 0, "sellingAndMarketingExpenses": 0, "sellingGeneralAndAdministrativeExpenses": 509000000, "otherExpenses": 1205000000, "operatingExpenses": 1714000000, "costAndExpenses": 13942000000, "interestIncome": 0, "interestExpense": 0, "depreciationAndAmortization": 941000000, "ebitda": 1592000000, "ebitdaratio": 0.1007148732, "operatingIncome": 1865000000, "operatingIncomeRatio": 0.1179857025, "totalOtherIncomeExpensesNet": 1218000000, "incomeBeforeTax": 2172000000, "incomeBeforeTaxRatio": 0.1374074777, "incomeTaxExpense": 869000000, "netIncome": 1303000000, "netIncomeRatio": 0.082431834, "eps": 2.48, "epsdiluted": 2.46, "weightedAverageShsOut": 525838000, "weightedAverageShsOutDil": 530512000, "link": "", "finalLink": "", "calculatedOtherExpenses": 1205000000, "calculatedOperatingExpenses": 1714000000, "calculatedNetInterest": 0, "calculatedOtherIncome": 307000000, "calculatedIncomeNonControlling": 0, "calculatedEbitda": 2806000000}, {"date": "1995-12-31", "symbol": "COP", "reportedCurrency": "USD", "cik": "0001163165", "fillingDate": "1995-12-31", "acceptedDate": "1995-12-30 19:00:00", "calendarYear": "1995", "period": "FY", "revenue": 13521000000, "costOfRevenue": 10523000000, "grossProfit": 2998000000, "grossProfitRatio": 0.221729162, "researchAndDevelopmentExpenses": 0, "generalAndAdministrativeExpenses": 0, "sellingAndMarketingExpenses": 0, "sellingGeneralAndAdministrativeExpenses": 500000000, "otherExpenses": 1137000000, "operatingExpenses": 1637000000, "costAndExpenses": 12160000000, "interestIncome": 0, "interestExpense": 0, "depreciationAndAmortization": 871000000, "ebitda": 2206000000, "ebitdaratio": 0.1631536129, "operatingIncome": 1361000000, "operatingIncomeRatio": 0.1006582353, "totalOtherIncomeExpensesNet": 153000000, "incomeBeforeTax": 1064000000, "incomeBeforeTaxRatio": 0.0786924044, "incomeTaxExpense": 595000000, "netIncome": 469000000, "netIncomeRatio": 0.0346867835, "eps": 0.9, "epsdiluted": 0.89, "weightedAverageShsOut": 523978000, "weightedAverageShsOutDil": 523978000, "link": "", "finalLink": "", "calculatedOtherExpenses": 1137000000, "calculatedOperatingExpenses": 1637000000, "calculatedNetInterest": 0, "calculatedOtherIncome": -297000000, "calculatedIncomeNonControlling": 0, "calculatedEbitda": 2232000000}, {"date": "1994-12-31", "symbol": "COP", "reportedCurrency": "USD", "cik": "0001163165", "fillingDate": "1994-12-31", "acceptedDate": "1994-12-30 19:00:00", "calendarYear": "1994", "period": "FY", "revenue": 12367000000, "costOfRevenue": 9710000000, "grossProfit": 2657000000, "grossProfitRatio": 0.214845961, "researchAndDevelopmentExpenses": 0, "generalAndAdministrativeExpenses": 0, "sellingAndMarketingExpenses": 0, "sellingGeneralAndAdministrativeExpenses": 478000000, "otherExpenses": 1065000000, "operatingExpenses": 1543000000, "costAndExpenses": 11253000000, "interestIncome": 0, "interestExpense": 0, "depreciationAndAmortization": 794000000, "ebitda": 1796000000, "ebitdaratio": 0.1452251961, "operatingIncome": 1114000000, "operatingIncomeRatio": 0.0900784345, "totalOtherIncomeExpensesNet": 196000000, "incomeBeforeTax": 852000000, "incomeBeforeTaxRatio": 0.0688930218, "incomeTaxExpense": 368000000, "netIncome": 484000000, "netIncomeRatio": 0.0391364114, "eps": 0.93, "epsdiluted": 0.92, "weightedAverageShsOut": 523058000, "weightedAverageShsOutDil": 523058000, "link": "", "finalLink": "", "calculatedOtherExpenses": 1065000000, "calculatedOperatingExpenses": 1543000000, "calculatedNetInterest": 0, "calculatedOtherIncome": -262000000, "calculatedIncomeNonControlling": 0, "calculatedEbitda": 1908000000}, {"date": "1993-12-31", "symbol": "COP", "reportedCurrency": "USD", "cik": "0001163165", "fillingDate": "1993-12-31", "acceptedDate": "1993-12-30 19:00:00", "calendarYear": "1993", "period": "FY", "revenue": 12545000000, "costOfRevenue": 9976000000, "grossProfit": 2569000000, "grossProfitRatio": 0.204782782, "researchAndDevelopmentExpenses": 0, "generalAndAdministrativeExpenses": 0, "sellingAndMarketingExpenses": 0, "sellingGeneralAndAdministrativeExpenses": 597000000, "otherExpenses": 1124000000, "operatingExpenses": 1721000000, "costAndExpenses": 11697000000, "interestIncome": 0, "interestExpense": 0, "depreciationAndAmortization": 841000000, "ebitda": 1689000000, "ebitdaratio": 0.1346353129, "operatingIncome": 848000000, "operatingIncomeRatio": 0.0675966521, "totalOtherIncomeExpensesNet": -310000000, "incomeBeforeTax": 538000000, "incomeBeforeTaxRatio": 0.0428856118, "incomeTaxExpense": 293000000, "netIncome": 243000000, "netIncomeRatio": 0.019370267, "eps": 0.47, "epsdiluted": 0.46, "weightedAverageShsOut": 522030000, "weightedAverageShsOutDil": 522030000, "link": "", "finalLink": "", "calculatedOtherExpenses": 1124000000, "calculatedOperatingExpenses": 1721000000, "calculatedNetInterest": 0, "calculatedOtherIncome": -310000000, "calculatedIncomeNonControlling": 2000000, "calculatedEbitda": 1689000000}, {"date": "1992-12-31", "symbol": "COP", "reportedCurrency": "USD", "cik": "0001163165", "fillingDate": "1992-12-31", "acceptedDate": "1992-12-30 19:00:00", "calendarYear": "1992", "period": "FY", "revenue": 12140000000, "costOfRevenue": 9512000000, "grossProfit": 2628000000, "grossProfitRatio": 0.2164744646, "researchAndDevelopmentExpenses": 0, "generalAndAdministrativeExpenses": 0, "sellingAndMarketingExpenses": 0, "sellingGeneralAndAdministrativeExpenses": 609000000, "otherExpenses": 1130000000, "operatingExpenses": 1739000000, "costAndExpenses": 11251000000, "interestIncome": 0, "interestExpense": 0, "depreciationAndAmortization": 820000000, "ebitda": 1709000000, "ebitdaratio": 0.1407742998, "operatingIncome": 889000000, "operatingIncomeRatio": 0.0732289951, "totalOtherIncomeExpensesNet": -378000000, "incomeBeforeTax": 511000000, "incomeBeforeTaxRatio": 0.042092257, "incomeTaxExpense": 241000000, "netIncome": 180000000, "netIncomeRatio": 0.0148270181, "eps": 0.35, "epsdiluted": 0.35, "weightedAverageShsOut": 521739130, "weightedAverageShsOutDil": 521739130, "link": "", "finalLink": "", "calculatedOtherExpenses": 1130000000, "calculatedOperatingExpenses": 1739000000, "calculatedNetInterest": 0, "calculatedOtherIncome": -378000000, "calculatedIncomeNonControlling": 90000000, "calculatedEbitda": 1709000000}, {"date": "1991-12-31", "symbol": "COP", "reportedCurrency": "USD", "cik": "0001163165", "fillingDate": "1991-12-31", "acceptedDate": "1991-12-30 19:00:00", "calendarYear": "1991", "period": "FY", "revenue": 13259000000, "costOfRevenue": 10333000000, "grossProfit": 2926000000, "grossProfitRatio": 0.2206802926, "researchAndDevelopmentExpenses": 0, "generalAndAdministrativeExpenses": 0, "sellingAndMarketingExpenses": 0, "sellingGeneralAndAdministrativeExpenses": 562000000, "otherExpenses": 1456000000, "operatingExpenses": 2018000000, "costAndExpenses": 12351000000, "interestIncome": 0, "interestExpense": 0, "depreciationAndAmortization": 1190000000, "ebitda": 2098000000, "ebitdaratio": 0.1582321442, "operatingIncome": 908000000, "operatingIncomeRatio": 0.068481786, "totalOtherIncomeExpensesNet": -457000000, "incomeBeforeTax": 451000000, "incomeBeforeTaxRatio": 0.0340146316, "incomeTaxExpense": 353000000, "netIncome": 258000000, "netIncomeRatio": 0.019458481, "eps": 0.5, "epsdiluted": 0.5, "weightedAverageShsOut": 521212121, "weightedAverageShsOutDil": 521212121, "link": "", "finalLink": "", "calculatedOtherExpenses": 1456000000, "calculatedOperatingExpenses": 2018000000, "calculatedNetInterest": 0, "calculatedOtherIncome": -457000000, "calculatedIncomeNonControlling": -160000000, "calculatedEbitda": 2098000000}, {"date": "1990-12-31", "symbol": "COP", "reportedCurrency": "USD", "cik": "0001163165", "fillingDate": "1990-12-31", "acceptedDate": "1990-12-30 19:00:00", "calendarYear": "1990", "period": "FY", "revenue": 13975000000, "costOfRevenue": 10590000000, "grossProfit": 3385000000, "grossProfitRatio": 0.2422182469, "researchAndDevelopmentExpenses": 0, "generalAndAdministrativeExpenses": 0, "sellingAndMarketingExpenses": 0, "sellingGeneralAndAdministrativeExpenses": 540000000, "otherExpenses": 1038000000, "operatingExpenses": 1578000000, "costAndExpenses": 12168000000, "interestIncome": 0, "interestExpense": 0, "depreciationAndAmortization": 808000000, "ebitda": 2615000000, "ebitdaratio": 0.1871198569, "operatingIncome": 1807000000, "operatingIncomeRatio": 0.1293023256, "totalOtherIncomeExpensesNet": -620000000, "incomeBeforeTax": 1187000000, "incomeBeforeTaxRatio": 0.0849373882, "incomeTaxExpense": 646000000, "netIncome": 779000000, "netIncomeRatio": 0.0557423971, "eps": 1.57, "epsdiluted": 1.57, "weightedAverageShsOut": 497763578, "weightedAverageShsOutDil": 497763578, "link": "", "finalLink": "", "calculatedOtherExpenses": 1038000000, "calculatedOperatingExpenses": 1578000000, "calculatedNetInterest": 0, "calculatedOtherIncome": -620000000, "calculatedIncomeNonControlling": -238000000, "calculatedEbitda": 2615000000}, {"date": "1989-12-31", "symbol": "COP", "reportedCurrency": "USD", "cik": "0001163165", "fillingDate": "1989-12-31", "acceptedDate": "1989-12-30 19:00:00", "calendarYear": "1989", "period": "FY", "revenue": 12492000000, "costOfRevenue": 9497000000, "grossProfit": 2995000000, "grossProfitRatio": 0.2397534422, "researchAndDevelopmentExpenses": 0, "generalAndAdministrativeExpenses": 0, "sellingAndMarketingExpenses": 0, "sellingGeneralAndAdministrativeExpenses": 517000000, "otherExpenses": 1297000000, "operatingExpenses": 1814000000, "costAndExpenses": 11311000000, "interestIncome": 0, "interestExpense": 0, "depreciationAndAmortization": 1106000000, "ebitda": 2287000000, "ebitdaratio": 0.1830771694, "operatingIncome": 1181000000, "operatingIncomeRatio": 0.0945405059, "totalOtherIncomeExpensesNet": -645000000, "incomeBeforeTax": 536000000, "incomeBeforeTaxRatio": 0.0429074608, "incomeTaxExpense": 317000000, "netIncome": 219000000, "netIncomeRatio": 0.01753122, "eps": 0.45, "epsdiluted": 0.45, "weightedAverageShsOut": 486666667, "weightedAverageShsOutDil": 486666667, "link": "", "finalLink": "", "calculatedOtherExpenses": 1297000000, "calculatedOperatingExpenses": 1814000000, "calculatedNetInterest": 0, "calculatedOtherIncome": -645000000, "calculatedIncomeNonControlling": 0, "calculatedEbitda": 2287000000}, {"date": "1988-12-31", "symbol": "COP", "reportedCurrency": "USD", "cik": "0001163165", "fillingDate": "1988-12-31", "acceptedDate": "1988-12-30 19:00:00", "calendarYear": "1988", "period": "FY", "revenue": 11490000000, "costOfRevenue": 8170000000, "grossProfit": 3320000000, "grossProfitRatio": 0.2889469104, "researchAndDevelopmentExpenses": 0, "generalAndAdministrativeExpenses": 0, "sellingAndMarketingExpenses": 0, "sellingGeneralAndAdministrativeExpenses": 439000000, "otherExpenses": 1078000000, "operatingExpenses": 1517000000, "costAndExpenses": 9687000000, "interestIncome": 0, "interestExpense": 0, "depreciationAndAmortization": 868000000, "ebitda": 2671000000, "ebitdaratio": 0.2324630113, "operatingIncome": 1803000000, "operatingIncomeRatio": 0.1569190601, "totalOtherIncomeExpensesNet": -688000000, "incomeBeforeTax": 1115000000, "incomeBeforeTaxRatio": 0.0970409051, "incomeTaxExpense": 465000000, "netIncome": 650000000, "netIncomeRatio": 0.0565709312, "eps": 1.36, "epsdiluted": 1.36, "weightedAverageShsOut": 477941176, "weightedAverageShsOutDil": 477941176, "link": "", "finalLink": "", "calculatedOtherExpenses": 1078000000, "calculatedOperatingExpenses": 1517000000, "calculatedNetInterest": 0, "calculatedOtherIncome": -688000000, "calculatedIncomeNonControlling": 0, "calculatedEbitda": 2671000000}, {"date": "1987-12-31", "symbol": "COP", "reportedCurrency": "USD", "cik": "0001163165", "fillingDate": "1987-12-31", "acceptedDate": "1987-12-30 19:00:00", "calendarYear": "1987", "period": "FY", "revenue": 10721000000, "costOfRevenue": 8370000000, "grossProfit": 2351000000, "grossProfitRatio": 0.2192892454, "researchAndDevelopmentExpenses": 0, "generalAndAdministrativeExpenses": 0, "sellingAndMarketingExpenses": 0, "sellingGeneralAndAdministrativeExpenses": 370000000, "otherExpenses": 1139000000, "operatingExpenses": 1509000000, "costAndExpenses": 9879000000, "interestIncome": 0, "interestExpense": 0, "depreciationAndAmortization": 922000000, "ebitda": 1611000000, "ebitdaratio": 0.1502658334, "operatingIncome": 842000000, "operatingIncomeRatio": 0.0785374499, "totalOtherIncomeExpensesNet": 153000000, "incomeBeforeTax": 266000000, "incomeBeforeTaxRatio": 0.0248111184, "incomeTaxExpense": 231000000, "netIncome": 35000000, "netIncomeRatio": 0.0032646208, "eps": 0.03, "epsdiluted": 0.03, "weightedAverageShsOut": 590000000, "weightedAverageShsOutDil": 590000000, "link": "", "finalLink": "", "calculatedOtherExpenses": 1139000000, "calculatedOperatingExpenses": 1509000000, "calculatedNetInterest": 0, "calculatedOtherIncome": -576000000, "calculatedIncomeNonControlling": 0, "calculatedEbitda": 1764000000}, {"date": "1986-12-31", "symbol": "COP", "reportedCurrency": "USD", "cik": "0001163165", "fillingDate": "1986-12-31", "acceptedDate": "1986-12-30 19:00:00", "calendarYear": "1986", "period": "FY", "revenue": 9786000000, "costOfRevenue": 7396000000, "grossProfit": 2390000000, "grossProfitRatio": 0.2442264459, "researchAndDevelopmentExpenses": 0, "generalAndAdministrativeExpenses": 0, "sellingAndMarketingExpenses": 0, "sellingGeneralAndAdministrativeExpenses": 308000000, "otherExpenses": 1307000000, "operatingExpenses": 1615000000, "costAndExpenses": 9011000000, "interestIncome": 0, "interestExpense": 0, "depreciationAndAmortization": 1097000000, "ebitda": 1270000000, "ebitdaratio": 0.1297772328, "operatingIncome": 775000000, "operatingIncomeRatio": 0.079194768, "totalOtherIncomeExpensesNet": 602000000, "incomeBeforeTax": 692000000, "incomeBeforeTaxRatio": 0.0707132638, "incomeTaxExpense": 458000000, "netIncome": 234000000, "netIncomeRatio": 0.0239117106, "eps": 0.46, "epsdiluted": 0.46, "weightedAverageShsOut": 457142857, "weightedAverageShsOutDil": 457142857, "link": "", "finalLink": "", "calculatedOtherExpenses": 1307000000, "calculatedOperatingExpenses": 1615000000, "calculatedNetInterest": 0, "calculatedOtherIncome": -83000000, "calculatedIncomeNonControlling": 0, "calculatedEbitda": 1872000000}, {"date": "1985-12-31", "symbol": "COP", "reportedCurrency": "USD", "cik": "0001163165", "fillingDate": "1985-12-31", "acceptedDate": "1985-12-30 19:00:00", "calendarYear": "1985", "period": "FY", "revenue": 15673000000, "costOfRevenue": 11319000000, "grossProfit": 4354000000, "grossProfitRatio": 0.2778025904, "researchAndDevelopmentExpenses": 0, "generalAndAdministrativeExpenses": 0, "sellingAndMarketingExpenses": 0, "sellingGeneralAndAdministrativeExpenses": 412000000, "otherExpenses": 1450000000, "operatingExpenses": 1862000000, "costAndExpenses": 13181000000, "interestIncome": 0, "interestExpense": 0, "depreciationAndAmortization": 1044000000, "ebitda": 3229000000, "ebitdaratio": 0.206023097, "operatingIncome": 2492000000, "operatingIncomeRatio": 0.1589995534, "totalOtherIncomeExpensesNet": 307000000, "incomeBeforeTax": 1953000000, "incomeBeforeTaxRatio": 0.1246092005, "incomeTaxExpense": 1357000000, "netIncome": 418000000, "netIncomeRatio": 0.0266700695, "eps": 0.72, "epsdiluted": 0.72, "weightedAverageShsOut": 454282000, "weightedAverageShsOutDil": 454282000, "link": "", "finalLink": "", "calculatedOtherExpenses": 1450000000, "calculatedOperatingExpenses": 1862000000, "calculatedNetInterest": 0, "calculatedOtherIncome": -539000000, "calculatedIncomeNonControlling": 178000000, "calculatedEbitda": 3536000000}]}