{"originalCurrency": "USD", "convertedCurrency": "USD", "report": [{"date": "2023-09-30", "symbol": "COR", "reportedCurrency": "USD", "cik": "0001490892", "fillingDate": "2023-09-30", "acceptedDate": "2023-09-29 20:00:00", "calendarYear": "2023", "period": "FY", "revenue": 262173411000, "costOfRevenue": 253213918000, "grossProfit": 8959493000, "grossProfitRatio": 0.0341739193, "researchAndDevelopmentExpenses": 0, "generalAndAdministrativeExpenses": 0, "sellingAndMarketingExpenses": 0, "sellingGeneralAndAdministrativeExpenses": 5309984000, "otherExpenses": 49036000, "operatingExpenses": 6273888000, "costAndExpenses": 259487806000, "interestIncome": 228931000, "interestExpense": 228931000, "depreciationAndAmortization": 963904000, "ebitda": 3698545000, "ebitdaratio": 0.0141072467, "operatingIncome": 2340731000, "operatingIncomeRatio": 0.0089281785, "totalOtherIncomeExpensesNet": -295838000, "incomeBeforeTax": 2160836000, "incomeBeforeTaxRatio": 0.0082420105, "incomeTaxExpense": 428260000, "netIncome": 1745293000, "netIncomeRatio": 0.0066570176, "eps": 8.62, "epsdiluted": 8.53, "weightedAverageShsOut": 202511000, "weightedAverageShsOutDil": 204591000, "link": null, "finalLink": null, "calculatedOtherExpenses": 1308778000, "calculatedOperatingExpenses": 6618762000, "calculatedNetInterest": 0, "calculatedOtherIncome": -179895000, "calculatedIncomeNonControlling": -12717000, "calculatedEbitda": 3304635000}, {"date": "2022-09-30", "symbol": "COR", "reportedCurrency": "USD", "cik": "0001490892", "fillingDate": "2022-09-30", "acceptedDate": "2022-09-30 00:00:00", "calendarYear": "2022", "period": "FY", "revenue": 238587006000, "costOfRevenue": 230252441000, "grossProfit": 8334565000, "grossProfitRatio": 0.0349330215, "researchAndDevelopmentExpenses": 0, "generalAndAdministrativeExpenses": 0, "sellingAndMarketingExpenses": 0, "sellingGeneralAndAdministrativeExpenses": 4848962000, "otherExpenses": 27352000, "operatingExpenses": 5542857000, "costAndExpenses": 235833496000, "interestIncome": 21309000, "interestExpense": 210673000, "depreciationAndAmortization": 693895000, "ebitda": 3474757000, "ebitdaratio": 0.0145638988, "operatingIncome": 2366378000, "operatingIncomeRatio": 0.0099183021, "totalOtherIncomeExpensesNet": -359780000, "incomeBeforeTax": 2183057000, "incomeBeforeTaxRatio": 0.0091499409, "incomeTaxExpense": 516517000, "netIncome": 1698820000, "netIncomeRatio": 0.0071203375, "eps": 8.15, "epsdiluted": 8.04, "weightedAverageShsOut": 208472000, "weightedAverageShsOutDil": 211210000, "link": null, "finalLink": null, "calculatedOtherExpenses": 1119225000, "calculatedOperatingExpenses": 5968187000, "calculatedNetInterest": -189364000, "calculatedOtherIncome": 6043000, "calculatedIncomeNonControlling": -32280000, "calculatedEbitda": 3060273000}, {"date": "2021-09-30", "symbol": "COR", "reportedCurrency": "USD", "cik": "0001490892", "fillingDate": "2021-09-30", "acceptedDate": "2021-09-30 00:00:00", "calendarYear": "2021", "period": "FY", "revenue": 213988843000, "costOfRevenue": 207214409000, "grossProfit": 6774434000, "grossProfitRatio": 0.0316578841, "researchAndDevelopmentExpenses": 0, "generalAndAdministrativeExpenses": 0, "sellingAndMarketingExpenses": 0, "sellingGeneralAndAdministrativeExpenses": 3594251000, "otherExpenses": 41736000, "operatingExpenses": 4099423000, "costAndExpenses": 211145038000, "interestIncome": 8470000, "interestExpense": 182544000, "depreciationAndAmortization": 514786000, "ebitda": 3408797000, "ebitdaratio": 0.0159297885, "operatingIncome": 2354197000, "operatingIncomeRatio": 0.0110014941, "totalOtherIncomeExpensesNet": -447872000, "incomeBeforeTax": 2221859000, "incomeBeforeTaxRatio": 0.01038306, "incomeTaxExpense": 677251000, "netIncome": 1539932000, "netIncomeRatio": 0.0071963191, "eps": 7.48, "epsdiluted": 7.39, "weightedAverageShsOut": 205919000, "weightedAverageShsOutDil": 208465000, "link": null, "finalLink": null, "calculatedOtherExpenses": 825986000, "calculatedOperatingExpenses": 4420237000, "calculatedNetInterest": -174074000, "calculatedOtherIncome": 41736000, "calculatedIncomeNonControlling": 4676000, "calculatedEbitda": 2868983000}, {"date": "2020-09-30", "symbol": "COR", "reportedCurrency": "USD", "cik": "0001490892", "fillingDate": "2021-02-05", "acceptedDate": "2021-02-05 07:18:21", "calendarYear": "2020", "period": "FY", "revenue": 189893926000, "costOfRevenue": 184698562000, "grossProfit": 5195364000, "grossProfitRatio": 0.0273592953, "researchAndDevelopmentExpenses": 0, "generalAndAdministrativeExpenses": 80573000, "sellingAndMarketingExpenses": 23726000, "sellingGeneralAndAdministrativeExpenses": 2767217000, "otherExpenses": 1581000, "operatingExpenses": 3158279000, "costAndExpenses": 187860321000, "interestIncome": 20639000, "interestExpense": 137883000, "depreciationAndAmortization": 391062000, "ebitda": 2426248000, "ebitdaratio": 0.0127768594, "operatingIncome": -5135354000, "operatingIncomeRatio": -0.0270432768, "totalOtherIncomeExpensesNet": -7189553000, "incomeBeforeTax": -5293831000, "incomeBeforeTaxRatio": -0.0278778322, "incomeTaxExpense": -1894273000, "netIncome": -3408716000, "netIncomeRatio": -0.0179506321, "eps": -16.65, "epsdiluted": -16.65, "weightedAverageShsOut": 204783000, "weightedAverageShsOutDil": 204783000, "link": "https://www.sec.gov/Archives/edgar/data/1490892/000155837021000757/0001558370-21-000757-index.htm", "finalLink": "https://www.sec.gov/Archives/edgar/data/1490892/000155837021000757/cor-20201231x10k.htm", "calculatedOtherExpenses": 7563501000, "calculatedOperatingExpenses": 10330718000, "calculatedNetInterest": -117244000, "calculatedOtherIncome": -41233000, "calculatedIncomeNonControlling": 9158000, "calculatedEbitda": -4744292000}, {"date": "2019-09-30", "symbol": "COR", "reportedCurrency": "USD", "cik": "0001490892", "fillingDate": "2020-02-07", "acceptedDate": "2020-02-07 07:18:29", "calendarYear": "2019", "period": "FY", "revenue": 179589121000, "costOfRevenue": 174450809000, "grossProfit": 5138312000, "grossProfitRatio": 0.0286114881, "researchAndDevelopmentExpenses": 0, "generalAndAdministrativeExpenses": 76388000, "sellingAndMarketingExpenses": 2663508000, "sellingGeneralAndAdministrativeExpenses": 2663508000, "otherExpenses": 12952000, "operatingExpenses": 3125915000, "costAndExpenses": 177576724000, "interestIncome": 37705000, "interestExpense": 157769000, "depreciationAndAmortization": 462407000, "ebitda": 2487756000, "ebitdaratio": 0.0138524872, "operatingIncome": 1111923000, "operatingIncomeRatio": 0.0061914831, "totalOtherIncomeExpensesNet": -887522000, "incomeBeforeTax": 967106000, "incomeBeforeTaxRatio": 0.0053851035, "incomeTaxExpense": 112971000, "netIncome": 855365000, "netIncomeRatio": 0.0047628999, "eps": 4.07, "epsdiluted": 4.04, "weightedAverageShsOut": 210165000, "weightedAverageShsOutDil": 211840000, "link": "https://www.sec.gov/Archives/edgar/data/1490892/000155837020000595/0001558370-20-000595-index.html", "finalLink": "https://www.sec.gov/Archives/edgar/data/1490892/000155837020000595/cor-20191231x10k0cf293.htm", "calculatedOtherExpenses": 1362881000, "calculatedOperatingExpenses": 4026389000, "calculatedNetInterest": -120064000, "calculatedOtherIncome": -24753000, "calculatedIncomeNonControlling": -1230000, "calculatedEbitda": 1574330000}, {"date": "2018-09-30", "symbol": "COR", "reportedCurrency": "USD", "cik": "0001490892", "fillingDate": "2019-02-08", "acceptedDate": "2019-02-08 07:22:34", "calendarYear": "2018", "period": "FY", "revenue": 167939635000, "costOfRevenue": 163363256000, "grossProfit": 4576379000, "grossProfitRatio": 0.0272501426, "researchAndDevelopmentExpenses": 0, "generalAndAdministrativeExpenses": 67786000, "sellingAndMarketingExpenses": 21023000, "sellingGeneralAndAdministrativeExpenses": 88809000, "otherExpenses": 141708000, "operatingExpenses": 230517000, "costAndExpenses": 402113000, "interestIncome": 14941000, "interestExpense": 33156000, "depreciationAndAmortization": 141633000, "ebitda": 252701000, "ebitdaratio": 0.0015047133, "operatingIncome": 142279000, "operatingIncomeRatio": 0.0008472032, "totalOtherIncomeExpensesNet": -35526000, "incomeBeforeTax": 106753000, "incomeBeforeTaxRatio": 0.0006356629, "incomeTaxExpense": -10000, "netIncome": 77922000, "netIncomeRatio": 0.0004639881, "eps": 0.35, "epsdiluted": 2.22, "weightedAverageShsOut": 220239707, "weightedAverageShsOutDil": 35137000, "link": "https://www.sec.gov/Archives/edgar/data/1490892/000155837019000493/0001558370-19-000493-index.html", "finalLink": "https://www.sec.gov/Archives/edgar/data/1490892/000155837019000493/cor-20181231x10k.htm", "calculatedOtherExpenses": 4345291000, "calculatedOperatingExpenses": 4434100000, "calculatedNetInterest": -18215000, "calculatedOtherIncome": -17311000, "calculatedIncomeNonControlling": 28841000, "calculatedEbitda": 283912000}, {"date": "2017-09-30", "symbol": "COR", "reportedCurrency": "USD", "cik": "0001490892", "fillingDate": "2018-02-09", "acceptedDate": "2018-02-09 07:19:16", "calendarYear": "2017", "period": "FY", "revenue": 153143826000, "costOfRevenue": 148599219000, "grossProfit": 4544607000, "grossProfitRatio": 0.0296754177, "researchAndDevelopmentExpenses": 0, "generalAndAdministrativeExpenses": 61673000, "sellingAndMarketingExpenses": 18176000, "sellingGeneralAndAdministrativeExpenses": 79849000, "otherExpenses": 129427000, "operatingExpenses": 209276000, "costAndExpenses": 357009000, "interestIncome": 3857000, "interestExpense": 22471000, "depreciationAndAmortization": 129251000, "ebitda": 226751000, "ebitdaratio": 0.0014806408, "operatingIncome": 124812000, "operatingIncomeRatio": 0.0008149986, "totalOtherIncomeExpensesNet": -24147000, "incomeBeforeTax": 100665000, "incomeBeforeTaxRatio": 0.0006573233, "incomeTaxExpense": 174000, "netIncome": 74855000, "netIncomeRatio": 0.0004887889, "eps": 0.34, "epsdiluted": 2.2, "weightedAverageShsOut": 222246341, "weightedAverageShsOutDil": 34058949, "link": "https://www.sec.gov/Archives/edgar/data/1490892/000155837018000547/0001558370-18-000547-index.html", "finalLink": "https://www.sec.gov/Archives/edgar/data/1490892/000155837018000547/cor-20171231x10k.htm", "calculatedOtherExpenses": 4339946000, "calculatedOperatingExpenses": 4419795000, "calculatedNetInterest": -18614000, "calculatedOtherIncome": -5533000, "calculatedIncomeNonControlling": 25636000, "calculatedEbitda": 254063000}, {"date": "2016-09-30", "symbol": "COR", "reportedCurrency": "USD", "cik": "0001490892", "fillingDate": "2017-02-10", "acceptedDate": "2017-02-10 07:16:35", "calendarYear": "2016", "period": "FY", "revenue": 146849686000, "costOfRevenue": 142710838000, "grossProfit": 4138848000, "grossProfitRatio": 0.0281842482, "researchAndDevelopmentExpenses": 0, "generalAndAdministrativeExpenses": 58000000, "sellingAndMarketingExpenses": 17495000, "sellingGeneralAndAdministrativeExpenses": 75495000, "otherExpenses": 108778000, "operatingExpenses": 184273000, "costAndExpenses": 305735000, "interestIncome": 35000, "interestExpense": 11279000, "depreciationAndAmortization": 108652000, "ebitda": 178759000, "ebitdaratio": 0.0012172924, "operatingIncome": 94617000, "operatingIncomeRatio": 0.0006443119, "totalOtherIncomeExpensesNet": -12577000, "incomeBeforeTax": 82040000, "incomeBeforeTaxRatio": 0.0005586665, "incomeTaxExpense": 119000, "netIncome": 58709000, "netIncomeRatio": 0.0003997898, "eps": 0.26, "epsdiluted": 1.79, "weightedAverageShsOut": 225938132, "weightedAverageShsOutDil": 32732059, "link": "https://www.sec.gov/Archives/edgar/data/1490892/000155837017000503/0001558370-17-000503-index.html", "finalLink": "https://www.sec.gov/Archives/edgar/data/1490892/000155837017000503/cor-20161231x10k.htm", "calculatedOtherExpenses": 3968736000, "calculatedOperatingExpenses": 4044231000, "calculatedNetInterest": -11244000, "calculatedOtherIncome": -1333000, "calculatedIncomeNonControlling": 23212000, "calculatedEbitda": 203269000}, {"date": "2015-09-30", "symbol": "COR", "reportedCurrency": "USD", "cik": "0001490892", "fillingDate": "2016-02-12", "acceptedDate": "2016-02-12 07:32:04", "calendarYear": "2015", "period": "FY", "revenue": 135961803000, "costOfRevenue": 132497983000, "grossProfit": 3463820000, "grossProfitRatio": 0.02547642, "researchAndDevelopmentExpenses": 0, "generalAndAdministrativeExpenses": 55254000, "sellingAndMarketingExpenses": 15930000, "sellingGeneralAndAdministrativeExpenses": 71184000, "otherExpenses": 95753000, "operatingExpenses": 166937000, "costAndExpenses": 268886000, "interestIncome": 6000, "interestExpense": 5858000, "depreciationAndAmortization": 95702000, "ebitda": 136429000, "ebitdaratio": 0.0010034362, "operatingIncome": 64406000, "operatingIncomeRatio": 0.0004737066, "totalOtherIncomeExpensesNet": -7384000, "incomeBeforeTax": 57022000, "incomeBeforeTaxRatio": 0.0004193972, "incomeTaxExpense": 163000, "netIncome": 34706000, "netIncomeRatio": 0.0002552629, "eps": 0.16, "epsdiluted": 1.35, "weightedAverageShsOut": 217786058, "weightedAverageShsOutDil": 25706568, "link": "https://www.sec.gov/Archives/edgar/data/1490892/000104746916010126/0001047469-16-010126-index.html", "finalLink": "https://www.sec.gov/Archives/edgar/data/1490892/000104746916010126/a2227284z10-k.htm", "calculatedOtherExpenses": 3328230000, "calculatedOperatingExpenses": 3399414000, "calculatedNetInterest": -5852000, "calculatedOtherIncome": -1532000, "calculatedIncomeNonControlling": 22153000, "calculatedEbitda": 160108000}, {"date": "2014-09-30", "symbol": "COR", "reportedCurrency": "USD", "cik": "0001490892", "fillingDate": "2015-02-13", "acceptedDate": "2015-02-13 07:31:33", "calendarYear": "2014", "period": "FY", "revenue": 119569127000, "costOfRevenue": 116611197000, "grossProfit": 2957930000, "grossProfitRatio": 0.024738242, "researchAndDevelopmentExpenses": 0, "generalAndAdministrativeExpenses": 48239000, "sellingAndMarketingExpenses": 14554000, "sellingGeneralAndAdministrativeExpenses": 62793000, "otherExpenses": 80784000, "operatingExpenses": 143577000, "costAndExpenses": 226274000, "interestIncome": 6000, "interestExpense": 3414000, "depreciationAndAmortization": 80722000, "ebitda": 106939000, "ebitdaratio": 0.0008943697, "operatingIncome": 46146000, "operatingIncomeRatio": 0.0003859357, "totalOtherIncomeExpensesNet": -6056000, "incomeBeforeTax": 40090000, "incomeBeforeTaxRatio": 0.0003352872, "incomeTaxExpense": 38000, "netIncome": 22765000, "netIncomeRatio": 0.000190392, "eps": 0.0969, "epsdiluted": 1.05, "weightedAverageShsOut": 234813333, "weightedAverageShsOutDil": 21740707, "link": "https://www.sec.gov/Archives/edgar/data/1490892/000104746915000775/a2222961z10-k.htm", "finalLink": "https://www.sec.gov/Archives/edgar/data/1490892/000104746915000775/a2222961z10-k.htm", "calculatedOtherExpenses": 2848991000, "calculatedOperatingExpenses": 2911784000, "calculatedNetInterest": -3408000, "calculatedOtherIncome": -2648000, "calculatedIncomeNonControlling": 17287000, "calculatedEbitda": 126868000}, {"date": "2013-09-30", "symbol": "COR", "reportedCurrency": "USD", "cik": "0001490892", "fillingDate": "2014-02-14", "acceptedDate": "2014-02-14 07:32:19", "calendarYear": "2013", "period": "FY", "revenue": 87959167000, "costOfRevenue": 85474231000, "grossProfit": 2484936000, "grossProfitRatio": 0.0282510179, "researchAndDevelopmentExpenses": 0, "generalAndAdministrativeExpenses": 46976000, "sellingAndMarketingExpenses": 14405000, "sellingGeneralAndAdministrativeExpenses": 61381000, "otherExpenses": 66064000, "operatingExpenses": 127445000, "costAndExpenses": 200163000, "interestIncome": 32000, "interestExpense": 950000, "depreciationAndAmortization": 65785000, "ebitda": 85977000, "ebitdaratio": 0.0009774649, "operatingIncome": 34670000, "operatingIncomeRatio": 0.0003941602, "totalOtherIncomeExpensesNet": -2657000, "incomeBeforeTax": 32013000, "incomeBeforeTaxRatio": 0.000363953, "incomeTaxExpense": 401000, "netIncome": 18841000, "netIncomeRatio": 0.0002142017, "eps": 0.0802, "epsdiluted": 0.88, "weightedAverageShsOut": 234969047, "weightedAverageShsOutDil": 21503212, "link": "https://www.sec.gov/Archives/edgar/data/1490892/000104746914000899/a2218228z10-k.htm", "finalLink": "https://www.sec.gov/Archives/edgar/data/1490892/000104746914000899/a2218228z10-k.htm", "calculatedOtherExpenses": 2388885000, "calculatedOperatingExpenses": 2450266000, "calculatedNetInterest": -918000, "calculatedOtherIncome": -1739000, "calculatedIncomeNonControlling": 12771000, "calculatedEbitda": 100455000}, {"date": "2012-09-30", "symbol": "COR", "reportedCurrency": "USD", "cik": "0001490892", "fillingDate": "2013-02-25", "acceptedDate": "2013-02-25 07:31:31", "calendarYear": "2012", "period": "FY", "revenue": 78080806000, "costOfRevenue": 75460933000, "grossProfit": 2619873000, "grossProfitRatio": 0.033553355, "researchAndDevelopmentExpenses": 0, "generalAndAdministrativeExpenses": 44621000, "sellingAndMarketingExpenses": 10330000, "sellingGeneralAndAdministrativeExpenses": 54951000, "otherExpenses": 64940000, "operatingExpenses": 119891000, "costAndExpenses": 189891000, "interestIncome": 13000, "interestExpense": 5236000, "depreciationAndAmortization": 64327000, "ebitda": 75715000, "ebitdaratio": 0.0009697005, "operatingIncome": 17043000, "operatingIncomeRatio": 0.0002182739, "totalOtherIncomeExpensesNet": -5223000, "incomeBeforeTax": 11820000, "incomeBeforeTaxRatio": 0.0001513816, "incomeTaxExpense": 1104000, "netIncome": 5048000, "netIncomeRatio": 6.4651e-05, "eps": 0.0196, "epsdiluted": 0.24, "weightedAverageShsOut": 257216554, "weightedAverageShsOutDil": 20992290, "link": "https://www.sec.gov/Archives/edgar/data/1490892/000110465913013502/0001104659-13-013502-index.html", "finalLink": "https://www.sec.gov/Archives/edgar/data/1490892/000110465913013502/a12-28649_110k.htm", "calculatedOtherExpenses": 2547879000, "calculatedOperatingExpenses": 2602830000, "calculatedNetInterest": -5223000, "calculatedOtherIncome": 0, "calculatedIncomeNonControlling": 5668000, "calculatedEbitda": 81370000}, {"date": "2011-09-30", "symbol": "COR", "reportedCurrency": "USD", "cik": "0001490892", "fillingDate": "2012-02-24", "acceptedDate": "2012-02-24 07:31:09", "calendarYear": "2011", "period": "FY", "revenue": 80217558000, "costOfRevenue": 77678462000, "grossProfit": 2539096000, "grossProfitRatio": 0.0316526215, "researchAndDevelopmentExpenses": 0, "generalAndAdministrativeExpenses": 41057000, "sellingAndMarketingExpenses": 5744000, "sellingGeneralAndAdministrativeExpenses": 1197969000, "otherExpenses": 78086000, "operatingExpenses": 1329845000, "costAndExpenses": 79008307000, "interestIncome": 2181000, "interestExpense": 78902000, "depreciationAndAmortization": 108309000, "ebitda": 1319449000, "ebitdaratio": 0.0164483815, "operatingIncome": 1202745000, "operatingIncomeRatio": 0.0149935379, "totalOtherIncomeExpensesNet": -1889000, "incomeBeforeTax": 1130641000, "incomeBeforeTaxRatio": 0.0140946824, "incomeTaxExpense": 424017000, "netIncome": 706624000, "netIncomeRatio": 0.0088088446, "eps": 2.59, "epsdiluted": 2.54, "weightedAverageShsOut": 272471000, "weightedAverageShsOutDil": 277717000, "link": "https://www.sec.gov/Archives/edgar/data/1490892/000119312512076742/0001193125-12-076742-index.html", "finalLink": "https://www.sec.gov/Archives/edgar/data/1490892/000119312512076742/d286427d10k.htm", "calculatedOtherExpenses": 138382000, "calculatedOperatingExpenses": 1336351000, "calculatedNetInterest": -76721000, "calculatedOtherIncome": 4617000, "calculatedIncomeNonControlling": 0, "calculatedEbitda": 1311054000}, {"date": "2010-09-30", "symbol": "COR", "reportedCurrency": "USD", "cik": "0001490892", "fillingDate": "2011-03-11", "acceptedDate": "2011-03-11 16:35:55", "calendarYear": "2010", "period": "FY", "revenue": 77953979000, "costOfRevenue": 75597337000, "grossProfit": 2356642000, "grossProfitRatio": 0.0302311958, "researchAndDevelopmentExpenses": 0, "generalAndAdministrativeExpenses": 20830000, "sellingAndMarketingExpenses": 1466000, "sellingGeneralAndAdministrativeExpenses": 1163346000, "otherExpenses": 33898000, "operatingExpenses": 1249807000, "costAndExpenses": 76847144000, "interestIncome": 2311000, "interestExpense": 72494000, "depreciationAndAmortization": 86461000, "ebitda": 1193296000, "ebitdaratio": 0.0153076984, "operatingIncome": 1103635000, "operatingIncomeRatio": 0.0141575198, "totalOtherIncomeExpensesNet": -6572000, "incomeBeforeTax": 1027769000, "incomeBeforeTaxRatio": 0.0131843045, "incomeTaxExpense": 391021000, "netIncome": 636748000, "netIncomeRatio": 0.0081682553, "eps": 2.26, "epsdiluted": 2.22, "weightedAverageShsOut": 282258000, "weightedAverageShsOutDil": 287246000, "link": "https://www.sec.gov/Archives/edgar/data/1490892/000095012311024775/0000950123-11-024775-index.html", "finalLink": "https://www.sec.gov/Archives/edgar/data/1490892/000095012311024775/c13842e10vk.htm", "calculatedOtherExpenses": 89661000, "calculatedOperatingExpenses": 1253007000, "calculatedNetInterest": -70183000, "calculatedOtherIncome": -5683000, "calculatedIncomeNonControlling": 0, "calculatedEbitda": 1190096000}, {"date": "2009-09-30", "symbol": "COR", "reportedCurrency": "USD", "cik": "0001490892", "fillingDate": "2009-12-31", "acceptedDate": "2009-12-30 19:00:00", "calendarYear": "2009", "period": "FY", "revenue": 71759990000, "costOfRevenue": 69659915000, "grossProfit": 2100075000, "grossProfitRatio": 0.0292652633, "researchAndDevelopmentExpenses": 0, "generalAndAdministrativeExpenses": 6461000, "sellingAndMarketingExpenses": 135000, "sellingGeneralAndAdministrativeExpenses": 1125646000, "otherExpenses": 12980000, "operatingExpenses": 1204554000, "costAndExpenses": 70864469000, "interestIncome": 3000, "interestExpense": 58307000, "depreciationAndAmortization": 78908000, "ebitda": 974429000, "ebitdaratio": 0.0135790013, "operatingIncome": 883749000, "operatingIncomeRatio": 0.0123153445, "totalOtherIncomeExpensesNet": -13140000, "incomeBeforeTax": 824074000, "incomeBeforeTaxRatio": 0.011483753, "incomeTaxExpense": 312222000, "netIncome": 503397000, "netIncomeRatio": 0.0070150093, "eps": 1.67, "epsdiluted": 1.66, "weightedAverageShsOut": 300573000, "weightedAverageShsOutDil": 302754000, "link": "", "finalLink": "", "calculatedOtherExpenses": 90680000, "calculatedOperatingExpenses": 1216326000, "calculatedNetInterest": -58304000, "calculatedOtherIncome": -1371000, "calculatedIncomeNonControlling": 8455000, "calculatedEbitda": 962657000}, {"date": "2008-09-30", "symbol": "COR", "reportedCurrency": "USD", "cik": "0001490892", "fillingDate": "2008-12-31", "acceptedDate": "2008-12-30 19:00:00", "calendarYear": "2008", "period": "FY", "revenue": 70189733000, "costOfRevenue": 68142731000, "grossProfit": 2047002000, "grossProfitRatio": 0.029163838, "researchAndDevelopmentExpenses": 0, "generalAndAdministrativeExpenses": 5472000, "sellingAndMarketingExpenses": 170000, "sellingGeneralAndAdministrativeExpenses": 1124683000, "otherExpenses": 10091000, "operatingExpenses": 1206764000, "costAndExpenses": 69349495000, "interestIncome": 17000, "interestExpense": 2495000, "depreciationAndAmortization": 95882000, "ebitda": 950524000, "ebitdaratio": 0.0135422085, "operatingIncome": 827861000, "operatingIncomeRatio": 0.0117946167, "totalOtherIncomeExpensesNet": -14404000, "incomeBeforeTax": 761338000, "incomeBeforeTaxRatio": 0.010846857, "incomeTaxExpense": 292274000, "netIncome": 250559000, "netIncomeRatio": 0.0035697386, "eps": 0.78, "epsdiluted": 0.77, "weightedAverageShsOut": 321284000, "weightedAverageShsOutDil": 324920000, "link": "", "finalLink": "", "calculatedOtherExpenses": 94458000, "calculatedOperatingExpenses": 1219141000, "calculatedNetInterest": -2478000, "calculatedOtherIncome": -64045000, "calculatedIncomeNonControlling": 218505000, "calculatedEbitda": 923743000}, {"date": "2007-09-30", "symbol": "COR", "reportedCurrency": "USD", "cik": "0001490892", "fillingDate": "2007-09-30", "acceptedDate": "2007-09-29 20:00:00", "calendarYear": "2007", "period": "FY", "revenue": 66074312000, "costOfRevenue": 63747573000, "grossProfit": 2326739000, "grossProfitRatio": 0.0352139724, "researchAndDevelopmentExpenses": 0, "generalAndAdministrativeExpenses": 1413103000, "sellingAndMarketingExpenses": 0, "sellingGeneralAndAdministrativeExpenses": 1413103000, "otherExpenses": 91222000, "operatingExpenses": 1504325000, "costAndExpenses": 65251898000, "interestIncome": 0, "interestExpense": 0, "depreciationAndAmortization": 104344000, "ebitda": 931834000, "ebitdaratio": 0.0141028181, "operatingIncome": 820342000, "operatingIncomeRatio": 0.0124154452, "totalOtherIncomeExpensesNet": -5076000, "incomeBeforeTax": 785050000, "incomeBeforeTaxRatio": 0.0118813193, "incomeTaxExpense": 291282000, "netIncome": 469167000, "netIncomeRatio": 0.0071005961, "eps": 1.26, "epsdiluted": 1.25, "weightedAverageShsOut": 370362000, "weightedAverageShsOutDil": 375772000, "link": null, "finalLink": null, "calculatedOtherExpenses": 93294000, "calculatedOperatingExpenses": 1506397000, "calculatedNetInterest": 0, "calculatedOtherIncome": -35292000, "calculatedIncomeNonControlling": 24601000, "calculatedEbitda": 924686000}, {"date": "2006-09-30", "symbol": "COR", "reportedCurrency": "USD", "cik": "0001490892", "fillingDate": "2006-09-30", "acceptedDate": "2006-09-29 20:00:00", "calendarYear": "2006", "period": "FY", "revenue": 61203145000, "costOfRevenue": 58971330000, "grossProfit": 2231815000, "grossProfitRatio": 0.0364656914, "researchAndDevelopmentExpenses": 0, "generalAndAdministrativeExpenses": 1397100000, "sellingAndMarketingExpenses": 0, "sellingGeneralAndAdministrativeExpenses": 1397100000, "otherExpenses": 86009000, "operatingExpenses": 1483109000, "costAndExpenses": 60454439000, "interestIncome": 0, "interestExpense": 0, "depreciationAndAmortization": 96933000, "ebitda": 841252000, "ebitdaratio": 0.0137452414, "operatingIncome": 748706000, "operatingIncomeRatio": 0.0122331295, "totalOtherIncomeExpensesNet": 4387000, "incomeBeforeTax": 740629000, "incomeBeforeTaxRatio": 0.0121011592, "incomeTaxExpense": 272617000, "netIncome": 467714000, "netIncomeRatio": 0.0076419929, "eps": 1.14, "epsdiluted": 1.13, "weightedAverageShsOut": 410018000, "weightedAverageShsOutDil": 414892000, "link": null, "finalLink": null, "calculatedOtherExpenses": 86009000, "calculatedOperatingExpenses": 1483109000, "calculatedNetInterest": 0, "calculatedOtherIncome": -8077000, "calculatedIncomeNonControlling": 298000, "calculatedEbitda": 845639000}, {"date": "2005-09-30", "symbol": "COR", "reportedCurrency": "USD", "cik": "0001490892", "fillingDate": "2005-09-30", "acceptedDate": "2005-09-29 20:00:00", "calendarYear": "2005", "period": "FY", "revenue": 54577321000, "costOfRevenue": 52597137000, "grossProfit": 1980184000, "grossProfitRatio": 0.0362821766, "researchAndDevelopmentExpenses": 0, "generalAndAdministrativeExpenses": 1256780000, "sellingAndMarketingExpenses": 0, "sellingGeneralAndAdministrativeExpenses": 1256780000, "otherExpenses": 86458000, "operatingExpenses": 1343238000, "costAndExpenses": 53940375000, "interestIncome": 0, "interestExpense": 0, "depreciationAndAmortization": 90882000, "ebitda": 843985000, "ebitdaratio": 0.015464024, "operatingIncome": 636946000, "operatingIncomeRatio": 0.0116705252, "totalOtherIncomeExpensesNet": -116157000, "incomeBeforeTax": 468825000, "incomeBeforeTaxRatio": 0.0085901065, "incomeTaxExpense": 176903000, "netIncome": 319199000, "netIncomeRatio": 0.0058485648, "eps": 0.63, "epsdiluted": 0.62, "weightedAverageShsOut": 425264000, "weightedAverageShsOutDil": 431080000, "link": null, "finalLink": null, "calculatedOtherExpenses": 86458000, "calculatedOperatingExpenses": 1343238000, "calculatedNetInterest": 0, "calculatedOtherIncome": -168121000, "calculatedIncomeNonControlling": -27277000, "calculatedEbitda": 727828000}, {"date": "2004-09-30", "symbol": "COR", "reportedCurrency": "USD", "cik": "0001490892", "fillingDate": "2004-09-30", "acceptedDate": "2004-09-29 20:00:00", "calendarYear": "2004", "period": "FY", "revenue": 53178954000, "costOfRevenue": 50999772000, "grossProfit": 2179182000, "grossProfitRatio": 0.0409782787, "researchAndDevelopmentExpenses": 0, "generalAndAdministrativeExpenses": 1212982000, "sellingAndMarketingExpenses": 0, "sellingGeneralAndAdministrativeExpenses": 1212982000, "otherExpenses": 75766000, "operatingExpenses": 1288748000, "costAndExpenses": 52288520000, "interestIncome": 0, "interestExpense": 0, "depreciationAndAmortization": 87088000, "ebitda": 994878000, "ebitdaratio": 0.0187081152, "operatingIncome": 890434000, "operatingIncomeRatio": 0.0167441052, "totalOtherIncomeExpensesNet": -17356000, "incomeBeforeTax": 760373000, "incomeBeforeTaxRatio": 0.014298382, "incomeTaxExpense": 291983000, "netIncome": 468390000, "netIncomeRatio": 0.0088078077, "eps": 1.07, "epsdiluted": 1.01, "weightedAverageShsOut": 447348000, "weightedAverageShsOutDil": 471116000, "link": null, "finalLink": null, "calculatedOtherExpenses": 75766000, "calculatedOperatingExpenses": 1288748000, "calculatedNetInterest": 0, "calculatedOtherIncome": -130061000, "calculatedIncomeNonControlling": 0, "calculatedEbitda": 977522000}, {"date": "2003-09-30", "symbol": "COR", "reportedCurrency": "USD", "cik": "0001490892", "fillingDate": "2003-09-30", "acceptedDate": "2003-09-29 20:00:00", "calendarYear": "2003", "period": "FY", "revenue": 49657328000, "costOfRevenue": 47410169000, "grossProfit": 2247159000, "grossProfitRatio": 0.0452533209, "researchAndDevelopmentExpenses": 0, "generalAndAdministrativeExpenses": 1293062000, "sellingAndMarketingExpenses": 0, "sellingGeneralAndAdministrativeExpenses": 1293062000, "otherExpenses": 70991000, "operatingExpenses": 1364053000, "costAndExpenses": 48774222000, "interestIncome": 0, "interestExpense": 0, "depreciationAndAmortization": 80443000, "ebitda": 967769000, "ebitdaratio": 0.0194889463, "operatingIncome": 883106000, "operatingIncomeRatio": 0.0177840016, "totalOtherIncomeExpensesNet": -12235000, "incomeBeforeTax": 726127000, "incomeBeforeTaxRatio": 0.0146227562, "incomeTaxExpense": 284898000, "netIncome": 441229000, "netIncomeRatio": 0.0088854761, "eps": 0.99, "epsdiluted": 0.98, "weightedAverageShsOut": 435380000, "weightedAverageShsOutDil": 463816000, "link": null, "finalLink": null, "calculatedOtherExpenses": 70991000, "calculatedOperatingExpenses": 1364053000, "calculatedNetInterest": 0, "calculatedOtherIncome": -156979000, "calculatedIncomeNonControlling": 0, "calculatedEbitda": 963549000}, {"date": "2002-09-30", "symbol": "COR", "reportedCurrency": "USD", "cik": "0001490892", "fillingDate": "2002-09-30", "acceptedDate": "2002-09-29 20:00:00", "calendarYear": "2002", "period": "FY", "revenue": 45234794000, "costOfRevenue": 43210320000, "grossProfit": 2024474000, "grossProfitRatio": 0.0447547965, "researchAndDevelopmentExpenses": 0, "generalAndAdministrativeExpenses": 1220651000, "sellingAndMarketingExpenses": 0, "sellingGeneralAndAdministrativeExpenses": 1220651000, "otherExpenses": 61151000, "operatingExpenses": 1281802000, "costAndExpenses": 44492122000, "interestIncome": 0, "interestExpense": 0, "depreciationAndAmortization": 66578000, "ebitda": 833494000, "ebitdaratio": 0.0184259488, "operatingIncome": 718428000, "operatingIncomeRatio": 0.015882199, "totalOtherIncomeExpensesNet": -29891000, "incomeBeforeTax": 572047000, "incomeBeforeTaxRatio": 0.0126461723, "incomeTaxExpense": 227106000, "netIncome": 344941000, "netIncomeRatio": 0.0076255681, "eps": 0.82, "epsdiluted": 0.79, "weightedAverageShsOut": 419740000, "weightedAverageShsOutDil": 448912000, "link": null, "finalLink": null, "calculatedOtherExpenses": 85395000, "calculatedOperatingExpenses": 1306046000, "calculatedNetInterest": 0, "calculatedOtherIncome": -146381000, "calculatedIncomeNonControlling": 0, "calculatedEbitda": 785006000}, {"date": "2001-09-30", "symbol": "COR", "reportedCurrency": "USD", "cik": "0001490892", "fillingDate": "2001-09-30", "acceptedDate": "2001-09-29 20:00:00", "calendarYear": "2001", "period": "FY", "revenue": 16191353000, "costOfRevenue": 15491235000, "grossProfit": 700118000, "grossProfitRatio": 0.0432402406, "researchAndDevelopmentExpenses": 0, "generalAndAdministrativeExpenses": 408760000, "sellingAndMarketingExpenses": 0, "sellingGeneralAndAdministrativeExpenses": 408760000, "otherExpenses": 18873000, "operatingExpenses": 427633000, "costAndExpenses": 15918868000, "interestIncome": 0, "interestExpense": 0, "depreciationAndAmortization": 24714000, "ebitda": 307592000, "ebitdaratio": 0.0189973006, "operatingIncome": 259376000, "operatingIncomeRatio": 0.0160194148, "totalOtherIncomeExpensesNet": -21259000, "incomeBeforeTax": 202833000, "incomeBeforeTaxRatio": 0.0125272422, "incomeTaxExpense": 77731000, "netIncome": 125102000, "netIncomeRatio": 0.0077264698, "eps": 0.54, "epsdiluted": 0.53, "weightedAverageShsOut": 228740000, "weightedAverageShsOutDil": 251228000, "link": null, "finalLink": null, "calculatedOtherExpenses": 31982000, "calculatedOperatingExpenses": 440742000, "calculatedNetInterest": 0, "calculatedOtherIncome": -56543000, "calculatedIncomeNonControlling": 0, "calculatedEbitda": 284090000}, {"date": "2000-09-30", "symbol": "COR", "reportedCurrency": "USD", "cik": "0001490892", "fillingDate": "2000-09-30", "acceptedDate": "2000-09-29 20:00:00", "calendarYear": "2000", "period": "FY", "revenue": 11645021000, "costOfRevenue": 11124129000, "grossProfit": 520892000, "grossProfitRatio": 0.0447308768, "researchAndDevelopmentExpenses": 0, "generalAndAdministrativeExpenses": 303038000, "sellingAndMarketingExpenses": 0, "sellingGeneralAndAdministrativeExpenses": 303038000, "otherExpenses": 17420000, "operatingExpenses": 320458000, "costAndExpenses": 11444587000, "interestIncome": 0, "interestExpense": 0, "depreciationAndAmortization": 17420000, "ebitda": 216731000, "ebitdaratio": 0.0186114735, "operatingIncome": 200434000, "operatingIncomeRatio": 0.0172119913, "totalOtherIncomeExpensesNet": 1123000, "incomeBeforeTax": 159700000, "incomeBeforeTaxRatio": 0.0137140156, "incomeTaxExpense": 60686000, "netIncome": 99014000, "netIncomeRatio": 0.0085026897, "eps": 0.48, "epsdiluted": 0.48, "weightedAverageShsOut": 206208000, "weightedAverageShsOutDil": 208080000, "link": null, "finalLink": null, "calculatedOtherExpenses": 17420000, "calculatedOperatingExpenses": 320458000, "calculatedNetInterest": 0, "calculatedOtherIncome": -40734000, "calculatedIncomeNonControlling": 0, "calculatedEbitda": 217854000}, {"date": "1999-09-30", "symbol": "COR", "reportedCurrency": "USD", "cik": "0001490892", "fillingDate": "1999-09-30", "acceptedDate": "1999-09-29 20:00:00", "calendarYear": "1999", "period": "FY", "revenue": 9807400000, "costOfRevenue": 9331800000, "grossProfit": 475600000, "grossProfitRatio": 0.0484939943, "researchAndDevelopmentExpenses": 0, "generalAndAdministrativeExpenses": 281800000, "sellingAndMarketingExpenses": 0, "sellingGeneralAndAdministrativeExpenses": 281800000, "otherExpenses": 19900000, "operatingExpenses": 301700000, "costAndExpenses": 9633500000, "interestIncome": 0, "interestExpense": 0, "depreciationAndAmortization": 19900000, "ebitda": 208700000, "ebitdaratio": 0.0212798499, "operatingIncome": 173900000, "operatingIncomeRatio": 0.0177315089, "totalOtherIncomeExpensesNet": -14900000, "incomeBeforeTax": 119300000, "incomeBeforeTaxRatio": 0.0121642841, "incomeTaxExpense": 48400000, "netIncome": 67500000, "netIncomeRatio": 0.0068825581, "eps": 0.33, "epsdiluted": 0.33, "weightedAverageShsOut": 202792000, "weightedAverageShsOutDil": 206732000, "link": null, "finalLink": null, "calculatedOtherExpenses": 19900000, "calculatedOperatingExpenses": 301700000, "calculatedNetInterest": 0, "calculatedOtherIncome": -54600000, "calculatedIncomeNonControlling": 3400000, "calculatedEbitda": 193800000}, {"date": "1998-09-30", "symbol": "COR", "reportedCurrency": "USD", "cik": "0001490892", "fillingDate": "1998-09-30", "acceptedDate": "1998-09-29 20:00:00", "calendarYear": "1998", "period": "FY", "revenue": 8668800000, "costOfRevenue": 8245700000, "grossProfit": 423100000, "grossProfitRatio": 0.0488072167, "researchAndDevelopmentExpenses": 0, "generalAndAdministrativeExpenses": 254900000, "sellingAndMarketingExpenses": 0, "sellingGeneralAndAdministrativeExpenses": 254900000, "otherExpenses": 16600000, "operatingExpenses": 271500000, "costAndExpenses": 8517200000, "interestIncome": 0, "interestExpense": 0, "depreciationAndAmortization": 16600000, "ebitda": 194900000, "ebitdaratio": 0.0224829273, "operatingIncome": 151600000, "operatingIncomeRatio": 0.017488003, "totalOtherIncomeExpensesNet": -26700000, "incomeBeforeTax": 82800000, "incomeBeforeTaxRatio": 0.009551495, "incomeTaxExpense": 32300000, "netIncome": 50500000, "netIncomeRatio": 0.0058254891, "eps": 0.21, "epsdiluted": 0.21, "weightedAverageShsOut": 190707071, "weightedAverageShsOutDil": 202852000, "link": null, "finalLink": null, "calculatedOtherExpenses": 16600000, "calculatedOperatingExpenses": 271500000, "calculatedNetInterest": 0, "calculatedOtherIncome": -68800000, "calculatedIncomeNonControlling": 0, "calculatedEbitda": 168200000}, {"date": "1997-09-30", "symbol": "COR", "reportedCurrency": "USD", "cik": "0001490892", "fillingDate": "1997-09-30", "acceptedDate": "1997-09-29 20:00:00", "calendarYear": "1997", "period": "FY", "revenue": 7815900000, "costOfRevenue": 7426600000, "grossProfit": 389300000, "grossProfitRatio": 0.0498087232, "researchAndDevelopmentExpenses": 0, "generalAndAdministrativeExpenses": 255400000, "sellingAndMarketingExpenses": 0, "sellingGeneralAndAdministrativeExpenses": 255400000, "otherExpenses": 14300000, "operatingExpenses": 269700000, "costAndExpenses": 7696300000, "interestIncome": 0, "interestExpense": 0, "depreciationAndAmortization": 14300000, "ebitda": 133900000, "ebitdaratio": 0.0171317443, "operatingIncome": 119600000, "operatingIncomeRatio": 0.0153021405, "totalOtherIncomeExpensesNet": -41600000, "incomeBeforeTax": 78000000, "incomeBeforeTaxRatio": 0.0099796569, "incomeTaxExpense": 30600000, "netIncome": 45400000, "netIncomeRatio": 0.0058086721, "eps": 0.24, "epsdiluted": 0.24, "weightedAverageShsOut": 198350515, "weightedAverageShsOutDil": 200416667, "link": null, "finalLink": null, "calculatedOtherExpenses": 14300000, "calculatedOperatingExpenses": 269700000, "calculatedNetInterest": 0, "calculatedOtherIncome": -41600000, "calculatedIncomeNonControlling": 2000000, "calculatedEbitda": 133900000}, {"date": "1996-09-30", "symbol": "COR", "reportedCurrency": "USD", "cik": "0001490892", "fillingDate": "1996-09-30", "acceptedDate": "1996-09-29 20:00:00", "calendarYear": "1996", "period": "FY", "revenue": 5551700000, "costOfRevenue": 5246800000, "grossProfit": 304900000, "grossProfitRatio": 0.0549201146, "researchAndDevelopmentExpenses": 0, "generalAndAdministrativeExpenses": 195400000, "sellingAndMarketingExpenses": 0, "sellingGeneralAndAdministrativeExpenses": 195400000, "otherExpenses": 11600000, "operatingExpenses": 207000000, "costAndExpenses": 5453800000, "interestIncome": 0, "interestExpense": 0, "depreciationAndAmortization": 11600000, "ebitda": 109500000, "ebitdaratio": 0.0197236882, "operatingIncome": 97900000, "operatingIncomeRatio": 0.0176342382, "totalOtherIncomeExpensesNet": -35900000, "incomeBeforeTax": 62000000, "incomeBeforeTaxRatio": 0.0111677504, "incomeTaxExpense": 19300000, "netIncome": 35500000, "netIncomeRatio": 0.0063944377, "eps": 0.2, "epsdiluted": 0.19, "weightedAverageShsOut": 182051282, "weightedAverageShsOutDil": 184415584, "link": null, "finalLink": null, "calculatedOtherExpenses": 11600000, "calculatedOperatingExpenses": 207000000, "calculatedNetInterest": 0, "calculatedOtherIncome": -35900000, "calculatedIncomeNonControlling": 7200000, "calculatedEbitda": 109500000}, {"date": "1995-09-30", "symbol": "COR", "reportedCurrency": "USD", "cik": "0001490892", "fillingDate": "1995-09-30", "acceptedDate": "1995-09-29 20:00:00", "calendarYear": "1995", "period": "FY", "revenue": 4668900000, "costOfRevenue": 4400100000, "grossProfit": 268800000, "grossProfitRatio": 0.0575724475, "researchAndDevelopmentExpenses": 0, "generalAndAdministrativeExpenses": 160900000, "sellingAndMarketingExpenses": 0, "sellingGeneralAndAdministrativeExpenses": 160900000, "otherExpenses": 10100000, "operatingExpenses": 171000000, "costAndExpenses": 4571100000, "interestIncome": 0, "interestExpense": 0, "depreciationAndAmortization": 10100000, "ebitda": 107900000, "ebitdaratio": 0.0231103686, "operatingIncome": 97800000, "operatingIncomeRatio": 0.0209471182, "totalOtherIncomeExpensesNet": -52300000, "incomeBeforeTax": 45500000, "incomeBeforeTaxRatio": 0.0097453362, "incomeTaxExpense": 17300000, "netIncome": 10200000, "netIncomeRatio": 0.0021846688, "eps": 0.07, "epsdiluted": 0.07, "weightedAverageShsOut": 145714286, "weightedAverageShsOutDil": 145714286, "link": null, "finalLink": null, "calculatedOtherExpenses": 10100000, "calculatedOperatingExpenses": 171000000, "calculatedNetInterest": 0, "calculatedOtherIncome": -52300000, "calculatedIncomeNonControlling": 18000000, "calculatedEbitda": 107900000}, {"date": "1994-09-30", "symbol": "COR", "reportedCurrency": "USD", "cik": "0001490892", "fillingDate": "1994-09-30", "acceptedDate": "1994-09-29 20:00:00", "calendarYear": "1994", "period": "FY", "revenue": 4301800000, "costOfRevenue": 4058500000, "grossProfit": 243300000, "grossProfitRatio": 0.05655772, "researchAndDevelopmentExpenses": 0, "generalAndAdministrativeExpenses": 150700000, "sellingAndMarketingExpenses": 0, "sellingGeneralAndAdministrativeExpenses": 150700000, "otherExpenses": 14700000, "operatingExpenses": 165400000, "costAndExpenses": 4223900000, "interestIncome": 0, "interestExpense": 0, "depreciationAndAmortization": 14700000, "ebitda": 272400000, "ebitdaratio": 0.0633223302, "operatingIncome": 77900000, "operatingIncomeRatio": 0.0181086987, "totalOtherIncomeExpensesNet": -179800000, "incomeBeforeTax": -164600000, "incomeBeforeTaxRatio": -0.0382630527, "incomeTaxExpense": 7800000, "netIncome": -207700000, "netIncomeRatio": -0.0482821145, "eps": -5.19, "epsdiluted": -5.19, "weightedAverageShsOut": 40000000, "weightedAverageShsOutDil": 40000000, "link": null, "finalLink": null, "calculatedOtherExpenses": 14700000, "calculatedOperatingExpenses": 165400000, "calculatedNetInterest": 0, "calculatedOtherIncome": -242500000, "calculatedIncomeNonControlling": 35300000, "calculatedEbitda": 92600000}]}