{"originalCurrency": "USD", "convertedCurrency": "USD", "report": [{"date": "2023-12-31", "symbol": "CORT", "reportedCurrency": "USD", "cik": "0001088856", "fillingDate": "2024-02-15", "acceptedDate": "2024-02-15 16:17:42", "calendarYear": "2023", "period": "FY", "revenue": 482375000, "costOfRevenue": 6481000, "grossProfit": 475894000, "grossProfitRatio": 0.9865643949, "researchAndDevelopmentExpenses": 184353000, "generalAndAdministrativeExpenses": 0, "sellingAndMarketingExpenses": 0, "sellingGeneralAndAdministrativeExpenses": 184259000, "otherExpenses": 0, "operatingExpenses": 368612000, "costAndExpenses": 375093000, "interestIncome": 17275000, "interestExpense": 0, "depreciationAndAmortization": 2362000, "ebitda": 109644000, "ebitdaratio": 0.2273003369, "operatingIncome": 107282000, "operatingIncomeRatio": 0.2224037315, "totalOtherIncomeExpensesNet": 17275000, "incomeBeforeTax": 124557000, "incomeBeforeTaxRatio": 0.2582161182, "incomeTaxExpense": 18417000, "netIncome": 106140000, "netIncomeRatio": 0.2200362788, "eps": 1.02, "epsdiluted": 0.94, "weightedAverageShsOut": 103560000, "weightedAverageShsOutDil": 111742000, "link": "https://www.sec.gov/Archives/edgar/data/1088856/000162828024005055/0001628280-24-005055-index.htm", "finalLink": "https://www.sec.gov/Archives/edgar/data/1088856/000162828024005055/cort-20231231.htm", "calculatedOtherExpenses": 0, "calculatedOperatingExpenses": 368612000, "calculatedNetInterest": 17275000, "calculatedOtherIncome": 0, "calculatedIncomeNonControlling": 0, "calculatedEbitda": 109644000}, {"date": "2022-12-31", "symbol": "CORT", "reportedCurrency": "USD", "cik": "0001088856", "fillingDate": "2023-02-28", "acceptedDate": "2023-02-28 16:31:03", "calendarYear": "2022", "period": "FY", "revenue": 401858000, "costOfRevenue": 5385000, "grossProfit": 396473000, "grossProfitRatio": 0.9865997442, "researchAndDevelopmentExpenses": 130991000, "generalAndAdministrativeExpenses": 0, "sellingAndMarketingExpenses": 0, "sellingGeneralAndAdministrativeExpenses": 152848000, "otherExpenses": 0, "operatingExpenses": 283839000, "costAndExpenses": 289224000, "interestIncome": 3557000, "interestExpense": 3557000, "depreciationAndAmortization": 2969000, "ebitda": 112634000, "ebitdaratio": 0.2802830851, "operatingIncome": 112634000, "operatingIncomeRatio": 0.2802830851, "totalOtherIncomeExpensesNet": 3557000, "incomeBeforeTax": 116191000, "incomeBeforeTaxRatio": 0.2891344704, "incomeTaxExpense": 14773000, "netIncome": 101418000, "netIncomeRatio": 0.2523727287, "eps": 0.95, "epsdiluted": 0.87, "weightedAverageShsOut": 106787000, "weightedAverageShsOutDil": 115966000, "link": "https://www.sec.gov/Archives/edgar/data/1088856/000162828023005581/0001628280-23-005581-index.htm", "finalLink": "https://www.sec.gov/Archives/edgar/data/1088856/000162828023005581/cort-20221231.htm", "calculatedOtherExpenses": 0, "calculatedOperatingExpenses": 283839000, "calculatedNetInterest": 0, "calculatedOtherIncome": 3557000, "calculatedIncomeNonControlling": 0, "calculatedEbitda": 115603000}, {"date": "2021-12-31", "symbol": "CORT", "reportedCurrency": "USD", "cik": "0001088856", "fillingDate": "2022-02-15", "acceptedDate": "2022-02-15 16:22:53", "calendarYear": "2021", "period": "FY", "revenue": 365978000, "costOfRevenue": 5281000, "grossProfit": 360697000, "grossProfitRatio": 0.9855701709, "researchAndDevelopmentExpenses": 113864000, "generalAndAdministrativeExpenses": 0, "sellingAndMarketingExpenses": 0, "sellingGeneralAndAdministrativeExpenses": 122356000, "otherExpenses": 0, "operatingExpenses": 236220000, "costAndExpenses": 241501000, "interestIncome": 529000, "interestExpense": 0, "depreciationAndAmortization": 3067000, "ebitda": 124477000, "ebitdaratio": 0.3401215374, "operatingIncome": 124477000, "operatingIncomeRatio": 0.3401215374, "totalOtherIncomeExpensesNet": 529000, "incomeBeforeTax": 125006000, "incomeBeforeTaxRatio": 0.3415669794, "incomeTaxExpense": 12494000, "netIncome": 112512000, "netIncomeRatio": 0.3074283154, "eps": 0.97, "epsdiluted": 0.89, "weightedAverageShsOut": 115653000, "weightedAverageShsOutDil": 125963000, "link": "https://www.sec.gov/Archives/edgar/data/1088856/000162828022002714/0001628280-22-002714-index.htm", "finalLink": "https://www.sec.gov/Archives/edgar/data/1088856/000162828022002714/cort-20211231.htm", "calculatedOtherExpenses": 0, "calculatedOperatingExpenses": 236220000, "calculatedNetInterest": 529000, "calculatedOtherIncome": 0, "calculatedIncomeNonControlling": 0, "calculatedEbitda": 127544000}, {"date": "2020-12-31", "symbol": "CORT", "reportedCurrency": "USD", "cik": "0001088856", "fillingDate": "2021-02-23", "acceptedDate": "2021-02-23 17:09:47", "calendarYear": "2020", "period": "FY", "revenue": 353874000, "costOfRevenue": 5582000, "grossProfit": 348292000, "grossProfitRatio": 0.984226024, "researchAndDevelopmentExpenses": 114764000, "generalAndAdministrativeExpenses": 0, "sellingAndMarketingExpenses": 0, "sellingGeneralAndAdministrativeExpenses": 105326000, "otherExpenses": 0, "operatingExpenses": 220090000, "costAndExpenses": 225672000, "interestIncome": 3400000, "interestExpense": 0, "depreciationAndAmortization": 2237000, "ebitda": 128202000, "ebitdaratio": 0.36228149, "operatingIncome": 128202000, "operatingIncomeRatio": 0.36228149, "totalOtherIncomeExpensesNet": 3400000, "incomeBeforeTax": 131602000, "incomeBeforeTaxRatio": 0.3718894296, "incomeTaxExpense": 25591000, "netIncome": 106011000, "netIncomeRatio": 0.2995727293, "eps": 0.92, "epsdiluted": 0.85, "weightedAverageShsOut": 115412000, "weightedAverageShsOutDil": 124194000, "link": "https://www.sec.gov/Archives/edgar/data/1088856/000162828021002861/0001628280-21-002861-index.htm", "finalLink": "https://www.sec.gov/Archives/edgar/data/1088856/000162828021002861/cort-20201231.htm", "calculatedOtherExpenses": 0, "calculatedOperatingExpenses": 220090000, "calculatedNetInterest": 3400000, "calculatedOtherIncome": 0, "calculatedIncomeNonControlling": 0, "calculatedEbitda": 130439000}, {"date": "2019-12-31", "symbol": "CORT", "reportedCurrency": "USD", "cik": "0001088856", "fillingDate": "2020-02-24", "acceptedDate": "2020-02-24 16:58:13", "calendarYear": "2019", "period": "FY", "revenue": 306486000, "costOfRevenue": 5504000, "grossProfit": 300982000, "grossProfitRatio": 0.9820415941, "researchAndDevelopmentExpenses": 89017000, "generalAndAdministrativeExpenses": 0, "sellingAndMarketingExpenses": 0, "sellingGeneralAndAdministrativeExpenses": 100359000, "otherExpenses": 0, "operatingExpenses": 189376000, "costAndExpenses": 194880000, "interestIncome": 5070000, "interestExpense": 5070000, "depreciationAndAmortization": 2171000, "ebitda": 111606000, "ebitdaratio": 0.3641471389, "operatingIncome": 111606000, "operatingIncomeRatio": 0.3641471389, "totalOtherIncomeExpensesNet": 5070000, "incomeBeforeTax": 116676000, "incomeBeforeTaxRatio": 0.3806894932, "incomeTaxExpense": 22495000, "netIncome": 94181000, "netIncomeRatio": 0.3072929922, "eps": 0.82, "epsdiluted": 0.77, "weightedAverageShsOut": 114349000, "weightedAverageShsOutDil": 122566000, "link": "https://www.sec.gov/Archives/edgar/data/1088856/000162828020002122/0001628280-20-002122-index.htm", "finalLink": "https://www.sec.gov/Archives/edgar/data/1088856/000162828020002122/cort12311910-kdoc.htm", "calculatedOtherExpenses": 0, "calculatedOperatingExpenses": 189376000, "calculatedNetInterest": 0, "calculatedOtherIncome": 5070000, "calculatedIncomeNonControlling": 0, "calculatedEbitda": 113777000}, {"date": "2018-12-31", "symbol": "CORT", "reportedCurrency": "USD", "cik": "0001088856", "fillingDate": "2019-02-26", "acceptedDate": "2019-02-25 18:19:26", "calendarYear": "2018", "period": "FY", "revenue": 251247000, "costOfRevenue": 5215000, "grossProfit": 246032000, "grossProfitRatio": 0.9792435333, "researchAndDevelopmentExpenses": 75247000, "generalAndAdministrativeExpenses": 0, "sellingAndMarketingExpenses": 0, "sellingGeneralAndAdministrativeExpenses": 81289000, "otherExpenses": 0, "operatingExpenses": 156536000, "costAndExpenses": 161751000, "interestIncome": 2657000, "interestExpense": 2657000, "depreciationAndAmortization": 236000, "ebitda": 89496000, "ebitdaratio": 0.3562072383, "operatingIncome": 89496000, "operatingIncomeRatio": 0.3562072383, "totalOtherIncomeExpensesNet": 2657000, "incomeBeforeTax": 92153000, "incomeBeforeTaxRatio": 0.3667824889, "incomeTaxExpense": 16743000, "netIncome": 75410000, "netIncomeRatio": 0.3001428873, "eps": 0.6, "epsdiluted": 0.6, "weightedAverageShsOut": 125683333, "weightedAverageShsOutDil": 126688000, "link": "https://www.sec.gov/Archives/edgar/data/1088856/000162828019001879/0001628280-19-001879-index.htm", "finalLink": "https://www.sec.gov/Archives/edgar/data/1088856/000162828019001879/cort12311810-kdoc.htm", "calculatedOtherExpenses": 0, "calculatedOperatingExpenses": 156536000, "calculatedNetInterest": 0, "calculatedOtherIncome": 2657000, "calculatedIncomeNonControlling": 0, "calculatedEbitda": 89732000}, {"date": "2017-12-31", "symbol": "CORT", "reportedCurrency": "USD", "cik": "0001088856", "fillingDate": "2018-02-28", "acceptedDate": "2018-02-28 17:05:48", "calendarYear": "2017", "period": "FY", "revenue": 159201000, "costOfRevenue": 3554000, "grossProfit": 155647000, "grossProfitRatio": 0.9776760196, "researchAndDevelopmentExpenses": 40376000, "generalAndAdministrativeExpenses": 0, "sellingAndMarketingExpenses": 0, "sellingGeneralAndAdministrativeExpenses": 62416000, "otherExpenses": 0, "operatingExpenses": 102792000, "costAndExpenses": 106346000, "interestIncome": -49000, "interestExpense": 49000, "depreciationAndAmortization": 106000, "ebitda": 52855000, "ebitdaratio": 0.3320016834, "operatingIncome": 52855000, "operatingIncomeRatio": 0.3320016834, "totalOtherIncomeExpensesNet": -49000, "incomeBeforeTax": 52806000, "incomeBeforeTaxRatio": 0.3316938964, "incomeTaxExpense": -76316000, "netIncome": 129122000, "netIncomeRatio": 0.8110627446, "eps": 1.14, "epsdiluted": 1.04, "weightedAverageShsOut": 113527000, "weightedAverageShsOutDil": 124515000, "link": "https://www.sec.gov/Archives/edgar/data/1088856/000156459018003840/0001564590-18-003840-index.htm", "finalLink": "https://www.sec.gov/Archives/edgar/data/1088856/000156459018003840/cort-10k_20171231.htm", "calculatedOtherExpenses": 0, "calculatedOperatingExpenses": 102792000, "calculatedNetInterest": -98000, "calculatedOtherIncome": 49000, "calculatedIncomeNonControlling": 0, "calculatedEbitda": 52961000}, {"date": "2016-12-31", "symbol": "CORT", "reportedCurrency": "USD", "cik": "0001088856", "fillingDate": "2017-03-06", "acceptedDate": "2017-03-06 17:11:27", "calendarYear": "2016", "period": "FY", "revenue": 81321000, "costOfRevenue": 2058000, "grossProfit": 79263000, "grossProfitRatio": 0.9746928838, "researchAndDevelopmentExpenses": 23844000, "generalAndAdministrativeExpenses": 0, "sellingAndMarketingExpenses": 0, "sellingGeneralAndAdministrativeExpenses": 45240000, "otherExpenses": 0, "operatingExpenses": 69084000, "costAndExpenses": 71142000, "interestIncome": 0, "interestExpense": 2039000, "depreciationAndAmortization": 87000, "ebitda": 10266000, "ebitdaratio": 0.1262404545, "operatingIncome": 10179000, "operatingIncomeRatio": 0.1251706201, "totalOtherIncomeExpensesNet": -2039000, "incomeBeforeTax": 8140000, "incomeBeforeTaxRatio": 0.1000971459, "incomeTaxExpense": 0, "netIncome": 8140000, "netIncomeRatio": 0.1000971459, "eps": 0.07, "epsdiluted": 0.07, "weightedAverageShsOut": 110566000, "weightedAverageShsOutDil": 116139000, "link": "https://www.sec.gov/Archives/edgar/data/1088856/000156459017003493/0001564590-17-003493-index.htm", "finalLink": "https://www.sec.gov/Archives/edgar/data/1088856/000156459017003493/cort-10k_20161231.htm", "calculatedOtherExpenses": 0, "calculatedOperatingExpenses": 69084000, "calculatedNetInterest": -2039000, "calculatedOtherIncome": 0, "calculatedIncomeNonControlling": 0, "calculatedEbitda": 10266000}, {"date": "2015-12-31", "symbol": "CORT", "reportedCurrency": "USD", "cik": "0001088856", "fillingDate": "2016-03-10", "acceptedDate": "2016-03-10 16:08:17", "calendarYear": "2015", "period": "FY", "revenue": 50286000, "costOfRevenue": 1361000, "grossProfit": 48925000, "grossProfitRatio": 0.9729348129, "researchAndDevelopmentExpenses": 15419000, "generalAndAdministrativeExpenses": 0, "sellingAndMarketingExpenses": 0, "sellingGeneralAndAdministrativeExpenses": 36949000, "otherExpenses": 0, "operatingExpenses": 52368000, "costAndExpenses": 53729000, "interestIncome": 0, "interestExpense": 2965000, "depreciationAndAmortization": 155000, "ebitda": -3288000, "ebitdaratio": -0.0653859921, "operatingIncome": -3443000, "operatingIncomeRatio": -0.068468361, "totalOtherIncomeExpensesNet": -2965000, "incomeBeforeTax": -6408000, "incomeBeforeTaxRatio": -0.1274310941, "incomeTaxExpense": 0, "netIncome": -6408000, "netIncomeRatio": -0.1274310941, "eps": -0.06, "epsdiluted": -0.06, "weightedAverageShsOut": 106800000, "weightedAverageShsOutDil": 106883000, "link": "https://www.sec.gov/Archives/edgar/data/1088856/000108885616000011/0001088856-16-000011-index.htm", "finalLink": "https://www.sec.gov/Archives/edgar/data/1088856/000108885616000011/cort-20151231x10k.htm", "calculatedOtherExpenses": 0, "calculatedOperatingExpenses": 52368000, "calculatedNetInterest": -2965000, "calculatedOtherIncome": 0, "calculatedIncomeNonControlling": 0, "calculatedEbitda": -3288000}, {"date": "2014-12-31", "symbol": "CORT", "reportedCurrency": "USD", "cik": "0001088856", "fillingDate": "2015-03-13", "acceptedDate": "2015-03-13 16:47:44", "calendarYear": "2014", "period": "FY", "revenue": 26551000, "costOfRevenue": 882000, "grossProfit": 25669000, "grossProfitRatio": 0.9667809122, "researchAndDevelopmentExpenses": 18372000, "generalAndAdministrativeExpenses": 0, "sellingAndMarketingExpenses": 0, "sellingGeneralAndAdministrativeExpenses": 34916000, "otherExpenses": 0, "operatingExpenses": 53288000, "costAndExpenses": 54170000, "interestIncome": 0, "interestExpense": 3764000, "depreciationAndAmortization": 141000, "ebitda": -27478000, "ebitdaratio": -1.0349139392, "operatingIncome": -27619000, "operatingIncomeRatio": -1.0402244737, "totalOtherIncomeExpensesNet": -3764000, "incomeBeforeTax": -31383000, "incomeBeforeTaxRatio": -1.1819893789, "incomeTaxExpense": 0, "netIncome": -31383000, "netIncomeRatio": -1.1819893789, "eps": -0.31, "epsdiluted": -0.31, "weightedAverageShsOut": 100978000, "weightedAverageShsOutDil": 100978000, "link": "https://www.sec.gov/Archives/edgar/data/1088856/000156276215000080/0001562762-15-000080-index.htm", "finalLink": "https://www.sec.gov/Archives/edgar/data/1088856/000156276215000080/cort-20141231x10k.htm", "calculatedOtherExpenses": 0, "calculatedOperatingExpenses": 53288000, "calculatedNetInterest": -3764000, "calculatedOtherIncome": 0, "calculatedIncomeNonControlling": 0, "calculatedEbitda": -27478000}, {"date": "2013-12-31", "symbol": "CORT", "reportedCurrency": "USD", "cik": "0001088856", "fillingDate": "2014-03-14", "acceptedDate": "2014-03-14 17:18:39", "calendarYear": "2013", "period": "FY", "revenue": 10357000, "costOfRevenue": 143000, "grossProfit": 10214000, "grossProfitRatio": 0.986192913, "researchAndDevelopmentExpenses": 20470000, "generalAndAdministrativeExpenses": 0, "sellingAndMarketingExpenses": 0, "sellingGeneralAndAdministrativeExpenses": 31240000, "otherExpenses": 0, "operatingExpenses": 51710000, "costAndExpenses": 51853000, "interestIncome": 0, "interestExpense": 4515000, "depreciationAndAmortization": 74000, "ebitda": -41422000, "ebitdaratio": -3.9994206817, "operatingIncome": -41496000, "operatingIncomeRatio": -4.0065656078, "totalOtherIncomeExpensesNet": -4515000, "incomeBeforeTax": -46011000, "incomeBeforeTaxRatio": -4.4425026552, "incomeTaxExpense": 0, "netIncome": -46011000, "netIncomeRatio": -4.4425026552, "eps": -0.46, "epsdiluted": -0.46, "weightedAverageShsOut": 99819000, "weightedAverageShsOutDil": 99819000, "link": "https://www.sec.gov/Archives/edgar/data/1088856/000119312514100313/0001193125-14-100313-index.htm", "finalLink": "https://www.sec.gov/Archives/edgar/data/1088856/000119312514100313/d667165d10k.htm", "calculatedOtherExpenses": 0, "calculatedOperatingExpenses": 51710000, "calculatedNetInterest": -4515000, "calculatedOtherIncome": 0, "calculatedIncomeNonControlling": 0, "calculatedEbitda": -41422000}, {"date": "2012-12-31", "symbol": "CORT", "reportedCurrency": "USD", "cik": "0001088856", "fillingDate": "2013-03-15", "acceptedDate": "2013-03-15 16:45:29", "calendarYear": "2012", "period": "FY", "revenue": 3307000, "costOfRevenue": 91000, "grossProfit": 3216000, "grossProfitRatio": 0.9724826126, "researchAndDevelopmentExpenses": 14074000, "generalAndAdministrativeExpenses": 0, "sellingAndMarketingExpenses": 0, "sellingGeneralAndAdministrativeExpenses": 25414000, "otherExpenses": 0, "operatingExpenses": 39488000, "costAndExpenses": 39579000, "interestIncome": 0, "interestExpense": 1776000, "depreciationAndAmortization": 27000, "ebitda": -36245000, "ebitdaratio": -10.9600846689, "operatingIncome": -36272000, "operatingIncomeRatio": -10.9682491684, "totalOtherIncomeExpensesNet": -1776000, "incomeBeforeTax": -38048000, "incomeBeforeTaxRatio": -11.5052918053, "incomeTaxExpense": 0, "netIncome": -38048000, "netIncomeRatio": -11.5052918053, "eps": -0.41, "epsdiluted": -0.41, "weightedAverageShsOut": 93015000, "weightedAverageShsOutDil": 93015000, "link": "https://www.sec.gov/Archives/edgar/data/1088856/000119312513110085/0001193125-13-110085-index.htm", "finalLink": "https://www.sec.gov/Archives/edgar/data/1088856/000119312513110085/d440304d10k.htm", "calculatedOtherExpenses": 0, "calculatedOperatingExpenses": 39488000, "calculatedNetInterest": -1776000, "calculatedOtherIncome": 0, "calculatedIncomeNonControlling": 0, "calculatedEbitda": -36245000}, {"date": "2011-12-31", "symbol": "CORT", "reportedCurrency": "USD", "cik": "0001088856", "fillingDate": "2012-03-13", "acceptedDate": "2012-03-13 17:13:59", "calendarYear": "2011", "period": "FY", "revenue": 0, "costOfRevenue": 0, "grossProfit": 0, "grossProfitRatio": 0, "researchAndDevelopmentExpenses": 21001000, "generalAndAdministrativeExpenses": 11331000, "sellingAndMarketingExpenses": 0, "sellingGeneralAndAdministrativeExpenses": 11331000, "otherExpenses": 8443000, "operatingExpenses": 32332000, "costAndExpenses": 32332000, "interestIncome": 0, "interestExpense": 3000, "depreciationAndAmortization": 3000, "ebitda": -32304000, "ebitdaratio": 0, "operatingIncome": -32332000, "operatingIncomeRatio": 0, "totalOtherIncomeExpensesNet": -25000, "incomeBeforeTax": -32354000, "incomeBeforeTaxRatio": 0, "incomeTaxExpense": 22000, "netIncome": -32354000, "netIncomeRatio": 0, "eps": -0.39, "epsdiluted": -0.39, "weightedAverageShsOut": 83309000, "weightedAverageShsOutDil": 83309000, "link": "https://www.sec.gov/Archives/edgar/data/1088856/000119312512112317/0001193125-12-112317-index.htm", "finalLink": "https://www.sec.gov/Archives/edgar/data/1088856/000119312512112317/d252578d10k.htm", "calculatedOtherExpenses": 0, "calculatedOperatingExpenses": 32332000, "calculatedNetInterest": -3000, "calculatedOtherIncome": -19000, "calculatedIncomeNonControlling": -22000, "calculatedEbitda": -32329000}, {"date": "2010-12-31", "symbol": "CORT", "reportedCurrency": "USD", "cik": "0001088856", "fillingDate": "2011-03-15", "acceptedDate": "2011-03-15 17:24:43", "calendarYear": "2010", "period": "FY", "revenue": 0, "costOfRevenue": 0, "grossProfit": 0, "grossProfitRatio": 0, "researchAndDevelopmentExpenses": 18949000, "generalAndAdministrativeExpenses": 8488000, "sellingAndMarketingExpenses": 0, "sellingGeneralAndAdministrativeExpenses": 8488000, "otherExpenses": 6592000, "operatingExpenses": 27437000, "costAndExpenses": 27437000, "interestIncome": 0, "interestExpense": 1496000, "depreciationAndAmortization": 6000, "ebitda": -27406000, "ebitdaratio": 0, "operatingIncome": -27437000, "operatingIncomeRatio": 0, "totalOtherIncomeExpensesNet": -25000, "incomeBeforeTax": -25966000, "incomeBeforeTaxRatio": 0, "incomeTaxExpense": -1471000, "netIncome": -25966000, "netIncomeRatio": 0, "eps": -0.38, "epsdiluted": -0.38, "weightedAverageShsOut": 68336000, "weightedAverageShsOutDil": 68336000, "link": "https://www.sec.gov/Archives/edgar/data/1088856/000119312511067361/0001193125-11-067361-index.htm", "finalLink": "https://www.sec.gov/Archives/edgar/data/1088856/000119312511067361/d10k.htm", "calculatedOtherExpenses": 0, "calculatedOperatingExpenses": 27437000, "calculatedNetInterest": -1496000, "calculatedOtherIncome": 2967000, "calculatedIncomeNonControlling": 1471000, "calculatedEbitda": -27431000}, {"date": "2009-12-31", "symbol": "CORT", "reportedCurrency": "USD", "cik": "0001088856", "fillingDate": "2010-03-26", "acceptedDate": "2010-03-26 17:00:45", "calendarYear": "2009", "period": "FY", "revenue": 29000, "costOfRevenue": 0, "grossProfit": 29000, "grossProfitRatio": 1, "researchAndDevelopmentExpenses": 14402000, "generalAndAdministrativeExpenses": 5877000, "sellingAndMarketingExpenses": 0, "sellingGeneralAndAdministrativeExpenses": 5877000, "otherExpenses": 4325000, "operatingExpenses": 20279000, "costAndExpenses": 20279000, "interestIncome": 0, "interestExpense": 101000, "depreciationAndAmortization": 10000, "ebitda": -20223000, "ebitdaratio": -697.3448275862, "operatingIncome": -20250000, "operatingIncomeRatio": -698.275862069, "totalOtherIncomeExpensesNet": -17000, "incomeBeforeTax": -20166000, "incomeBeforeTaxRatio": -695.3793103448, "incomeTaxExpense": -84000, "netIncome": -20166000, "netIncomeRatio": -695.3793103448, "eps": -0.38, "epsdiluted": -0.38, "weightedAverageShsOut": 52443000, "weightedAverageShsOutDil": 52443000, "link": "https://www.sec.gov/Archives/edgar/data/1088856/000119312510068719/0001193125-10-068719-index.htm", "finalLink": "https://www.sec.gov/Archives/edgar/data/1088856/000119312510068719/d10k.htm", "calculatedOtherExpenses": 0, "calculatedOperatingExpenses": 20279000, "calculatedNetInterest": -101000, "calculatedOtherIncome": 185000, "calculatedIncomeNonControlling": 84000, "calculatedEbitda": -20240000}, {"date": "2008-12-31", "symbol": "CORT", "reportedCurrency": "USD", "cik": "0001088856", "fillingDate": "2009-03-31", "acceptedDate": "2009-03-31 16:19:00", "calendarYear": "2008", "period": "FY", "revenue": 209000, "costOfRevenue": 0, "grossProfit": 209000, "grossProfitRatio": 1, "researchAndDevelopmentExpenses": 14152000, "generalAndAdministrativeExpenses": 5746000, "sellingAndMarketingExpenses": 0, "sellingGeneralAndAdministrativeExpenses": 5746000, "otherExpenses": 4386000, "operatingExpenses": 19898000, "costAndExpenses": 19898000, "interestIncome": 0, "interestExpense": 944000, "depreciationAndAmortization": 12000, "ebitda": -18361000, "ebitdaratio": -87.8516746411, "operatingIncome": -19689000, "operatingIncomeRatio": -94.2057416268, "totalOtherIncomeExpensesNet": -1316000, "incomeBeforeTax": -20061000, "incomeBeforeTaxRatio": -95.985645933, "incomeTaxExpense": 372000, "netIncome": -20061000, "netIncomeRatio": -95.985645933, "eps": -0.43, "epsdiluted": -0.43, "weightedAverageShsOut": 46721000, "weightedAverageShsOutDil": 46721000, "link": "https://www.sec.gov/Archives/edgar/data/1088856/000119312509069400/0001193125-09-069400-index.htm", "finalLink": "https://www.sec.gov/Archives/edgar/data/1088856/000119312509069400/d10k.htm", "calculatedOtherExpenses": 0, "calculatedOperatingExpenses": 19898000, "calculatedNetInterest": -944000, "calculatedOtherIncome": 572000, "calculatedIncomeNonControlling": -372000, "calculatedEbitda": -19677000}, {"date": "2007-12-31", "symbol": "CORT", "reportedCurrency": "USD", "cik": "0001088856", "fillingDate": "2008-03-31", "acceptedDate": "2008-03-31 15:17:26", "calendarYear": "2007", "period": "FY", "revenue": 482000, "costOfRevenue": 0, "grossProfit": 482000, "grossProfitRatio": 1, "researchAndDevelopmentExpenses": 7860000, "generalAndAdministrativeExpenses": 4867000, "sellingAndMarketingExpenses": 0, "sellingGeneralAndAdministrativeExpenses": 4867000, "otherExpenses": 4021000, "operatingExpenses": 12727000, "costAndExpenses": 12727000, "interestIncome": 0, "interestExpense": 0, "depreciationAndAmortization": 13000, "ebitda": -12216000, "ebitdaratio": -25.3443983402, "operatingIncome": -12245000, "operatingIncomeRatio": -25.4045643154, "totalOtherIncomeExpensesNet": -16000, "incomeBeforeTax": -11573000, "incomeBeforeTaxRatio": -24.010373444, "incomeTaxExpense": -672000, "netIncome": -11573000, "netIncomeRatio": -24.010373444, "eps": -0.34, "epsdiluted": -0.34, "weightedAverageShsOut": 34251000, "weightedAverageShsOutDil": 34251000, "link": "https://www.sec.gov/Archives/edgar/data/1088856/000119312508070911/0001193125-08-070911-index.htm", "finalLink": "https://www.sec.gov/Archives/edgar/data/1088856/000119312508070911/d10k.htm", "calculatedOtherExpenses": 0, "calculatedOperatingExpenses": 12727000, "calculatedNetInterest": 0, "calculatedOtherIncome": 672000, "calculatedIncomeNonControlling": 672000, "calculatedEbitda": -12232000}, {"date": "2006-12-31", "symbol": "CORT", "reportedCurrency": "USD", "cik": "0001088856", "fillingDate": "2007-04-02", "acceptedDate": "2007-04-02 16:12:57", "calendarYear": "2006", "period": "FY", "revenue": 294000, "costOfRevenue": 0, "grossProfit": 294000, "grossProfitRatio": 1, "researchAndDevelopmentExpenses": 20834000, "generalAndAdministrativeExpenses": 5042000, "sellingAndMarketingExpenses": 0, "sellingGeneralAndAdministrativeExpenses": 5042000, "otherExpenses": 4029000, "operatingExpenses": 25876000, "costAndExpenses": 25876000, "interestIncome": 0, "interestExpense": 0, "depreciationAndAmortization": 14000, "ebitda": -25558000, "ebitdaratio": -86.9319727891, "operatingIncome": -25582000, "operatingIncomeRatio": -87.0136054422, "totalOtherIncomeExpensesNet": -10000, "incomeBeforeTax": -24873000, "incomeBeforeTaxRatio": -84.6020408163, "incomeTaxExpense": -709000, "netIncome": -24873000, "netIncomeRatio": -84.6020408163, "eps": -1.09, "epsdiluted": -1.09, "weightedAverageShsOut": 22841000, "weightedAverageShsOutDil": 22841000, "link": "https://www.sec.gov/Archives/edgar/data/1088856/000119312507072178/0001193125-07-072178-index.htm", "finalLink": "https://www.sec.gov/Archives/edgar/data/1088856/000119312507072178/d10k.htm", "calculatedOtherExpenses": 0, "calculatedOperatingExpenses": 25876000, "calculatedNetInterest": 0, "calculatedOtherIncome": 709000, "calculatedIncomeNonControlling": 709000, "calculatedEbitda": -25568000}, {"date": "2005-12-31", "symbol": "CORT", "reportedCurrency": "USD", "cik": "0001088856", "fillingDate": "2006-03-30", "acceptedDate": "2006-03-30 16:24:53", "calendarYear": "2005", "period": "FY", "revenue": 0, "costOfRevenue": 0, "grossProfit": 0, "grossProfitRatio": 0, "researchAndDevelopmentExpenses": 17074000, "generalAndAdministrativeExpenses": 4084000, "sellingAndMarketingExpenses": 0, "sellingGeneralAndAdministrativeExpenses": 4084000, "otherExpenses": 3285000, "operatingExpenses": 21158000, "costAndExpenses": 21158000, "interestIncome": 0, "interestExpense": 0, "depreciationAndAmortization": 704000, "ebitda": -20402000, "ebitdaratio": 0, "operatingIncome": -21158000, "operatingIncomeRatio": 0, "totalOtherIncomeExpensesNet": -52000, "incomeBeforeTax": -20093000, "incomeBeforeTaxRatio": 0, "incomeTaxExpense": -1065000, "netIncome": -20093000, "netIncomeRatio": 0, "eps": -0.89, "epsdiluted": -0.89, "weightedAverageShsOut": 22608000, "weightedAverageShsOutDil": 22608000, "link": "https://www.sec.gov/Archives/edgar/data/1088856/000119312506068655/0001193125-06-068655-index.htm", "finalLink": "https://www.sec.gov/Archives/edgar/data/1088856/000119312506068655/d10k.htm", "calculatedOtherExpenses": 0, "calculatedOperatingExpenses": 21158000, "calculatedNetInterest": 0, "calculatedOtherIncome": 1065000, "calculatedIncomeNonControlling": 1065000, "calculatedEbitda": -20454000}, {"date": "2004-12-31", "symbol": "CORT", "reportedCurrency": "USD", "cik": "0001088856", "fillingDate": "2005-03-29", "acceptedDate": "2005-03-29 17:19:08", "calendarYear": "2004", "period": "FY", "revenue": 0, "costOfRevenue": 0, "grossProfit": 0, "grossProfitRatio": 0, "researchAndDevelopmentExpenses": 11550771, "generalAndAdministrativeExpenses": 4494064000, "sellingAndMarketingExpenses": -4489569936, "sellingGeneralAndAdministrativeExpenses": 4494064, "otherExpenses": 3019115000, "operatingExpenses": 16044835, "costAndExpenses": 16044835, "interestIncome": 0, "interestExpense": 0, "depreciationAndAmortization": 1609913, "ebitda": -14367038, "ebitdaratio": 0, "operatingIncome": -16044835, "operatingIncomeRatio": 0, "totalOtherIncomeExpensesNet": -67884, "incomeBeforeTax": -15534481000, "incomeBeforeTaxRatio": 0, "incomeTaxExpense": -510354, "netIncome": -15534481, "netIncomeRatio": 0, "eps": -0.84, "epsdiluted": -0.84, "weightedAverageShsOut": 18440000, "weightedAverageShsOutDil": 18440000, "link": "https://www.sec.gov/Archives/edgar/data/1088856/000095013405006254/0000950134-05-006254-index.htm", "finalLink": "https://www.sec.gov/Archives/edgar/data/1088856/000095013405006254/f06815e10vk.htm", "calculatedOtherExpenses": 0, "calculatedOperatingExpenses": 16044835, "calculatedNetInterest": 0, "calculatedOtherIncome": -15518436165, "calculatedIncomeNonControlling": -15518436165, "calculatedEbitda": -14434922}, {"date": "2003-12-31", "symbol": "CORT", "reportedCurrency": "USD", "cik": "0001088856", "fillingDate": "2003-12-31", "acceptedDate": "2003-12-30 19:00:00", "calendarYear": "2003", "period": "FY", "revenue": 0, "costOfRevenue": 0, "grossProfit": 0, "grossProfitRatio": 0, "researchAndDevelopmentExpenses": 8107629, "generalAndAdministrativeExpenses": 0, "sellingAndMarketingExpenses": 0, "sellingGeneralAndAdministrativeExpenses": 1886967, "otherExpenses": 0, "operatingExpenses": 9994596, "costAndExpenses": 9994596, "interestIncome": 0, "interestExpense": 0, "depreciationAndAmortization": 22551, "ebitda": -9972045, "ebitdaratio": 0, "operatingIncome": -9994596, "operatingIncomeRatio": 0, "totalOtherIncomeExpensesNet": 0, "incomeBeforeTax": 0, "incomeBeforeTaxRatio": 0, "incomeTaxExpense": -182234, "netIncome": -9812362, "netIncomeRatio": 0, "eps": -1.13, "epsdiluted": -1.13, "weightedAverageShsOut": 8650471, "weightedAverageShsOutDil": 8650471, "link": "", "finalLink": "", "calculatedOtherExpenses": 0, "calculatedOperatingExpenses": 9994596, "calculatedNetInterest": 0, "calculatedOtherIncome": 9994596, "calculatedIncomeNonControlling": 9994596, "calculatedEbitda": -9972045}, {"date": "2002-12-31", "symbol": "CORT", "reportedCurrency": "USD", "cik": "0001088856", "fillingDate": "2002-12-31", "acceptedDate": "2002-12-30 19:00:00", "calendarYear": "2002", "period": "FY", "revenue": 0, "costOfRevenue": 0, "grossProfit": 0, "grossProfitRatio": 0, "researchAndDevelopmentExpenses": 13264000, "generalAndAdministrativeExpenses": 0, "sellingAndMarketingExpenses": 0, "sellingGeneralAndAdministrativeExpenses": 5531000, "otherExpenses": 0, "operatingExpenses": 18795000, "costAndExpenses": 18795000, "interestIncome": 0, "interestExpense": 0, "depreciationAndAmortization": 0, "ebitda": -18795000, "ebitdaratio": 0, "operatingIncome": -18795000, "operatingIncomeRatio": 0, "totalOtherIncomeExpensesNet": 0, "incomeBeforeTax": 0, "incomeBeforeTaxRatio": 0, "incomeTaxExpense": 18504000, "netIncome": -18504000, "netIncomeRatio": 0, "eps": -2.75, "epsdiluted": -2.75, "weightedAverageShsOut": 6720000, "weightedAverageShsOutDil": 6720000, "link": "", "finalLink": "", "calculatedOtherExpenses": 0, "calculatedOperatingExpenses": 18795000, "calculatedNetInterest": 0, "calculatedOtherIncome": 18795000, "calculatedIncomeNonControlling": 0, "calculatedEbitda": -18795000}, {"date": "2001-12-31", "symbol": "CORT", "reportedCurrency": "USD", "cik": "0001088856", "fillingDate": "2001-12-31", "acceptedDate": "2001-12-30 19:00:00", "calendarYear": "2001", "period": "FY", "revenue": 0, "costOfRevenue": 0, "grossProfit": 0, "grossProfitRatio": 0, "researchAndDevelopmentExpenses": 5390000, "generalAndAdministrativeExpenses": 0, "sellingAndMarketingExpenses": 0, "sellingGeneralAndAdministrativeExpenses": 2616000, "otherExpenses": 0, "operatingExpenses": 8006000, "costAndExpenses": 8006000, "interestIncome": 0, "interestExpense": 0, "depreciationAndAmortization": 0, "ebitda": -8006000, "ebitdaratio": 0, "operatingIncome": -8006000, "operatingIncomeRatio": 0, "totalOtherIncomeExpensesNet": 0, "incomeBeforeTax": 0, "incomeBeforeTaxRatio": 0, "incomeTaxExpense": 7454000, "netIncome": -7454000, "netIncomeRatio": 0, "eps": -1.39, "epsdiluted": -1.39, "weightedAverageShsOut": 5376000, "weightedAverageShsOutDil": 5376000, "link": "", "finalLink": "", "calculatedOtherExpenses": 0, "calculatedOperatingExpenses": 8006000, "calculatedNetInterest": 0, "calculatedOtherIncome": 8006000, "calculatedIncomeNonControlling": 0, "calculatedEbitda": -8006000}]}