{"originalCurrency": "USD", "convertedCurrency": "USD", "report": [{"date": "2023-09-03", "symbol": "COST", "reportedCurrency": "USD", "cik": "0000909832", "fillingDate": "2023-10-11", "acceptedDate": "2023-10-10 19:13:15", "calendarYear": "2023", "period": "FY", "revenue": 242290000000, "costOfRevenue": 212586000000, "grossProfit": 29704000000, "grossProfitRatio": 0.122596888, "researchAndDevelopmentExpenses": 0, "generalAndAdministrativeExpenses": 0, "sellingAndMarketingExpenses": 0, "sellingGeneralAndAdministrativeExpenses": 21590000000, "otherExpenses": 0, "operatingExpenses": 21590000000, "costAndExpenses": 234176000000, "interestIncome": 533000000, "interestExpense": 160000000, "depreciationAndAmortization": 2077000000, "ebitda": 10724000000, "ebitdaratio": 0.0442610095, "operatingIncome": 8114000000, "operatingIncomeRatio": 0.0334887944, "totalOtherIncomeExpensesNet": 373000000, "incomeBeforeTax": 8487000000, "incomeBeforeTaxRatio": 0.0350282719, "incomeTaxExpense": 2195000000, "netIncome": 6292000000, "netIncomeRatio": 0.0259688803, "eps": 14.18, "epsdiluted": 14.16, "weightedAverageShsOut": 443854000, "weightedAverageShsOutDil": 444452000, "link": "https://www.sec.gov/Archives/edgar/data/909832/000090983223000042/0000909832-23-000042-index.htm", "finalLink": "https://www.sec.gov/Archives/edgar/data/909832/000090983223000042/cost-20230903.htm", "calculatedOtherExpenses": 0, "calculatedOperatingExpenses": 21590000000, "calculatedNetInterest": 373000000, "calculatedOtherIncome": 0, "calculatedIncomeNonControlling": 0, "calculatedEbitda": 10191000000}, {"date": "2022-08-28", "symbol": "COST", "reportedCurrency": "USD", "cik": "0000909832", "fillingDate": "2022-10-05", "acceptedDate": "2022-10-04 21:59:05", "calendarYear": "2022", "period": "FY", "revenue": 226954000000, "costOfRevenue": 199382000000, "grossProfit": 27572000000, "grossProfitRatio": 0.1214871736, "researchAndDevelopmentExpenses": 0, "generalAndAdministrativeExpenses": 0, "sellingAndMarketingExpenses": 0, "sellingGeneralAndAdministrativeExpenses": 19779000000, "otherExpenses": 38000000, "operatingExpenses": 19779000000, "costAndExpenses": 219161000000, "interestIncome": 205000000, "interestExpense": 158000000, "depreciationAndAmortization": 1900000000, "ebitda": 9693000000, "ebitdaratio": 0.0427090952, "operatingIncome": 7793000000, "operatingIncomeRatio": 0.0343373547, "totalOtherIncomeExpensesNet": 106000000, "incomeBeforeTax": 7840000000, "incomeBeforeTaxRatio": 0.0345444451, "incomeTaxExpense": 1925000000, "netIncome": 5844000000, "netIncomeRatio": 0.0257497114, "eps": 13.17, "epsdiluted": 13.14, "weightedAverageShsOut": 443651000, "weightedAverageShsOutDil": 444757000, "link": "https://www.sec.gov/Archives/edgar/data/909832/000090983222000021/0000909832-22-000021-index.htm", "finalLink": "https://www.sec.gov/Archives/edgar/data/909832/000090983222000021/cost-20220828.htm", "calculatedOtherExpenses": 0, "calculatedOperatingExpenses": 19779000000, "calculatedNetInterest": 47000000, "calculatedOtherIncome": 0, "calculatedIncomeNonControlling": 71000000, "calculatedEbitda": 9693000000}, {"date": "2021-08-29", "symbol": "COST", "reportedCurrency": "USD", "cik": "0000909832", "fillingDate": "2021-10-06", "acceptedDate": "2021-10-05 20:49:17", "calendarYear": "2021", "period": "FY", "revenue": 195929000000, "costOfRevenue": 170684000000, "grossProfit": 25245000000, "grossProfitRatio": 0.1288476948, "researchAndDevelopmentExpenses": 0, "generalAndAdministrativeExpenses": 0, "sellingAndMarketingExpenses": 0, "sellingGeneralAndAdministrativeExpenses": 18461000000, "otherExpenses": 76000000, "operatingExpenses": 18537000000, "costAndExpenses": 189221000000, "interestIncome": 143000000, "interestExpense": 171000000, "depreciationAndAmortization": 1781000000, "ebitda": 8489000000, "ebitdaratio": 0.0433269194, "operatingIncome": 6708000000, "operatingIncomeRatio": 0.0342368919, "totalOtherIncomeExpensesNet": 56000000, "incomeBeforeTax": 6680000000, "incomeBeforeTaxRatio": 0.034093983, "incomeTaxExpense": 1601000000, "netIncome": 5007000000, "netIncomeRatio": 0.0255551756, "eps": 11.3, "epsdiluted": 11.27, "weightedAverageShsOut": 443089000, "weightedAverageShsOutDil": 444346000, "link": "https://www.sec.gov/Archives/edgar/data/909832/000090983221000014/0000909832-21-000014-index.htm", "finalLink": "https://www.sec.gov/Archives/edgar/data/909832/000090983221000014/cost-20210829.htm", "calculatedOtherExpenses": 76000000, "calculatedOperatingExpenses": 18537000000, "calculatedNetInterest": -28000000, "calculatedOtherIncome": 0, "calculatedIncomeNonControlling": 72000000, "calculatedEbitda": 8489000000}, {"date": "2020-08-30", "symbol": "COST", "reportedCurrency": "USD", "cik": "0000909832", "fillingDate": "2020-10-07", "acceptedDate": "2020-10-06 19:07:39", "calendarYear": "2020", "period": "FY", "revenue": 166761000000, "costOfRevenue": 144939000000, "grossProfit": 21822000000, "grossProfitRatio": 0.1308579344, "researchAndDevelopmentExpenses": 0, "generalAndAdministrativeExpenses": 0, "sellingAndMarketingExpenses": 0, "sellingGeneralAndAdministrativeExpenses": 16332000000, "otherExpenses": 55000000, "operatingExpenses": 16387000000, "costAndExpenses": 161326000000, "interestIncome": 92000000, "interestExpense": 160000000, "depreciationAndAmortization": 1645000000, "ebitda": 7080000000, "ebitdaratio": 0.0424559699, "operatingIncome": 5435000000, "operatingIncomeRatio": 0.0325915532, "totalOtherIncomeExpensesNet": 7000000, "incomeBeforeTax": 5367000000, "incomeBeforeTaxRatio": 0.032183784, "incomeTaxExpense": 1308000000, "netIncome": 4002000000, "netIncomeRatio": 0.0239984169, "eps": 9.05, "epsdiluted": 9.02, "weightedAverageShsOut": 442297000, "weightedAverageShsOutDil": 443901000, "link": "https://www.sec.gov/Archives/edgar/data/909832/000090983220000017/0000909832-20-000017-index.htm", "finalLink": "https://www.sec.gov/Archives/edgar/data/909832/000090983220000017/cost-20200830.htm", "calculatedOtherExpenses": 55000000, "calculatedOperatingExpenses": 16387000000, "calculatedNetInterest": -68000000, "calculatedOtherIncome": 0, "calculatedIncomeNonControlling": 57000000, "calculatedEbitda": 7080000000}, {"date": "2019-09-01", "symbol": "COST", "reportedCurrency": "USD", "cik": "0000909832", "fillingDate": "2019-10-11", "acceptedDate": "2019-10-10 18:06:12", "calendarYear": "2019", "period": "FY", "revenue": 152703000000, "costOfRevenue": 132886000000, "grossProfit": 19817000000, "grossProfitRatio": 0.1297747916, "researchAndDevelopmentExpenses": 0, "generalAndAdministrativeExpenses": 0, "sellingAndMarketingExpenses": 0, "sellingGeneralAndAdministrativeExpenses": 14994000000, "otherExpenses": 86000000, "operatingExpenses": 15080000000, "costAndExpenses": 147966000000, "interestIncome": 178000000, "interestExpense": 150000000, "depreciationAndAmortization": 1492000000, "ebitda": 6229000000, "ebitdaratio": 0.040791602, "operatingIncome": 4737000000, "operatingIncomeRatio": 0.0310210016, "totalOtherIncomeExpensesNet": 27000000, "incomeBeforeTax": 4765000000, "incomeBeforeTaxRatio": 0.031204364, "incomeTaxExpense": 1061000000, "netIncome": 3659000000, "netIncomeRatio": 0.0239615463, "eps": 8.32, "epsdiluted": 8.26, "weightedAverageShsOut": 439755000, "weightedAverageShsOutDil": 442923000, "link": "https://www.sec.gov/Archives/edgar/data/909832/000090983219000019/0000909832-19-000019-index.htm", "finalLink": "https://www.sec.gov/Archives/edgar/data/909832/000090983219000019/cost10k9119.htm", "calculatedOtherExpenses": 86000000, "calculatedOperatingExpenses": 15080000000, "calculatedNetInterest": 28000000, "calculatedOtherIncome": 0, "calculatedIncomeNonControlling": 45000000, "calculatedEbitda": 6229000000}, {"date": "2018-09-02", "symbol": "COST", "reportedCurrency": "USD", "cik": "0000909832", "fillingDate": "2018-10-26", "acceptedDate": "2018-10-26 09:21:46", "calendarYear": "2018", "period": "FY", "revenue": 141576000000, "costOfRevenue": 123152000000, "grossProfit": 18424000000, "grossProfitRatio": 0.1301350511, "researchAndDevelopmentExpenses": 0, "generalAndAdministrativeExpenses": 0, "sellingAndMarketingExpenses": 0, "sellingGeneralAndAdministrativeExpenses": 13876000000, "otherExpenses": 23000000, "operatingExpenses": 13944000000, "costAndExpenses": 137096000000, "interestIncome": 121000000, "interestExpense": 159000000, "depreciationAndAmortization": 1437000000, "ebitda": 5917000000, "ebitdaratio": 0.0417938069, "operatingIncome": 4480000000, "operatingIncomeRatio": 0.0316437814, "totalOtherIncomeExpensesNet": 23000000, "incomeBeforeTax": 4442000000, "incomeBeforeTaxRatio": 0.0313753744, "incomeTaxExpense": 1263000000, "netIncome": 3134000000, "netIncomeRatio": 0.0221365203, "eps": 7.15, "epsdiluted": 7.09, "weightedAverageShsOut": 438515000, "weightedAverageShsOutDil": 441834000, "link": "https://www.sec.gov/Archives/edgar/data/909832/000090983218000013/0000909832-18-000013-index.htm", "finalLink": "https://www.sec.gov/Archives/edgar/data/909832/000090983218000013/cost10k9218.htm", "calculatedOtherExpenses": 68000000, "calculatedOperatingExpenses": 13944000000, "calculatedNetInterest": -38000000, "calculatedOtherIncome": 0, "calculatedIncomeNonControlling": 45000000, "calculatedEbitda": 5917000000}, {"date": "2017-09-03", "symbol": "COST", "reportedCurrency": "USD", "cik": "0000909832", "fillingDate": "2017-10-18", "acceptedDate": "2017-10-17 21:17:47", "calendarYear": "2017", "period": "FY", "revenue": 129025000000, "costOfRevenue": 111882000000, "grossProfit": 17143000000, "grossProfitRatio": 0.1328657237, "researchAndDevelopmentExpenses": 0, "generalAndAdministrativeExpenses": 0, "sellingAndMarketingExpenses": 0, "sellingGeneralAndAdministrativeExpenses": 12950000000, "otherExpenses": 17000000, "operatingExpenses": 13032000000, "costAndExpenses": 124914000000, "interestIncome": 62000000, "interestExpense": 134000000, "depreciationAndAmortization": 1370000000, "ebitda": 5481000000, "ebitdaratio": 0.0424801395, "operatingIncome": 4111000000, "operatingIncomeRatio": 0.0318620422, "totalOtherIncomeExpensesNet": -5000000, "incomeBeforeTax": 4039000000, "incomeBeforeTaxRatio": 0.0313040109, "incomeTaxExpense": 1325000000, "netIncome": 2679000000, "netIncomeRatio": 0.0207634179, "eps": 6.11, "epsdiluted": 6.08, "weightedAverageShsOut": 438437000, "weightedAverageShsOutDil": 440937000, "link": "https://www.sec.gov/Archives/edgar/data/909832/000090983217000014/0000909832-17-000014-index.htm", "finalLink": "https://www.sec.gov/Archives/edgar/data/909832/000090983217000014/cost10k90317.htm", "calculatedOtherExpenses": 82000000, "calculatedOperatingExpenses": 13032000000, "calculatedNetInterest": -72000000, "calculatedOtherIncome": 0, "calculatedIncomeNonControlling": 35000000, "calculatedEbitda": 5481000000}, {"date": "2016-08-28", "symbol": "COST", "reportedCurrency": "USD", "cik": "0000909832", "fillingDate": "2016-10-12", "acceptedDate": "2016-10-11 19:26:22", "calendarYear": "2016", "period": "FY", "revenue": 118719000000, "costOfRevenue": 102901000000, "grossProfit": 15818000000, "grossProfitRatio": 0.1332389929, "researchAndDevelopmentExpenses": 0, "generalAndAdministrativeExpenses": 0, "sellingAndMarketingExpenses": 0, "sellingGeneralAndAdministrativeExpenses": 12068000000, "otherExpenses": 11000000, "operatingExpenses": 12146000000, "costAndExpenses": 115047000000, "interestIncome": 80000000, "interestExpense": 133000000, "depreciationAndAmortization": 1255000000, "ebitda": 4927000000, "ebitdaratio": 0.0415013604, "operatingIncome": 3672000000, "operatingIncomeRatio": 0.0309301797, "totalOtherIncomeExpensesNet": 28000000, "incomeBeforeTax": 3619000000, "incomeBeforeTaxRatio": 0.0304837473, "incomeTaxExpense": 1243000000, "netIncome": 2350000000, "netIncomeRatio": 0.0197946411, "eps": 5.36, "epsdiluted": 5.33, "weightedAverageShsOut": 438585000, "weightedAverageShsOutDil": 441263000, "link": "https://www.sec.gov/Archives/edgar/data/909832/000090983216000032/0000909832-16-000032-index.htm", "finalLink": "https://www.sec.gov/Archives/edgar/data/909832/000090983216000032/cost10k82816.htm", "calculatedOtherExpenses": 78000000, "calculatedOperatingExpenses": 12146000000, "calculatedNetInterest": -53000000, "calculatedOtherIncome": 0, "calculatedIncomeNonControlling": 26000000, "calculatedEbitda": 4927000000}, {"date": "2015-08-30", "symbol": "COST", "reportedCurrency": "USD", "cik": "0000909832", "fillingDate": "2015-10-14", "acceptedDate": "2015-10-13 18:50:16", "calendarYear": "2015", "period": "FY", "revenue": 116199000000, "costOfRevenue": 101065000000, "grossProfit": 15134000000, "grossProfitRatio": 0.1302420847, "researchAndDevelopmentExpenses": 0, "generalAndAdministrativeExpenses": 0, "sellingAndMarketingExpenses": 0, "sellingGeneralAndAdministrativeExpenses": 11445000000, "otherExpenses": 7000000, "operatingExpenses": 11510000000, "costAndExpenses": 112575000000, "interestIncome": 104000000, "interestExpense": 124000000, "depreciationAndAmortization": 1127000000, "ebitda": 4751000000, "ebitdaratio": 0.0408867546, "operatingIncome": 3624000000, "operatingIncomeRatio": 0.031187876, "totalOtherIncomeExpensesNet": 47000000, "incomeBeforeTax": 3604000000, "incomeBeforeTaxRatio": 0.0310157575, "incomeTaxExpense": 1195000000, "netIncome": 2377000000, "netIncomeRatio": 0.0204562862, "eps": 5.41, "epsdiluted": 5.37, "weightedAverageShsOut": 439455000, "weightedAverageShsOutDil": 442716000, "link": "https://www.sec.gov/Archives/edgar/data/909832/000090983215000014/0000909832-15-000014-index.htm", "finalLink": "https://www.sec.gov/Archives/edgar/data/909832/000090983215000014/cost10k83015.htm", "calculatedOtherExpenses": 65000000, "calculatedOperatingExpenses": 11510000000, "calculatedNetInterest": -20000000, "calculatedOtherIncome": 0, "calculatedIncomeNonControlling": 32000000, "calculatedEbitda": 4751000000}, {"date": "2014-08-31", "symbol": "COST", "reportedCurrency": "USD", "cik": "0000909832", "fillingDate": "2014-10-15", "acceptedDate": "2014-10-15 17:30:17", "calendarYear": "2014", "period": "FY", "revenue": 112640000000, "costOfRevenue": 98458000000, "grossProfit": 14182000000, "grossProfitRatio": 0.1259055398, "researchAndDevelopmentExpenses": 0, "generalAndAdministrativeExpenses": 0, "sellingAndMarketingExpenses": 0, "sellingGeneralAndAdministrativeExpenses": 10899000000, "otherExpenses": 12000000, "operatingExpenses": 10962000000, "costAndExpenses": 109420000000, "interestIncome": 90000000, "interestExpense": 113000000, "depreciationAndAmortization": 1029000000, "ebitda": 4249000000, "ebitdaratio": 0.037721946, "operatingIncome": 3220000000, "operatingIncomeRatio": 0.0285866477, "totalOtherIncomeExpensesNet": 26000000, "incomeBeforeTax": 3197000000, "incomeBeforeTaxRatio": 0.0283824574, "incomeTaxExpense": 1109000000, "netIncome": 2058000000, "netIncomeRatio": 0.0182705966, "eps": 4.69, "epsdiluted": 4.65, "weightedAverageShsOut": 438693000, "weightedAverageShsOutDil": 442485000, "link": "https://www.sec.gov/Archives/edgar/data/909832/000090983214000021/0000909832-14-000021-index.htm", "finalLink": "https://www.sec.gov/Archives/edgar/data/909832/000090983214000021/cost10k2014.htm", "calculatedOtherExpenses": 63000000, "calculatedOperatingExpenses": 10962000000, "calculatedNetInterest": -23000000, "calculatedOtherIncome": 0, "calculatedIncomeNonControlling": 30000000, "calculatedEbitda": 4249000000}, {"date": "2013-09-01", "symbol": "COST", "reportedCurrency": "USD", "cik": "0000909832", "fillingDate": "2013-10-16", "acceptedDate": "2013-10-16 15:39:54", "calendarYear": "2013", "period": "FY", "revenue": 105156000000, "costOfRevenue": 91948000000, "grossProfit": 13208000000, "grossProfitRatio": 0.1256038647, "researchAndDevelopmentExpenses": 0, "generalAndAdministrativeExpenses": 0, "sellingAndMarketingExpenses": 0, "sellingGeneralAndAdministrativeExpenses": 10104000000, "otherExpenses": 14000000, "operatingExpenses": 10155000000, "costAndExpenses": 102103000000, "interestIncome": 97000000, "interestExpense": 99000000, "depreciationAndAmortization": 946000000, "ebitda": 3999000000, "ebitdaratio": 0.0380292137, "operatingIncome": 3053000000, "operatingIncomeRatio": 0.0290330557, "totalOtherIncomeExpensesNet": 39000000, "incomeBeforeTax": 3051000000, "incomeBeforeTaxRatio": 0.0290140363, "incomeTaxExpense": 990000000, "netIncome": 2039000000, "netIncomeRatio": 0.0193902393, "eps": 4.68, "epsdiluted": 4.63, "weightedAverageShsOut": 435741000, "weightedAverageShsOutDil": 440512000, "link": "https://www.sec.gov/Archives/edgar/data/909832/000144530513002422/0001445305-13-002422-index.htm", "finalLink": "https://www.sec.gov/Archives/edgar/data/909832/000144530513002422/cost10k2013.htm", "calculatedOtherExpenses": 51000000, "calculatedOperatingExpenses": 10155000000, "calculatedNetInterest": -2000000, "calculatedOtherIncome": 0, "calculatedIncomeNonControlling": 22000000, "calculatedEbitda": 3999000000}, {"date": "2012-09-02", "symbol": "COST", "reportedCurrency": "USD", "cik": "0000909832", "fillingDate": "2012-10-19", "acceptedDate": "2012-10-19 17:26:26", "calendarYear": "2012", "period": "FY", "revenue": 99137000000, "costOfRevenue": 86823000000, "grossProfit": 12314000000, "grossProfitRatio": 0.1242119491, "researchAndDevelopmentExpenses": 0, "generalAndAdministrativeExpenses": 0, "sellingAndMarketingExpenses": 0, "sellingGeneralAndAdministrativeExpenses": 9518000000, "otherExpenses": 14000000, "operatingExpenses": 9555000000, "costAndExpenses": 96378000000, "interestIncome": 103000000, "interestExpense": 95000000, "depreciationAndAmortization": 908000000, "ebitda": 3667000000, "ebitdaratio": 0.0369892169, "operatingIncome": 2759000000, "operatingIncomeRatio": 0.0278301744, "totalOtherIncomeExpensesNet": 40000000, "incomeBeforeTax": 2767000000, "incomeBeforeTaxRatio": 0.0279108708, "incomeTaxExpense": 1000000000, "netIncome": 1709000000, "netIncomeRatio": 0.0172387706, "eps": 3.94, "epsdiluted": 3.89, "weightedAverageShsOut": 433620000, "weightedAverageShsOutDil": 439373000, "link": "https://www.sec.gov/Archives/edgar/data/909832/000119312512428890/0001193125-12-428890-index.htm", "finalLink": "https://www.sec.gov/Archives/edgar/data/909832/000119312512428890/d388097d10k.htm", "calculatedOtherExpenses": 37000000, "calculatedOperatingExpenses": 9555000000, "calculatedNetInterest": 8000000, "calculatedOtherIncome": 0, "calculatedIncomeNonControlling": 58000000, "calculatedEbitda": 3667000000}, {"date": "2011-08-28", "symbol": "COST", "reportedCurrency": "USD", "cik": "0000909832", "fillingDate": "2011-10-14", "acceptedDate": "2011-10-14 17:04:24", "calendarYear": "2011", "period": "FY", "revenue": 88915000000, "costOfRevenue": 77739000000, "grossProfit": 11176000000, "grossProfitRatio": 0.1256930777, "researchAndDevelopmentExpenses": 0, "generalAndAdministrativeExpenses": 0, "sellingAndMarketingExpenses": 0, "sellingGeneralAndAdministrativeExpenses": 8682000000, "otherExpenses": 55000000, "operatingExpenses": 8737000000, "costAndExpenses": 86476000000, "interestIncome": 60000000, "interestExpense": 116000000, "depreciationAndAmortization": 855000000, "ebitda": 3294000000, "ebitdaratio": 0.0370466176, "operatingIncome": 2439000000, "operatingIncomeRatio": 0.0274306922, "totalOtherIncomeExpensesNet": -9000000, "incomeBeforeTax": 2383000000, "incomeBeforeTaxRatio": 0.0268008772, "incomeTaxExpense": 841000000, "netIncome": 1462000000, "netIncomeRatio": 0.01644267, "eps": 3.35, "epsdiluted": 3.3, "weightedAverageShsOut": 436119000, "weightedAverageShsOutDil": 443094000, "link": "https://www.sec.gov/Archives/edgar/data/909832/000119312511271844/0001193125-11-271844-index.htm", "finalLink": "https://www.sec.gov/Archives/edgar/data/909832/000119312511271844/d203874d10k.htm", "calculatedOtherExpenses": 55000000, "calculatedOperatingExpenses": 8737000000, "calculatedNetInterest": -56000000, "calculatedOtherIncome": 0, "calculatedIncomeNonControlling": 80000000, "calculatedEbitda": 3294000000}, {"date": "2010-08-29", "symbol": "COST", "reportedCurrency": "USD", "cik": "0000909832", "fillingDate": "2010-10-18", "acceptedDate": "2010-10-15 18:40:36", "calendarYear": "2010", "period": "FY", "revenue": 77946000000, "costOfRevenue": 67995000000, "grossProfit": 9951000000, "grossProfitRatio": 0.1276653068, "researchAndDevelopmentExpenses": 0, "generalAndAdministrativeExpenses": 0, "sellingAndMarketingExpenses": 0, "sellingGeneralAndAdministrativeExpenses": 7840000000, "otherExpenses": 34000000, "operatingExpenses": 7874000000, "costAndExpenses": 75869000000, "interestIncome": 88000000, "interestExpense": 111000000, "depreciationAndAmortization": 795000000, "ebitda": 2872000000, "ebitdaratio": 0.0368460216, "operatingIncome": 2077000000, "operatingIncomeRatio": 0.0266466528, "totalOtherIncomeExpensesNet": -8000000, "incomeBeforeTax": 2054000000, "incomeBeforeTaxRatio": 0.0263515767, "incomeTaxExpense": 731000000, "netIncome": 1303000000, "netIncomeRatio": 0.0167167013, "eps": 2.97, "epsdiluted": 2.92, "weightedAverageShsOut": 438611000, "weightedAverageShsOutDil": 445970000, "link": "https://www.sec.gov/Archives/edgar/data/909832/000119312510230379/0001193125-10-230379-index.htm", "finalLink": "https://www.sec.gov/Archives/edgar/data/909832/000119312510230379/d10k.htm", "calculatedOtherExpenses": 34000000, "calculatedOperatingExpenses": 7874000000, "calculatedNetInterest": -23000000, "calculatedOtherIncome": 0, "calculatedIncomeNonControlling": 20000000, "calculatedEbitda": 2872000000}, {"date": "2009-08-30", "symbol": "COST", "reportedCurrency": "USD", "cik": "0000909832", "fillingDate": "2009-10-16", "acceptedDate": "2009-10-16 12:41:07", "calendarYear": "2009", "period": "FY", "revenue": 71422000000, "costOfRevenue": 62335000000, "grossProfit": 9087000000, "grossProfitRatio": 0.1272297051, "researchAndDevelopmentExpenses": 0, "generalAndAdministrativeExpenses": 0, "sellingAndMarketingExpenses": 0, "sellingGeneralAndAdministrativeExpenses": 7293000000, "otherExpenses": 0, "operatingExpenses": 7293000000, "costAndExpenses": 69628000000, "interestIncome": 45000000, "interestExpense": 108000000, "depreciationAndAmortization": 728000000, "ebitda": 2505000000, "ebitdaratio": 0.0350732267, "operatingIncome": 1777000000, "operatingIncomeRatio": 0.024880289, "totalOtherIncomeExpensesNet": -17000000, "incomeBeforeTax": 1714000000, "incomeBeforeTaxRatio": 0.0239982078, "incomeTaxExpense": 628000000, "netIncome": 1086000000, "netIncomeRatio": 0.0152053989, "eps": 2.5, "epsdiluted": 2.47, "weightedAverageShsOut": 433988000, "weightedAverageShsOutDil": 440454000, "link": "https://www.sec.gov/Archives/edgar/data/909832/000119312509208963/0001193125-09-208963-index.htm", "finalLink": "https://www.sec.gov/Archives/edgar/data/909832/000119312509208963/d10k.htm", "calculatedOtherExpenses": 17000000, "calculatedOperatingExpenses": 7310000000, "calculatedNetInterest": -63000000, "calculatedOtherIncome": 0, "calculatedIncomeNonControlling": 0, "calculatedEbitda": 2505000000}, {"date": "2008-08-31", "symbol": "COST", "reportedCurrency": "USD", "cik": "0000909832", "fillingDate": "2008-10-16", "acceptedDate": "2008-10-16 17:27:27", "calendarYear": "2008", "period": "FY", "revenue": 72483020000, "costOfRevenue": 63502750000, "grossProfit": 8980270000, "grossProfitRatio": 0.1238948101, "researchAndDevelopmentExpenses": 0, "generalAndAdministrativeExpenses": 0, "sellingAndMarketingExpenses": 0, "sellingGeneralAndAdministrativeExpenses": 7011187000, "otherExpenses": 248000, "operatingExpenses": 7011435000, "costAndExpenses": 70514185000, "interestIncome": 96000000, "interestExpense": 103000000, "depreciationAndAmortization": 653082000, "ebitda": 2621917000, "ebitdaratio": 0.0361728443, "operatingIncome": 1968835000, "operatingIncomeRatio": 0.0271627065, "totalOtherIncomeExpensesNet": 41822000, "incomeBeforeTax": 1998974000, "incomeBeforeTaxRatio": 0.0275785143, "incomeTaxExpense": 716249000, "netIncome": 1283000000, "netIncomeRatio": 0.0177006973, "eps": 2.95, "epsdiluted": 2.89, "weightedAverageShsOut": 434442000, "weightedAverageShsOutDil": 444240000, "link": "https://www.sec.gov/Archives/edgar/data/909832/000119312508211709/0001193125-08-211709-index.htm", "finalLink": "https://www.sec.gov/Archives/edgar/data/909832/000119312508211709/d10k.htm", "calculatedOtherExpenses": 248000, "calculatedOperatingExpenses": 7011435000, "calculatedNetInterest": -7000000, "calculatedOtherIncome": 37139000, "calculatedIncomeNonControlling": -275000, "calculatedEbitda": 2621917000}, {"date": "2007-09-02", "symbol": "COST", "reportedCurrency": "USD", "cik": "0000909832", "fillingDate": "2007-10-25", "acceptedDate": "2007-10-25 15:39:49", "calendarYear": "2007", "period": "FY", "revenue": 64400155000, "costOfRevenue": 56449702000, "grossProfit": 7950453000, "grossProfitRatio": 0.123453942, "researchAndDevelopmentExpenses": 0, "generalAndAdministrativeExpenses": 0, "sellingAndMarketingExpenses": 0, "sellingGeneralAndAdministrativeExpenses": 6328259000, "otherExpenses": 13608000, "operatingExpenses": 6341867000, "costAndExpenses": 62791569000, "interestIncome": 0, "interestExpense": 0, "depreciationAndAmortization": 566385000, "ebitda": 2174971000, "ebitdaratio": 0.0337727603, "operatingIncome": 1608586000, "operatingIncomeRatio": 0.0249779834, "totalOtherIncomeExpensesNet": 22014000, "incomeBeforeTax": 1709991000, "incomeBeforeTaxRatio": 0.0265525914, "incomeTaxExpense": 627219000, "netIncome": 1082772000, "netIncomeRatio": 0.0168131893, "eps": 2.42, "epsdiluted": 2.37, "weightedAverageShsOut": 447659000, "weightedAverageShsOutDil": 457641000, "link": "https://www.sec.gov/Archives/edgar/data/909832/000119312507225805/0001193125-07-225805-index.htm", "finalLink": "https://www.sec.gov/Archives/edgar/data/909832/000119312507225805/d10k.htm", "calculatedOtherExpenses": 13608000, "calculatedOperatingExpenses": 6341867000, "calculatedNetInterest": 0, "calculatedOtherIncome": 101405000, "calculatedIncomeNonControlling": 0, "calculatedEbitda": 2174971000}, {"date": "2006-09-03", "symbol": "COST", "reportedCurrency": "USD", "cik": "0000909832", "fillingDate": "2006-11-17", "acceptedDate": "2006-11-17 16:59:34", "calendarYear": "2006", "period": "FY", "revenue": 60151227000, "costOfRevenue": 52745497000, "grossProfit": 7405730000, "grossProfitRatio": 0.1231185193, "researchAndDevelopmentExpenses": 0, "generalAndAdministrativeExpenses": 0, "sellingAndMarketingExpenses": 0, "sellingGeneralAndAdministrativeExpenses": 5774645000, "otherExpenses": 0, "operatingExpenses": 5774645000, "costAndExpenses": 58520142000, "interestIncome": 0, "interestExpense": 0, "depreciationAndAmortization": 515285000, "ebitda": 2140917000, "ebitdaratio": 0.0355922415, "operatingIncome": 1625632000, "operatingIncomeRatio": 0.0270257496, "totalOtherIncomeExpensesNet": 19190000, "incomeBeforeTax": 1751417000, "incomeBeforeTaxRatio": 0.0291168957, "incomeTaxExpense": 648202000, "netIncome": 1103215000, "netIncomeRatio": 0.0183406899, "eps": 2.35, "epsdiluted": 2.3, "weightedAverageShsOut": 469718000, "weightedAverageShsOutDil": 480341000, "link": "https://www.sec.gov/Archives/edgar/data/909832/000119312506238399/0001193125-06-238399-index.htm", "finalLink": "https://www.sec.gov/Archives/edgar/data/909832/000119312506238399/d10k.htm", "calculatedOtherExpenses": 5453000, "calculatedOperatingExpenses": 5780098000, "calculatedNetInterest": 0, "calculatedOtherIncome": 125785000, "calculatedIncomeNonControlling": 0, "calculatedEbitda": 2140917000}, {"date": "2005-08-28", "symbol": "COST", "reportedCurrency": "USD", "cik": "0000909832", "fillingDate": "2005-11-10", "acceptedDate": "2005-11-10 17:04:17", "calendarYear": "2005", "period": "FY", "revenue": 52935228000, "costOfRevenue": 46346961000, "grossProfit": 6588267000, "grossProfitRatio": 0.1244590275, "researchAndDevelopmentExpenses": 0, "generalAndAdministrativeExpenses": 0, "sellingAndMarketingExpenses": 0, "sellingGeneralAndAdministrativeExpenses": 5113964000, "otherExpenses": 0, "operatingExpenses": 5113964000, "costAndExpenses": 51460925000, "interestIncome": 0, "interestExpense": 0, "depreciationAndAmortization": 477868000, "ebitda": 1952171000, "ebitdaratio": 0.0368784848, "operatingIncome": 1474303000, "operatingIncomeRatio": 0.0278510749, "totalOtherIncomeExpensesNet": 27181000, "incomeBeforeTax": 1548962000, "incomeBeforeTaxRatio": 0.0292614589, "incomeTaxExpense": 485870000, "netIncome": 1063092000, "netIncomeRatio": 0.0200828832, "eps": 2.24, "epsdiluted": 2.18, "weightedAverageShsOut": 473945000, "weightedAverageShsOutDil": 492035000, "link": "https://www.sec.gov/Archives/edgar/data/909832/000119312505223245/0001193125-05-223245-index.htm", "finalLink": "https://www.sec.gov/Archives/edgar/data/909832/000119312505223245/d10k.htm", "calculatedOtherExpenses": 0, "calculatedOperatingExpenses": 5113964000, "calculatedNetInterest": 0, "calculatedOtherIncome": 74659000, "calculatedIncomeNonControlling": 0, "calculatedEbitda": 1952171000}, {"date": "2004-08-29", "symbol": "COST", "reportedCurrency": "USD", "cik": "0000909832", "fillingDate": "2004-11-12", "acceptedDate": "2004-11-12 17:15:28", "calendarYear": "2004", "period": "FY", "revenue": 48106992000, "costOfRevenue": 42092016000, "grossProfit": 6014976000, "grossProfitRatio": 0.1250333008, "researchAndDevelopmentExpenses": 0, "generalAndAdministrativeExpenses": 0, "sellingAndMarketingExpenses": 0, "sellingGeneralAndAdministrativeExpenses": 4629328000, "otherExpenses": 0, "operatingExpenses": 4629328000, "costAndExpenses": 46721344000, "interestIncome": 0, "interestExpense": 0, "depreciationAndAmortization": 440721000, "ebitda": 1826369000, "ebitdaratio": 0.0379647308, "operatingIncome": 1385648000, "operatingIncomeRatio": 0.0288034637, "totalOtherIncomeExpensesNet": 19090000, "incomeBeforeTax": 1400624000, "incomeBeforeTaxRatio": 0.0291147698, "incomeTaxExpense": 518231000, "netIncome": 882393000, "netIncomeRatio": 0.0183423025, "eps": 1.92, "epsdiluted": 1.85, "weightedAverageShsOut": 459223000, "weightedAverageShsOutDil": 482459000, "link": "https://www.sec.gov/Archives/edgar/data/909832/000119312504195535/0001193125-04-195535-index.htm", "finalLink": "https://www.sec.gov/Archives/edgar/data/909832/000119312504195535/d10k.htm", "calculatedOtherExpenses": 0, "calculatedOperatingExpenses": 4629328000, "calculatedNetInterest": 0, "calculatedOtherIncome": 14976000, "calculatedIncomeNonControlling": 0, "calculatedEbitda": 1826369000}, {"date": "2003-08-31", "symbol": "COST", "reportedCurrency": "USD", "cik": "0000909832", "fillingDate": "2003-11-21", "acceptedDate": "2003-11-21 17:21:04", "calendarYear": "2003", "period": "FY", "revenue": 42545552000, "costOfRevenue": 37235383000, "grossProfit": 5310169000, "grossProfitRatio": 0.1248113786, "researchAndDevelopmentExpenses": 0, "generalAndAdministrativeExpenses": 0, "sellingAndMarketingExpenses": 0, "sellingGeneralAndAdministrativeExpenses": 4153541000, "otherExpenses": 0, "operatingExpenses": 4153541000, "costAndExpenses": 41388924000, "interestIncome": 0, "interestExpense": 0, "depreciationAndAmortization": 391302000, "ebitda": 1547930000, "ebitdaratio": 0.0363828867, "operatingIncome": 1156628000, "operatingIncomeRatio": 0.0271856386, "totalOtherIncomeExpensesNet": 17325000, "incomeBeforeTax": 1158233000, "incomeBeforeTaxRatio": 0.0272233629, "incomeTaxExpense": 437233000, "netIncome": 721000000, "netIncomeRatio": 0.0169465424, "eps": 1.58, "epsdiluted": 1.53, "weightedAverageShsOut": 455956000, "weightedAverageShsOutDil": 471241830, "link": "https://www.sec.gov/Archives/edgar/data/909832/000119312503085292/0001193125-03-085292-index.htm", "finalLink": "https://www.sec.gov/Archives/edgar/data/909832/000119312503085292/d10k.htm", "calculatedOtherExpenses": 0, "calculatedOperatingExpenses": 4153541000, "calculatedNetInterest": 0, "calculatedOtherIncome": 1605000, "calculatedIncomeNonControlling": 0, "calculatedEbitda": 1547930000}, {"date": "2002-09-01", "symbol": "COST", "reportedCurrency": "USD", "cik": "0000909832", "fillingDate": "2002-11-22", "acceptedDate": "2002-11-22 16:19:43", "calendarYear": "2002", "period": "FY", "revenue": 38762499000, "costOfRevenue": 33983121000, "grossProfit": 4779378000, "grossProfitRatio": 0.1232990164, "researchAndDevelopmentExpenses": 0, "generalAndAdministrativeExpenses": 0, "sellingAndMarketingExpenses": 0, "sellingGeneralAndAdministrativeExpenses": 3647843000, "otherExpenses": 0, "operatingExpenses": 3647843000, "costAndExpenses": 37630964000, "interestIncome": 0, "interestExpense": 0, "depreciationAndAmortization": 341781000, "ebitda": 1473316000, "ebitdaratio": 0.0380087981, "operatingIncome": 1131535000, "operatingIncomeRatio": 0.0291914874, "totalOtherIncomeExpensesNet": 6649000, "incomeBeforeTax": 1138184000, "incomeBeforeTaxRatio": 0.0293630191, "incomeTaxExpense": 438201000, "netIncome": 699983000, "netIncomeRatio": 0.0180582526, "eps": 1.54, "epsdiluted": 1.48, "weightedAverageShsOut": 453650000, "weightedAverageShsOutDil": 479262000, "link": "https://www.sec.gov/Archives/edgar/data/909832/000103221002001631/0001032210-02-001631-index.htm", "finalLink": "https://www.sec.gov/Archives/edgar/data/909832/000103221002001631/d10k.htm", "calculatedOtherExpenses": 0, "calculatedOperatingExpenses": 3647843000, "calculatedNetInterest": 0, "calculatedOtherIncome": 6649000, "calculatedIncomeNonControlling": 0, "calculatedEbitda": 1473316000}, {"date": "2001-09-02", "symbol": "COST", "reportedCurrency": "USD", "cik": "0000909832", "fillingDate": "2001-11-16", "acceptedDate": "2001-11-16 00:00:00", "calendarYear": "2001", "period": "FY", "revenue": 34797037000, "costOfRevenue": 30598140000, "grossProfit": 4198897000, "grossProfitRatio": 0.1206682339, "researchAndDevelopmentExpenses": 0, "generalAndAdministrativeExpenses": 0, "sellingAndMarketingExpenses": 0, "sellingGeneralAndAdministrativeExpenses": 3206630000, "otherExpenses": 0, "operatingExpenses": 3206630000, "costAndExpenses": 33804770000, "interestIncome": 0, "interestExpense": 0, "depreciationAndAmortization": 301297000, "ebitda": 1293564000, "ebitdaratio": 0.0371745445, "operatingIncome": 992267000, "operatingIncomeRatio": 0.0285158475, "totalOtherIncomeExpensesNet": 11214000, "incomeBeforeTax": 1003481000, "incomeBeforeTaxRatio": 0.0288381163, "incomeTaxExpense": 401392000, "netIncome": 602089000, "netIncomeRatio": 0.0173028813, "eps": 1.34, "epsdiluted": 1.29, "weightedAverageShsOut": 449631000, "weightedAverageShsOutDil": 475827000, "link": "https://www.sec.gov/Archives/edgar/data/909832/000091205701540243/0000912057-01-540243-index.htm", "finalLink": "https://www.sec.gov/Archives/edgar/data/909832/000091205701540243/a2063635z10-k405.htm", "calculatedOtherExpenses": 0, "calculatedOperatingExpenses": 3206630000, "calculatedNetInterest": 0, "calculatedOtherIncome": 11214000, "calculatedIncomeNonControlling": 0, "calculatedEbitda": 1293564000}, {"date": "2000-09-03", "symbol": "COST", "reportedCurrency": "USD", "cik": "0000909832", "fillingDate": "2000-11-17", "acceptedDate": "2000-11-17 00:00:00", "calendarYear": "2000", "period": "FY", "revenue": 32164296000, "costOfRevenue": 28067773000, "grossProfit": 4096523000, "grossProfitRatio": 0.1273624332, "researchAndDevelopmentExpenses": 0, "generalAndAdministrativeExpenses": 0, "sellingAndMarketingExpenses": 0, "sellingGeneralAndAdministrativeExpenses": 2804676000, "otherExpenses": 254397000, "operatingExpenses": 3059073000, "costAndExpenses": 31126846000, "interestIncome": 0, "interestExpense": 0, "depreciationAndAmortization": 254397000, "ebitda": 1291847000, "ebitdaratio": 0.0401640067, "operatingIncome": 1037450000, "operatingIncomeRatio": 0.0322547088, "totalOtherIncomeExpensesNet": 14945000, "incomeBeforeTax": 1052395000, "incomeBeforeTaxRatio": 0.0327193544, "incomeTaxExpense": 420958000, "netIncome": 631437000, "netIncomeRatio": 0.0196316126, "eps": 1.41, "epsdiluted": 1.35, "weightedAverageShsOut": 446255000, "weightedAverageShsOutDil": 475737000, "link": "https://www.sec.gov/Archives/edgar/data/909832/000089102000002053/0000891020-00-002053-index.htm", "finalLink": "https://www.sec.gov/Archives/edgar/data/909832/000089102000002053/v67051e10-k405.txt", "calculatedOtherExpenses": 254397000, "calculatedOperatingExpenses": 3059073000, "calculatedNetInterest": 0, "calculatedOtherIncome": 14945000, "calculatedIncomeNonControlling": 0, "calculatedEbitda": 1291847000}, {"date": "1999-08-29", "symbol": "COST", "reportedCurrency": "USD", "cik": "0000909832", "fillingDate": "1999-11-24", "acceptedDate": "1999-11-24 00:00:00", "calendarYear": "1999", "period": "FY", "revenue": 27456000000, "costOfRevenue": 23945400000, "grossProfit": 3510600000, "grossProfitRatio": 0.1278627622, "researchAndDevelopmentExpenses": 0, "generalAndAdministrativeExpenses": 0, "sellingAndMarketingExpenses": 0, "sellingGeneralAndAdministrativeExpenses": 2425700000, "otherExpenses": 224800000, "operatingExpenses": 2650500000, "costAndExpenses": 26595900000, "interestIncome": 0, "interestExpense": 0, "depreciationAndAmortization": 224800000, "ebitda": 1084900000, "ebitdaratio": 0.0395141317, "operatingIncome": 860100000, "operatingIncomeRatio": 0.031326486, "totalOtherIncomeExpensesNet": -1300000, "incomeBeforeTax": 858800000, "incomeBeforeTaxRatio": 0.0312791375, "incomeTaxExpense": 343500000, "netIncome": 397300000, "netIncomeRatio": 0.0144704254, "eps": 0.91, "epsdiluted": 0.87, "weightedAverageShsOut": 439253000, "weightedAverageShsOutDil": 471120000, "link": "https://www.sec.gov/Archives/edgar/data/909832/000091205799007381/0000912057-99-007381-index.html", "finalLink": "https://www.sec.gov/Archives/edgar/data/909832/000091205799007381/", "calculatedOtherExpenses": 224800000, "calculatedOperatingExpenses": 2650500000, "calculatedNetInterest": 0, "calculatedOtherIncome": -1300000, "calculatedIncomeNonControlling": 118000000, "calculatedEbitda": 1084900000}, {"date": "1998-08-30", "symbol": "COST", "reportedCurrency": "USD", "cik": "0000909832", "fillingDate": "1998-11-25", "acceptedDate": "1998-11-25 00:00:00", "calendarYear": "1998", "period": "FY", "revenue": 24269900000, "costOfRevenue": 21183400000, "grossProfit": 3086500000, "grossProfitRatio": 0.1271739892, "researchAndDevelopmentExpenses": 0, "generalAndAdministrativeExpenses": 0, "sellingAndMarketingExpenses": 0, "sellingGeneralAndAdministrativeExpenses": 2102900000, "otherExpenses": 196300000, "operatingExpenses": 2299200000, "costAndExpenses": 23482600000, "interestIncome": 0, "interestExpense": 0, "depreciationAndAmortization": 196300000, "ebitda": 983600000, "ebitdaratio": 0.0405275671, "operatingIncome": 787300000, "operatingIncomeRatio": 0.032439359, "totalOtherIncomeExpensesNet": 26700000, "incomeBeforeTax": 766400000, "incomeBeforeTaxRatio": 0.03157821, "incomeTaxExpense": 306600000, "netIncome": 459800000, "netIncomeRatio": 0.0189452779, "eps": 1.07, "epsdiluted": 1.02, "weightedAverageShsOut": 431013000, "weightedAverageShsOutDil": 463371000, "link": "https://www.sec.gov/Archives/edgar/data/909832/000104746998042376/0001047469-98-042376-index.html", "finalLink": "https://www.sec.gov/Archives/edgar/data/909832/", "calculatedOtherExpenses": 196300000, "calculatedOperatingExpenses": 2299200000, "calculatedNetInterest": 0, "calculatedOtherIncome": -20900000, "calculatedIncomeNonControlling": 0, "calculatedEbitda": 983600000}, {"date": "1997-08-31", "symbol": "COST", "reportedCurrency": "USD", "cik": "0000909832", "fillingDate": "1997-11-10", "acceptedDate": "1997-11-10 00:00:00", "calendarYear": "1997", "period": "FY", "revenue": 21874400000, "costOfRevenue": 19132200000, "grossProfit": 2742200000, "grossProfitRatio": 0.1253611528, "researchAndDevelopmentExpenses": 0, "generalAndAdministrativeExpenses": 0, "sellingAndMarketingExpenses": 0, "sellingGeneralAndAdministrativeExpenses": 1979200000, "otherExpenses": 182300000, "operatingExpenses": 2161500000, "costAndExpenses": 21293700000, "interestIncome": 0, "interestExpense": 0, "depreciationAndAmortization": 182300000, "ebitda": 763000000, "ebitdaratio": 0.0348809567, "operatingIncome": 580700000, "operatingIncomeRatio": 0.0265470139, "totalOtherIncomeExpensesNet": 15900000, "incomeBeforeTax": 520300000, "incomeBeforeTaxRatio": 0.0237857953, "incomeTaxExpense": 208100000, "netIncome": 312200000, "netIncomeRatio": 0.0142723915, "eps": 0.76, "epsdiluted": 0.74, "weightedAverageShsOut": 410789474, "weightedAverageShsOutDil": 421891892, "link": "https://www.sec.gov/Archives/edgar/data/909832/000104746997003493/0001047469-97-003493-index.html", "finalLink": "https://www.sec.gov/Archives/edgar/data/909832/", "calculatedOtherExpenses": 182300000, "calculatedOperatingExpenses": 2161500000, "calculatedNetInterest": 0, "calculatedOtherIncome": -60400000, "calculatedIncomeNonControlling": 0, "calculatedEbitda": 763000000}, {"date": "1996-09-01", "symbol": "COST", "reportedCurrency": "USD", "cik": "0000909832", "fillingDate": "1996-11-08", "acceptedDate": "1996-11-08 00:00:00", "calendarYear": "1996", "period": "FY", "revenue": 19566500000, "costOfRevenue": 17183700000, "grossProfit": 2382800000, "grossProfitRatio": 0.1217795722, "researchAndDevelopmentExpenses": 0, "generalAndAdministrativeExpenses": 0, "sellingAndMarketingExpenses": 0, "sellingGeneralAndAdministrativeExpenses": 1730400000, "otherExpenses": 161600000, "operatingExpenses": 1892000000, "costAndExpenses": 19075700000, "interestIncome": 0, "interestExpense": 0, "depreciationAndAmortization": 161600000, "ebitda": 652400000, "ebitdaratio": 0.0333427031, "operatingIncome": 490800000, "operatingIncomeRatio": 0.025083689, "totalOtherIncomeExpensesNet": 10800000, "incomeBeforeTax": 423500000, "incomeBeforeTaxRatio": 0.0216441367, "incomeTaxExpense": 174700000, "netIncome": 248800000, "netIncomeRatio": 0.0127156109, "eps": 0.64, "epsdiluted": 0.61, "weightedAverageShsOut": 388750000, "weightedAverageShsOutDil": 407868852, "link": "https://www.sec.gov/Archives/edgar/data/909832/000091205796025246/0000912057-96-025246-index.html", "finalLink": "https://www.sec.gov/Archives/edgar/data/909832/", "calculatedOtherExpenses": 161600000, "calculatedOperatingExpenses": 1892000000, "calculatedNetInterest": 0, "calculatedOtherIncome": -67300000, "calculatedIncomeNonControlling": 0, "calculatedEbitda": 652400000}, {"date": "1995-09-03", "symbol": "COST", "reportedCurrency": "USD", "cik": "0000909832", "fillingDate": "1995-11-30", "acceptedDate": "1995-11-30 00:00:00", "calendarYear": "1995", "period": "FY", "revenue": 17905900000, "costOfRevenue": 16083800000, "grossProfit": 1822100000, "grossProfitRatio": 0.1017597552, "researchAndDevelopmentExpenses": 0, "generalAndAdministrativeExpenses": 0, "sellingAndMarketingExpenses": 0, "sellingGeneralAndAdministrativeExpenses": 1555600000, "otherExpenses": 142000000, "operatingExpenses": 1697600000, "costAndExpenses": 17781400000, "interestIncome": 0, "interestExpense": 0, "depreciationAndAmortization": 142000000, "ebitda": 266500000, "ebitdaratio": 0.0148833625, "operatingIncome": 124500000, "operatingIncomeRatio": 0.0069530155, "totalOtherIncomeExpensesNet": 311600000, "incomeBeforeTax": 368200000, "incomeBeforeTaxRatio": 0.0205630546, "incomeTaxExpense": 151000000, "netIncome": 133800000, "netIncomeRatio": 0.0074723974, "eps": 0.34, "epsdiluted": 0.34, "weightedAverageShsOut": 393529412, "weightedAverageShsOutDil": 393529412, "link": "https://www.sec.gov/Archives/edgar/data/909832/000091205795010555/0000912057-95-010555-index.html", "finalLink": "https://www.sec.gov/Archives/edgar/data/909832/", "calculatedOtherExpenses": 142000000, "calculatedOperatingExpenses": 1697600000, "calculatedNetInterest": 0, "calculatedOtherIncome": 243700000, "calculatedIncomeNonControlling": 83400000, "calculatedEbitda": 266500000}, {"date": "1994-08-28", "symbol": "COST", "reportedCurrency": "USD", "cik": "0000909832", "fillingDate": "1994-11-17", "acceptedDate": "1994-11-17 00:00:00", "calendarYear": "1994", "period": "FY", "revenue": 16480600000, "costOfRevenue": 14519200000, "grossProfit": 1961400000, "grossProfitRatio": 0.1190126573, "researchAndDevelopmentExpenses": 0, "generalAndAdministrativeExpenses": 0, "sellingAndMarketingExpenses": 0, "sellingGeneralAndAdministrativeExpenses": 1425500000, "otherExpenses": 143700000, "operatingExpenses": 1569200000, "costAndExpenses": 16088400000, "interestIncome": 0, "interestExpense": 0, "depreciationAndAmortization": 143700000, "ebitda": 535900000, "ebitdaratio": 0.03251702, "operatingIncome": 392200000, "operatingIncomeRatio": 0.0237976773, "totalOtherIncomeExpensesNet": -138200000, "incomeBeforeTax": 203600000, "incomeBeforeTaxRatio": 0.0123539192, "incomeTaxExpense": 92700000, "netIncome": -112400000, "netIncomeRatio": -0.00682014, "eps": -0.26, "epsdiluted": -0.26, "weightedAverageShsOut": 432307692, "weightedAverageShsOutDil": 432307692, "link": "https://www.sec.gov/Archives/edgar/data/909832/000091205794003945/0000912057-94-003945-index.html", "finalLink": "https://www.sec.gov/Archives/edgar/data/909832/", "calculatedOtherExpenses": 143700000, "calculatedOperatingExpenses": 1569200000, "calculatedNetInterest": 0, "calculatedOtherIncome": -188600000, "calculatedIncomeNonControlling": 223300000, "calculatedEbitda": 535900000}, {"date": "1993-08-31", "symbol": "COST", "reportedCurrency": "USD", "cik": "0000909832", "fillingDate": "1993-08-31", "acceptedDate": "1993-08-30 20:00:00", "calendarYear": "1993", "period": "FY", "revenue": 15154700000, "costOfRevenue": 13619600000, "grossProfit": 1535100000, "grossProfitRatio": 0.1012953077, "researchAndDevelopmentExpenses": 0, "generalAndAdministrativeExpenses": 0, "sellingAndMarketingExpenses": 0, "sellingGeneralAndAdministrativeExpenses": 1367200000, "otherExpenses": 112100000, "operatingExpenses": 1479300000, "costAndExpenses": 15098900000, "interestIncome": 0, "interestExpense": 0, "depreciationAndAmortization": 112100000, "ebitda": 167900000, "ebitdaratio": 0.0110790712, "operatingIncome": 55800000, "operatingIncomeRatio": 0.003682026, "totalOtherIncomeExpensesNet": 360700000, "incomeBeforeTax": 370300000, "incomeBeforeTaxRatio": 0.0244346638, "incomeTaxExpense": 147100000, "netIncome": 223200000, "netIncomeRatio": 0.0147281042, "eps": 0.5, "epsdiluted": 0.5, "weightedAverageShsOut": 446400000, "weightedAverageShsOutDil": 446400000, "link": "", "finalLink": "", "calculatedOtherExpenses": 112100000, "calculatedOperatingExpenses": 1479300000, "calculatedNetInterest": 0, "calculatedOtherIncome": 314500000, "calculatedIncomeNonControlling": 0, "calculatedEbitda": 167900000}, {"date": "1992-08-31", "symbol": "COST", "reportedCurrency": "USD", "cik": "0000909832", "fillingDate": "1992-08-31", "acceptedDate": "1992-08-30 20:00:00", "calendarYear": "1992", "period": "FY", "revenue": 7320200000, "costOfRevenue": 6605000000, "grossProfit": 715200000, "grossProfitRatio": 0.0977022486, "researchAndDevelopmentExpenses": 0, "generalAndAdministrativeExpenses": 0, "sellingAndMarketingExpenses": 0, "sellingGeneralAndAdministrativeExpenses": 629400000, "otherExpenses": 54000000, "operatingExpenses": 683400000, "costAndExpenses": 7288400000, "interestIncome": 0, "interestExpense": 0, "depreciationAndAmortization": 54000000, "ebitda": 85800000, "ebitdaratio": 0.0117209912, "operatingIncome": 31800000, "operatingIncomeRatio": 0.0043441436, "totalOtherIncomeExpensesNet": 211700000, "incomeBeforeTax": 215200000, "incomeBeforeTaxRatio": 0.0293981039, "incomeTaxExpense": 86100000, "netIncome": 129100000, "netIncomeRatio": 0.0176361302, "eps": 0.53, "epsdiluted": 0.53, "weightedAverageShsOut": 243584906, "weightedAverageShsOutDil": 243584906, "link": "", "finalLink": "", "calculatedOtherExpenses": 54000000, "calculatedOperatingExpenses": 683400000, "calculatedNetInterest": 0, "calculatedOtherIncome": 183400000, "calculatedIncomeNonControlling": 0, "calculatedEbitda": 85800000}, {"date": "1991-08-31", "symbol": "COST", "reportedCurrency": "USD", "cik": "0000909832", "fillingDate": "1991-08-31", "acceptedDate": "1991-08-30 20:00:00", "calendarYear": "1991", "period": "FY", "revenue": 6598100000, "costOfRevenue": 5972700000, "grossProfit": 625400000, "grossProfitRatio": 0.0947848623, "researchAndDevelopmentExpenses": 0, "generalAndAdministrativeExpenses": 0, "sellingAndMarketingExpenses": 0, "sellingGeneralAndAdministrativeExpenses": 528900000, "otherExpenses": 40600000, "operatingExpenses": 569500000, "costAndExpenses": 6542200000, "interestIncome": 0, "interestExpense": 0, "depreciationAndAmortization": 40600000, "ebitda": 96500000, "ebitdaratio": 0.0146254225, "operatingIncome": 55900000, "operatingIncomeRatio": 0.0084721359, "totalOtherIncomeExpensesNet": 185000000, "incomeBeforeTax": 219800000, "incomeBeforeTaxRatio": 0.0333126203, "incomeTaxExpense": 85700000, "netIncome": 134100000, "netIncomeRatio": 0.0203240327, "eps": 0.5, "epsdiluted": 0.5, "weightedAverageShsOut": 268200000, "weightedAverageShsOutDil": 268200000, "link": "", "finalLink": "", "calculatedOtherExpenses": 40600000, "calculatedOperatingExpenses": 569500000, "calculatedNetInterest": 0, "calculatedOtherIncome": 163900000, "calculatedIncomeNonControlling": 0, "calculatedEbitda": 96500000}, {"date": "1990-08-31", "symbol": "COST", "reportedCurrency": "USD", "cik": "0000909832", "fillingDate": "1990-08-31", "acceptedDate": "1990-08-30 20:00:00", "calendarYear": "1990", "period": "FY", "revenue": 5286500000, "costOfRevenue": 4790500000, "grossProfit": 496000000, "grossProfitRatio": 0.093823891, "researchAndDevelopmentExpenses": 0, "generalAndAdministrativeExpenses": 0, "sellingAndMarketingExpenses": 0, "sellingGeneralAndAdministrativeExpenses": 395000000, "otherExpenses": 27400000, "operatingExpenses": 422400000, "costAndExpenses": 5212900000, "interestIncome": 0, "interestExpense": 0, "depreciationAndAmortization": 27400000, "ebitda": 101000000, "ebitdaratio": 0.0191052681, "operatingIncome": 73600000, "operatingIncomeRatio": 0.0139222548, "totalOtherIncomeExpensesNet": 142300000, "incomeBeforeTax": 205600000, "incomeBeforeTaxRatio": 0.0388915161, "incomeTaxExpense": 80200000, "netIncome": 125400000, "netIncomeRatio": 0.0237207983, "eps": 0.42, "epsdiluted": 0.42, "weightedAverageShsOut": 217441860, "weightedAverageShsOutDil": 217441860, "link": "", "finalLink": "", "calculatedOtherExpenses": 27400000, "calculatedOperatingExpenses": 422400000, "calculatedNetInterest": 0, "calculatedOtherIncome": 132000000, "calculatedIncomeNonControlling": 0, "calculatedEbitda": 101000000}, {"date": "1989-08-31", "symbol": "COST", "reportedCurrency": "USD", "cik": "0000909832", "fillingDate": "1989-08-31", "acceptedDate": "1989-08-30 20:00:00", "calendarYear": "1989", "period": "FY", "revenue": 4901200000, "costOfRevenue": 4460100000, "grossProfit": 441100000, "grossProfitRatio": 0.0899983677, "researchAndDevelopmentExpenses": 0, "generalAndAdministrativeExpenses": 0, "sellingAndMarketingExpenses": 0, "sellingGeneralAndAdministrativeExpenses": 350500000, "otherExpenses": 19500000, "operatingExpenses": 370000000, "costAndExpenses": 4830100000, "interestIncome": 0, "interestExpense": 0, "depreciationAndAmortization": 19500000, "ebitda": 90600000, "ebitdaratio": 0.0184852689, "operatingIncome": 71100000, "operatingIncomeRatio": 0.0145066514, "totalOtherIncomeExpensesNet": 132300000, "incomeBeforeTax": 191800000, "incomeBeforeTaxRatio": 0.0391332735, "incomeTaxExpense": 74800000, "netIncome": 117000000, "netIncomeRatio": 0.0238717049, "eps": 0.36, "epsdiluted": 0.36, "weightedAverageShsOut": 212312000, "weightedAverageShsOutDil": 212312000, "link": "", "finalLink": "", "calculatedOtherExpenses": 19500000, "calculatedOperatingExpenses": 370000000, "calculatedNetInterest": 0, "calculatedOtherIncome": 120700000, "calculatedIncomeNonControlling": 0, "calculatedEbitda": 90600000}, {"date": "1988-08-31", "symbol": "COST", "reportedCurrency": "USD", "cik": "0000909832", "fillingDate": "1988-08-31", "acceptedDate": "1988-08-30 20:00:00", "calendarYear": "1988", "period": "FY", "revenue": 4053400000, "costOfRevenue": 3690300000, "grossProfit": 363100000, "grossProfitRatio": 0.0895791188, "researchAndDevelopmentExpenses": 0, "generalAndAdministrativeExpenses": 0, "sellingAndMarketingExpenses": 0, "sellingGeneralAndAdministrativeExpenses": 289700000, "otherExpenses": 15100000, "operatingExpenses": 304800000, "costAndExpenses": 3995100000, "interestIncome": 0, "interestExpense": 0, "depreciationAndAmortization": 15100000, "ebitda": 73400000, "ebitdaratio": 0.0181082548, "operatingIncome": 58300000, "operatingIncomeRatio": 0.0143829871, "totalOtherIncomeExpensesNet": 109000000, "incomeBeforeTax": 156700000, "incomeBeforeTaxRatio": 0.0386589036, "incomeTaxExpense": 61900000, "netIncome": 94800000, "netIncomeRatio": 0.0233877732, "eps": 0.46, "epsdiluted": 0.46, "weightedAverageShsOut": 206086957, "weightedAverageShsOutDil": 206086957, "link": "", "finalLink": "", "calculatedOtherExpenses": 15100000, "calculatedOperatingExpenses": 304800000, "calculatedNetInterest": 0, "calculatedOtherIncome": 98400000, "calculatedIncomeNonControlling": 0, "calculatedEbitda": 73400000}, {"date": "1987-08-31", "symbol": "COST", "reportedCurrency": "USD", "cik": "0000909832", "fillingDate": "1987-08-31", "acceptedDate": "1987-08-30 20:00:00", "calendarYear": "1987", "period": "FY", "revenue": 3305700000, "costOfRevenue": 2938600000, "grossProfit": 367100000, "grossProfitRatio": 0.1110506096, "researchAndDevelopmentExpenses": 0, "generalAndAdministrativeExpenses": 0, "sellingAndMarketingExpenses": 0, "sellingGeneralAndAdministrativeExpenses": 229600000, "otherExpenses": 10500000, "operatingExpenses": 240100000, "costAndExpenses": 3178700000, "interestIncome": 0, "interestExpense": 0, "depreciationAndAmortization": 10500000, "ebitda": 137500000, "ebitdaratio": 0.0415948211, "operatingIncome": 127000000, "operatingIncomeRatio": 0.0384184893, "totalOtherIncomeExpensesNet": 17200000, "incomeBeforeTax": 139600000, "incomeBeforeTaxRatio": 0.0422300874, "incomeTaxExpense": 66300000, "netIncome": 73300000, "netIncomeRatio": 0.022173821, "eps": 0.35, "epsdiluted": 0.35, "weightedAverageShsOut": 209428571, "weightedAverageShsOutDil": 209428571, "link": "", "finalLink": "", "calculatedOtherExpenses": 10500000, "calculatedOperatingExpenses": 240100000, "calculatedNetInterest": 0, "calculatedOtherIncome": 12600000, "calculatedIncomeNonControlling": 0, "calculatedEbitda": 137500000}, {"date": "1986-08-31", "symbol": "COST", "reportedCurrency": "USD", "cik": "0000909832", "fillingDate": "1986-08-31", "acceptedDate": "1986-08-30 20:00:00", "calendarYear": "1986", "period": "FY", "revenue": 2648600000, "costOfRevenue": 2354000000, "grossProfit": 294600000, "grossProfitRatio": 0.1112285736, "researchAndDevelopmentExpenses": 0, "generalAndAdministrativeExpenses": 0, "sellingAndMarketingExpenses": 0, "sellingGeneralAndAdministrativeExpenses": 182700000, "otherExpenses": 10100000, "operatingExpenses": 192800000, "costAndExpenses": 2546800000, "interestIncome": 0, "interestExpense": 0, "depreciationAndAmortization": 10100000, "ebitda": 111900000, "ebitdaratio": 0.0422487352, "operatingIncome": 101800000, "operatingIncomeRatio": 0.0384353998, "totalOtherIncomeExpensesNet": 18000000, "incomeBeforeTax": 116000000, "incomeBeforeTaxRatio": 0.0437967228, "incomeTaxExpense": 57100000, "netIncome": 58900000, "netIncomeRatio": 0.0222381636, "eps": 0.3, "epsdiluted": 0.3, "weightedAverageShsOut": 196333333, "weightedAverageShsOutDil": 196333333, "link": "", "finalLink": "", "calculatedOtherExpenses": 10100000, "calculatedOperatingExpenses": 192800000, "calculatedNetInterest": 0, "calculatedOtherIncome": 14200000, "calculatedIncomeNonControlling": 0, "calculatedEbitda": 111900000}, {"date": "1985-08-31", "symbol": "COST", "reportedCurrency": "USD", "cik": "0000909832", "fillingDate": "1985-08-31", "acceptedDate": "1985-08-30 20:00:00", "calendarYear": "1985", "period": "FY", "revenue": 1834000000, "costOfRevenue": 1784600000, "grossProfit": 49400000, "grossProfitRatio": 0.0269356598, "researchAndDevelopmentExpenses": 0, "generalAndAdministrativeExpenses": 0, "sellingAndMarketingExpenses": 0, "sellingGeneralAndAdministrativeExpenses": 0, "otherExpenses": 5700000, "operatingExpenses": 5700000, "costAndExpenses": 1790300000, "interestIncome": 0, "interestExpense": 0, "depreciationAndAmortization": 5700000, "ebitda": 49400000, "ebitdaratio": 0.0269356598, "operatingIncome": 43700000, "operatingIncomeRatio": 0.023827699, "totalOtherIncomeExpensesNet": 52600000, "incomeBeforeTax": 90700000, "incomeBeforeTaxRatio": 0.0494547437, "incomeTaxExpense": 44700000, "netIncome": 46000000, "netIncomeRatio": 0.0250817884, "eps": 0.24, "epsdiluted": 0.24, "weightedAverageShsOut": 191666667, "weightedAverageShsOutDil": 191666667, "link": "", "finalLink": "", "calculatedOtherExpenses": 5700000, "calculatedOperatingExpenses": 5700000, "calculatedNetInterest": 0, "calculatedOtherIncome": 47000000, "calculatedIncomeNonControlling": 0, "calculatedEbitda": 49400000}]}