{"originalCurrency": "USD", "convertedCurrency": "USD", "report": [{"date": "2023-06-30", "symbol": "COTY", "reportedCurrency": "USD", "cik": "0001024305", "fillingDate": "2023-08-22", "acceptedDate": "2023-08-22 16:01:53", "calendarYear": "2023", "period": "FY", "revenue": 5554100000, "costOfRevenue": 2006800000, "grossProfit": 3547300000, "grossProfitRatio": 0.6386813345, "researchAndDevelopmentExpenses": 105200000, "generalAndAdministrativeExpenses": 1338700000, "sellingAndMarketingExpenses": 1479600000, "sellingGeneralAndAdministrativeExpenses": 2818300000, "otherExpenses": 419000000, "operatingExpenses": 3010100000, "costAndExpenses": 5016900000, "interestIncome": 15400000, "interestExpense": 257900000, "depreciationAndAmortization": 426700000, "ebitda": 1382900000, "ebitdaratio": 0.2489872347, "operatingIncome": 543700000, "operatingIncomeRatio": 0.0978916476, "totalOtherIncomeExpensesNet": 425500000, "incomeBeforeTax": 704800000, "incomeBeforeTaxRatio": 0.1268972471, "incomeTaxExpense": 181600000, "netIncome": 508200000, "netIncomeRatio": 0.091499973, "eps": 0.58, "epsdiluted": 0.56, "weightedAverageShsOut": 849000000, "weightedAverageShsOutDil": 886500000, "link": "https://www.sec.gov/Archives/edgar/data/1024305/000102430523000060/0001024305-23-000060-index.htm", "finalLink": "https://www.sec.gov/Archives/edgar/data/1024305/000102430523000060/coty-20230630.htm", "calculatedOtherExpenses": 80100000, "calculatedOperatingExpenses": 3003600000, "calculatedNetInterest": -242500000, "calculatedOtherIncome": 403600000, "calculatedIncomeNonControlling": 15000000, "calculatedEbitda": 970400000}, {"date": "2022-06-30", "symbol": "COTY", "reportedCurrency": "USD", "cik": "0001024305", "fillingDate": "2022-08-25", "acceptedDate": "2022-08-25 16:02:20", "calendarYear": "2022", "period": "FY", "revenue": 5304400000, "costOfRevenue": 1935200000, "grossProfit": 3369200000, "grossProfitRatio": 0.6351708016, "researchAndDevelopmentExpenses": 97300000, "generalAndAdministrativeExpenses": 1416200000, "sellingAndMarketingExpenses": 1465100000, "sellingGeneralAndAdministrativeExpenses": 2881300000, "otherExpenses": 207400000, "operatingExpenses": 3088700000, "costAndExpenses": 5023900000, "interestIncome": 7200000, "interestExpense": 224000000, "depreciationAndAmortization": 516400000, "ebitda": 1206800000, "ebitdaratio": 0.2275092376, "operatingIncome": 690400000, "operatingIncomeRatio": 0.1301560968, "totalOtherIncomeExpensesNet": -263600000, "incomeBeforeTax": 426800000, "incomeBeforeTaxRatio": 0.0804615037, "incomeTaxExpense": 164800000, "netIncome": 259500000, "netIncomeRatio": 0.04892165, "eps": 0.32, "epsdiluted": 0.31, "weightedAverageShsOut": 820600000, "weightedAverageShsOutDil": 834100000, "link": "https://www.sec.gov/Archives/edgar/data/1024305/000102430522000053/0001024305-22-000053-index.htm", "finalLink": "https://www.sec.gov/Archives/edgar/data/1024305/000102430522000053/coty-20220630.htm", "calculatedOtherExpenses": -299800000, "calculatedOperatingExpenses": 2678800000, "calculatedNetInterest": -216800000, "calculatedOtherIncome": -46800000, "calculatedIncomeNonControlling": 2500000, "calculatedEbitda": 1206800000}, {"date": "2021-06-30", "symbol": "COTY", "reportedCurrency": "USD", "cik": "0001024305", "fillingDate": "2021-08-26", "acceptedDate": "2021-08-26 16:02:29", "calendarYear": "2021", "period": "FY", "revenue": 4629900000, "costOfRevenue": 1861700000, "grossProfit": 2768200000, "grossProfitRatio": 0.5978962829, "researchAndDevelopmentExpenses": 96500000, "generalAndAdministrativeExpenses": 1333800000, "sellingAndMarketingExpenses": 1029400000, "sellingGeneralAndAdministrativeExpenses": 2363200000, "otherExpenses": 251200000, "operatingExpenses": 2614400000, "costAndExpenses": 4476100000, "interestIncome": 3500000, "interestExpense": 235100000, "depreciationAndAmortization": 585300000, "ebitda": 783000000, "ebitdaratio": 0.1691181235, "operatingIncome": 197700000, "operatingIncomeRatio": 0.0427007063, "totalOtherIncomeExpensesNet": -437500000, "incomeBeforeTax": -239800000, "incomeBeforeTaxRatio": -0.0517937752, "incomeTaxExpense": -172000000, "netIncome": -67800000, "netIncomeRatio": -0.0146439448, "eps": -0.0887, "epsdiluted": -0.0887, "weightedAverageShsOut": 764800000, "weightedAverageShsOutDil": 764800000, "link": "https://www.sec.gov/Archives/edgar/data/1024305/000102430521000063/0001024305-21-000063-index.htm", "finalLink": "https://www.sec.gov/Archives/edgar/data/1024305/000102430521000063/coty-20210630.htm", "calculatedOtherExpenses": 110800000, "calculatedOperatingExpenses": 2570500000, "calculatedNetInterest": -231600000, "calculatedOtherIncome": -205900000, "calculatedIncomeNonControlling": 0, "calculatedEbitda": 783000000}, {"date": "2020-06-30", "symbol": "COTY", "reportedCurrency": "USD", "cik": "0001024305", "fillingDate": "2020-08-27", "acceptedDate": "2020-08-27 15:28:48", "calendarYear": "2020", "period": "FY", "revenue": 4717800000, "costOfRevenue": 1991200000, "grossProfit": 2726600000, "grossProfitRatio": 0.5779388698, "researchAndDevelopmentExpenses": 93400000, "generalAndAdministrativeExpenses": 1776300000, "sellingAndMarketingExpenses": 1343700000, "sellingGeneralAndAdministrativeExpenses": 3120000000, "otherExpenses": 233100000, "operatingExpenses": 3353100000, "costAndExpenses": 5344300000, "interestIncome": 5400000, "interestExpense": 242700000, "depreciationAndAmortization": 716500000, "ebitda": 101600000, "ebitdaratio": 0.0215354614, "operatingIncome": -614900000, "operatingIncomeRatio": -0.1303361736, "totalOtherIncomeExpensesNet": -852700000, "incomeBeforeTax": -1467600000, "incomeBeforeTaxRatio": -0.311077197, "incomeTaxExpense": -377700000, "netIncome": -1089900000, "netIncomeRatio": -0.2310186952, "eps": -1.44, "epsdiluted": -1.44, "weightedAverageShsOut": 759100000, "weightedAverageShsOutDil": 759100000, "link": "https://www.sec.gov/Archives/edgar/data/1024305/000102430520000084/0001024305-20-000084-index.htm", "finalLink": "https://www.sec.gov/Archives/edgar/data/1024305/000102430520000084/coty-20200630.htm", "calculatedOtherExpenses": 128100000, "calculatedOperatingExpenses": 3341500000, "calculatedNetInterest": -237300000, "calculatedOtherIncome": -615400000, "calculatedIncomeNonControlling": 0, "calculatedEbitda": 101600000}, {"date": "2019-06-30", "symbol": "COTY", "reportedCurrency": "USD", "cik": "0001024305", "fillingDate": "2019-08-28", "acceptedDate": "2019-08-28 16:30:50", "calendarYear": "2019", "period": "FY", "revenue": 8648500000, "costOfRevenue": 3306500000, "grossProfit": 5342000000, "grossProfitRatio": 0.6176793664, "researchAndDevelopmentExpenses": 98500000, "generalAndAdministrativeExpenses": 2968400000, "sellingAndMarketingExpenses": 1595500000, "sellingGeneralAndAdministrativeExpenses": 4563900000, "otherExpenses": 353500000, "operatingExpenses": 4917400000, "costAndExpenses": 8223900000, "interestIncome": 19200000, "interestExpense": 275700000, "depreciationAndAmortization": 736000000, "ebitda": 1129700000, "ebitdaratio": 0.1306238076, "operatingIncome": 393700000, "operatingIncomeRatio": 0.0455223449, "totalOtherIncomeExpensesNet": -4171800000, "incomeBeforeTax": -3778100000, "incomeBeforeTaxRatio": -0.4368503209, "incomeTaxExpense": -8500000, "netIncome": -3769600000, "netIncomeRatio": -0.4358674915, "eps": -5.02, "epsdiluted": -5.02, "weightedAverageShsOut": 751200000, "weightedAverageShsOutDil": 751200000, "link": "https://www.sec.gov/Archives/edgar/data/1024305/000102430519000097/0001024305-19-000097-index.htm", "finalLink": "https://www.sec.gov/Archives/edgar/data/1024305/000102430519000097/coty-063019x10k.htm", "calculatedOtherExpenses": 285900000, "calculatedOperatingExpenses": 4948300000, "calculatedNetInterest": -256500000, "calculatedOtherIncome": -3915300000, "calculatedIncomeNonControlling": 0, "calculatedEbitda": 1129700000}, {"date": "2018-06-30", "symbol": "COTY", "reportedCurrency": "USD", "cik": "0001024305", "fillingDate": "2018-08-21", "acceptedDate": "2018-08-21 16:03:10", "calendarYear": "2018", "period": "FY", "revenue": 9398000000, "costOfRevenue": 3608400000, "grossProfit": 5789600000, "grossProfitRatio": 0.6160459672, "researchAndDevelopmentExpenses": 174600000, "generalAndAdministrativeExpenses": 3173100000, "sellingAndMarketingExpenses": 1836500000, "sellingGeneralAndAdministrativeExpenses": 5009600000, "otherExpenses": -38000000, "operatingExpenses": 5362400000, "costAndExpenses": 8970800000, "interestIncome": 13600000, "interestExpense": 265000000, "depreciationAndAmortization": 737000000, "ebitda": 1126200000, "ebitdaratio": 0.1198340072, "operatingIncome": 161200000, "operatingIncomeRatio": 0.0171525857, "totalOtherIncomeExpensesNet": -314700000, "incomeBeforeTax": -152500000, "incomeBeforeTaxRatio": -0.0162268568, "incomeTaxExpense": -24700000, "netIncome": -168800000, "netIncomeRatio": -0.0179612684, "eps": -0.23, "epsdiluted": -0.23, "weightedAverageShsOut": 746851851, "weightedAverageShsOutDil": 749700000, "link": "https://www.sec.gov/Archives/edgar/data/1024305/000102430518000026/0001024305-18-000026-index.htm", "finalLink": "https://www.sec.gov/Archives/edgar/data/1024305/000102430518000026/coty-063018x10k.htm", "calculatedOtherExpenses": 444200000, "calculatedOperatingExpenses": 5628400000, "calculatedNetInterest": -251400000, "calculatedOtherIncome": -62300000, "calculatedIncomeNonControlling": 41000000, "calculatedEbitda": 898200000}, {"date": "2017-06-30", "symbol": "COTY", "reportedCurrency": "USD", "cik": "0001024305", "fillingDate": "2017-08-23", "acceptedDate": "2017-08-23 15:41:04", "calendarYear": "2017", "period": "FY", "revenue": 7650300000, "costOfRevenue": 3028500000, "grossProfit": 4621800000, "grossProfitRatio": 0.6041331712, "researchAndDevelopmentExpenses": 139200000, "generalAndAdministrativeExpenses": 2176700000, "sellingAndMarketingExpenses": 1883300000, "sellingGeneralAndAdministrativeExpenses": 4060000000, "otherExpenses": -1600000, "operatingExpenses": 4335100000, "costAndExpenses": 7363600000, "interestIncome": 4400000, "interestExpense": 218600000, "depreciationAndAmortization": 555100000, "ebitda": 840200000, "ebitdaratio": 0.1098257585, "operatingIncome": -437800000, "operatingIncomeRatio": -0.057226514, "totalOtherIncomeExpensesNet": -726100000, "incomeBeforeTax": -658000000, "incomeBeforeTaxRatio": -0.086009699, "incomeTaxExpense": -259500000, "netIncome": -422200000, "netIncomeRatio": -0.0551873783, "eps": -0.66, "epsdiluted": -0.66, "weightedAverageShsOut": 639696969, "weightedAverageShsOutDil": 642800000, "link": "https://www.sec.gov/Archives/edgar/data/1024305/000102430517000071/0001024305-17-000071-index.htm", "finalLink": "https://www.sec.gov/Archives/edgar/data/1024305/000102430517000071/coty-063017x10k.htm", "calculatedOtherExpenses": 860400000, "calculatedOperatingExpenses": 5059600000, "calculatedNetInterest": -214200000, "calculatedOtherIncome": -6000000, "calculatedIncomeNonControlling": 23700000, "calculatedEbitda": 117300000}, {"date": "2016-06-30", "symbol": "COTY", "reportedCurrency": "USD", "cik": "0001024305", "fillingDate": "2016-08-18", "acceptedDate": "2016-08-18 17:08:24", "calendarYear": "2016", "period": "FY", "revenue": 4349100000, "costOfRevenue": 1746000000, "grossProfit": 2603100000, "grossProfitRatio": 0.5985376285, "researchAndDevelopmentExpenses": 47700000, "generalAndAdministrativeExpenses": 1060200000, "sellingAndMarketingExpenses": 967600000, "sellingGeneralAndAdministrativeExpenses": 2027800000, "otherExpenses": -30400000, "operatingExpenses": 2107300000, "costAndExpenses": 3853300000, "interestIncome": 4100000, "interestExpense": 81900000, "depreciationAndAmortization": 232000000, "ebitda": 697400000, "ebitdaratio": 0.160355016, "operatingIncome": 254200000, "operatingIncomeRatio": 0.0584488745, "totalOtherIncomeExpensesNet": -275100000, "incomeBeforeTax": 138800000, "incomeBeforeTaxRatio": 0.031914649, "incomeTaxExpense": -40400000, "netIncome": 156900000, "netIncomeRatio": 0.0360764296, "eps": 0.45, "epsdiluted": 0.44, "weightedAverageShsOut": 345500000, "weightedAverageShsOutDil": 354200000, "link": "https://www.sec.gov/Archives/edgar/data/1024305/000102430516000181/0001024305-16-000181-index.htm", "finalLink": "https://www.sec.gov/Archives/edgar/data/1024305/000102430516000181/coty-063016x10k.htm", "calculatedOtherExpenses": 273400000, "calculatedOperatingExpenses": 2348900000, "calculatedNetInterest": -77800000, "calculatedOtherIncome": -37600000, "calculatedIncomeNonControlling": 22300000, "calculatedEbitda": 486200000}, {"date": "2015-06-30", "symbol": "COTY", "reportedCurrency": "USD", "cik": "0001024305", "fillingDate": "2015-08-17", "acceptedDate": "2015-08-17 17:06:48", "calendarYear": "2015", "period": "FY", "revenue": 4395200000, "costOfRevenue": 1757000000, "grossProfit": 2638200000, "grossProfitRatio": 0.6002457226, "researchAndDevelopmentExpenses": 47400000, "generalAndAdministrativeExpenses": 1058400000, "sellingAndMarketingExpenses": 1007700000, "sellingGeneralAndAdministrativeExpenses": 2066100000, "otherExpenses": 74700000, "operatingExpenses": 2140800000, "costAndExpenses": 3897800000, "interestIncome": 3400000, "interestExpense": 73000000, "depreciationAndAmortization": 230900000, "ebitda": 728300000, "ebitdaratio": 0.1657034947, "operatingIncome": 395100000, "operatingIncomeRatio": 0.0898935202, "totalOtherIncomeExpensesNet": -191100000, "incomeBeforeTax": 233300000, "incomeBeforeTaxRatio": 0.0530806334, "incomeTaxExpense": -26100000, "netIncome": 232500000, "netIncomeRatio": 0.0528986167, "eps": 0.66, "epsdiluted": 0.64, "weightedAverageShsOut": 353300000, "weightedAverageShsOutDil": 362900000, "link": "https://www.sec.gov/Archives/edgar/data/1024305/000102430515000058/0001024305-15-000058-index.htm", "finalLink": "https://www.sec.gov/Archives/edgar/data/1024305/000102430515000058/coty-063015x10k.htm", "calculatedOtherExpenses": 129600000, "calculatedOperatingExpenses": 2243100000, "calculatedNetInterest": -69600000, "calculatedOtherIncome": -92200000, "calculatedIncomeNonControlling": 26900000, "calculatedEbitda": 626000000}, {"date": "2014-06-30", "symbol": "COTY", "reportedCurrency": "USD", "cik": "0001024305", "fillingDate": "2014-08-28", "acceptedDate": "2014-08-28 17:09:21", "calendarYear": "2014", "period": "FY", "revenue": 4551600000, "costOfRevenue": 1865700000, "grossProfit": 2685900000, "grossProfitRatio": 0.5901001846, "researchAndDevelopmentExpenses": 46500000, "generalAndAdministrativeExpenses": 1150300000, "sellingAndMarketingExpenses": 1070000000, "sellingGeneralAndAdministrativeExpenses": 2220300000, "otherExpenses": -1300000, "operatingExpenses": 2306000000, "costAndExpenses": 4171700000, "interestIncome": 4100000, "interestExpense": 69800000, "depreciationAndAmortization": 250700000, "ebitda": 633400000, "ebitdaratio": 0.1391598559, "operatingIncome": 25700000, "operatingIncomeRatio": 0.0056463661, "totalOtherIncomeExpensesNet": -358300000, "incomeBeforeTax": -44100000, "incomeBeforeTaxRatio": -0.0096889006, "incomeTaxExpense": 20100000, "netIncome": -97400000, "netIncomeRatio": -0.0213990685, "eps": -0.26, "epsdiluted": -0.26, "weightedAverageShsOut": 374615384, "weightedAverageShsOutDil": 381700000, "link": "https://www.sec.gov/Archives/edgar/data/1024305/000102430514000029/0001024305-14-000029-index.htm", "finalLink": "https://www.sec.gov/Archives/edgar/data/1024305/000102430514000029/coty-063014x10k.htm", "calculatedOtherExpenses": 393400000, "calculatedOperatingExpenses": 2660200000, "calculatedNetInterest": -65700000, "calculatedOtherIncome": -4100000, "calculatedIncomeNonControlling": 33200000, "calculatedEbitda": 276400000}, {"date": "2013-06-30", "symbol": "COTY", "reportedCurrency": "USD", "cik": "0001024305", "fillingDate": "2013-09-17", "acceptedDate": "2013-09-17 11:08:50", "calendarYear": "2013", "period": "FY", "revenue": 4649100000, "costOfRevenue": 1860300000, "grossProfit": 2788800000, "grossProfitRatio": 0.599858037, "researchAndDevelopmentExpenses": 44600000, "generalAndAdministrativeExpenses": 1211400000, "sellingAndMarketingExpenses": 1072300000, "sellingGeneralAndAdministrativeExpenses": 2283700000, "otherExpenses": 800000, "operatingExpenses": 2373900000, "costAndExpenses": 4234200000, "interestIncome": 3900000, "interestExpense": 77200000, "depreciationAndAmortization": 259600000, "ebitda": 676000000, "ebitdaratio": 0.1454044869, "operatingIncome": 394400000, "operatingIncomeRatio": 0.0848336237, "totalOtherIncomeExpensesNet": -19700000, "incomeBeforeTax": 318700000, "incomeBeforeTaxRatio": 0.0685509023, "incomeTaxExpense": 116800000, "netIncome": 168000000, "netIncomeRatio": 0.0361360263, "eps": 0.44, "epsdiluted": 0.42, "weightedAverageShsOut": 381700000, "weightedAverageShsOutDil": 396400000, "link": "https://www.sec.gov/Archives/edgar/data/1024305/000093041313004596/0000930413-13-004596-index.htm", "finalLink": "https://www.sec.gov/Archives/edgar/data/1024305/000093041313004596/c74967_10k.htm", "calculatedOtherExpenses": 66100000, "calculatedOperatingExpenses": 2394400000, "calculatedNetInterest": -73300000, "calculatedOtherIncome": -2400000, "calculatedIncomeNonControlling": 33900000, "calculatedEbitda": 654000000}, {"date": "2012-06-30", "symbol": "COTY", "reportedCurrency": "USD", "cik": "0001024305", "fillingDate": "2012-06-30", "acceptedDate": "2012-06-29 20:00:00", "calendarYear": "2012", "period": "FY", "revenue": 4611300000, "costOfRevenue": 1824000000, "grossProfit": 2787300000, "grossProfitRatio": 0.6044499382, "researchAndDevelopmentExpenses": 0, "generalAndAdministrativeExpenses": 0, "sellingAndMarketingExpenses": 0, "sellingGeneralAndAdministrativeExpenses": 2299400000, "otherExpenses": 3500000, "operatingExpenses": 2399500000, "costAndExpenses": 4223500000, "interestIncome": 6400000, "interestExpense": 85500000, "depreciationAndAmortization": 246000000, "ebitda": 642300000, "ebitdaratio": 0.1392882701, "operatingIncome": -209500000, "operatingIncomeRatio": -0.0454318739, "totalOtherIncomeExpensesNet": -638400000, "incomeBeforeTax": -331100000, "incomeBeforeTaxRatio": -0.071801878, "incomeTaxExpense": -37800000, "netIncome": -324400000, "netIncomeRatio": -0.0703489255, "eps": -0.85, "epsdiluted": -0.85, "weightedAverageShsOut": 382830520, "weightedAverageShsOutDil": 382830520, "link": "", "finalLink": "", "calculatedOtherExpenses": 697400000, "calculatedOperatingExpenses": 2996800000, "calculatedNetInterest": -79100000, "calculatedOtherIncome": -42500000, "calculatedIncomeNonControlling": 31100000, "calculatedEbitda": 36500000}, {"date": "2011-06-30", "symbol": "COTY", "reportedCurrency": "USD", "cik": "0001024305", "fillingDate": "2011-06-30", "acceptedDate": "2011-06-29 20:00:00", "calendarYear": "2011", "period": "FY", "revenue": 4086100000, "costOfRevenue": 1640000000, "grossProfit": 2446100000, "grossProfitRatio": 0.5986392893, "researchAndDevelopmentExpenses": 0, "generalAndAdministrativeExpenses": 0, "sellingAndMarketingExpenses": 0, "sellingGeneralAndAdministrativeExpenses": 2034200000, "otherExpenses": 79600000, "operatingExpenses": 2113800000, "costAndExpenses": 3753800000, "interestIncome": 3300000, "interestExpense": 77800000, "depreciationAndAmortization": 213400000, "ebitda": 549000000, "ebitdaratio": 0.1343579452, "operatingIncome": 280900000, "operatingIncomeRatio": 0.0687452583, "totalOtherIncomeExpensesNet": -72800000, "incomeBeforeTax": 185000000, "incomeBeforeTaxRatio": 0.045275446, "incomeTaxExpense": 95100000, "netIncome": 61700000, "netIncomeRatio": 0.0150999731, "eps": 0.16, "epsdiluted": 0.16, "weightedAverageShsOut": 382830520, "weightedAverageShsOutDil": 382830520, "link": "", "finalLink": "", "calculatedOtherExpenses": 131000000, "calculatedOperatingExpenses": 2165200000, "calculatedNetInterest": -74500000, "calculatedOtherIncome": -21400000, "calculatedIncomeNonControlling": 28200000, "calculatedEbitda": 494300000}, {"date": "2010-06-30", "symbol": "COTY", "reportedCurrency": "USD", "cik": "0001024305", "fillingDate": "2010-06-30", "acceptedDate": "2010-06-29 20:00:00", "calendarYear": "2010", "period": "FY", "revenue": 3482900000, "costOfRevenue": 1473200000, "grossProfit": 2009700000, "grossProfitRatio": 0.5770191507, "researchAndDevelopmentExpenses": 0, "generalAndAdministrativeExpenses": 0, "sellingAndMarketingExpenses": 0, "sellingGeneralAndAdministrativeExpenses": 1723000000, "otherExpenses": 700000, "operatingExpenses": 1784100000, "costAndExpenses": 3257300000, "interestIncome": 1000000, "interestExpense": 52100000, "depreciationAndAmortization": 199200000, "ebitda": 426500000, "ebitdaratio": 0.1224554251, "operatingIncome": 184500000, "operatingIncomeRatio": 0.0529730971, "totalOtherIncomeExpensesNet": -54800000, "incomeBeforeTax": 119700000, "incomeBeforeTaxRatio": 0.0343679118, "incomeTaxExpense": 32400000, "netIncome": 61700000, "netIncomeRatio": 0.0177151225, "eps": 0.16, "epsdiluted": 0.16, "weightedAverageShsOut": 382830520, "weightedAverageShsOutDil": 382830520, "link": "", "finalLink": "", "calculatedOtherExpenses": 102200000, "calculatedOperatingExpenses": 1825200000, "calculatedNetInterest": -51100000, "calculatedOtherIncome": -13700000, "calculatedIncomeNonControlling": 25600000, "calculatedEbitda": 383700000}]}