{"originalCurrency": "CAD", "convertedCurrency": "CAD", "report": [{"date": "2023-12-31", "symbol": "CP", "reportedCurrency": "CAD", "cik": "0000016875", "fillingDate": "2024-02-27", "acceptedDate": "2024-02-27 11:57:49", "calendarYear": "2023", "period": "FY", "revenue": 12555000000, "costOfRevenue": 6179000000, "grossProfit": 6376000000, "grossProfitRatio": 0.5078454799, "researchAndDevelopmentExpenses": 0, "generalAndAdministrativeExpenses": 0, "sellingAndMarketingExpenses": 0, "sellingGeneralAndAdministrativeExpenses": 0, "otherExpenses": 308000000, "operatingExpenses": 1991000000, "costAndExpenses": 8170000000, "interestIncome": 0, "interestExpense": 771000000, "depreciationAndAmortization": 1543000000, "ebitda": 6466000000, "ebitdaratio": 0.5150139387, "operatingIncome": 4388000000, "operatingIncomeRatio": 0.3495021904, "totalOtherIncomeExpensesNet": -6667000000, "incomeBeforeTax": -3053000000, "incomeBeforeTaxRatio": -0.2431700518, "incomeTaxExpense": -6976000000, "netIncome": 3927000000, "netIncomeRatio": 0.3127837515, "eps": 4.22, "epsdiluted": 4.21, "weightedAverageShsOut": 931300000, "weightedAverageShsOutDil": 933700000, "link": "https://www.sec.gov/Archives/edgar/data/16875/000001687524000009/0000016875-24-000009-index.htm", "finalLink": "https://www.sec.gov/Archives/edgar/data/16875/000001687524000009/cp-20231231.htm", "calculatedOtherExpenses": 1988000000, "calculatedOperatingExpenses": 1988000000, "calculatedNetInterest": -771000000, "calculatedOtherIncome": -6670000000, "calculatedIncomeNonControlling": -4000000, "calculatedEbitda": 5931000000}, {"date": "2022-12-31", "symbol": "CP", "reportedCurrency": "CAD", "cik": "0000016875", "fillingDate": "2023-02-24", "acceptedDate": "2023-02-24 12:16:00", "calendarYear": "2022", "period": "FY", "revenue": 8814000000, "costOfRevenue": 4223000000, "grossProfit": 4591000000, "grossProfitRatio": 0.5208758793, "researchAndDevelopmentExpenses": 0, "generalAndAdministrativeExpenses": 0, "sellingAndMarketingExpenses": 0, "sellingGeneralAndAdministrativeExpenses": 0, "otherExpenses": 1262000000, "operatingExpenses": 1262000000, "costAndExpenses": 5485000000, "interestIncome": 652000000, "interestExpense": 652000000, "depreciationAndAmortization": 853000000, "ebitda": 5650000000, "ebitdaratio": 0.641025641, "operatingIncome": 4797000000, "operatingIncomeRatio": 0.5442477876, "totalOtherIncomeExpensesNet": -652000000, "incomeBeforeTax": 4145000000, "incomeBeforeTaxRatio": 0.4702745632, "incomeTaxExpense": 628000000, "netIncome": 3517000000, "netIncomeRatio": 0.3990242796, "eps": 3.78, "epsdiluted": 3.77, "weightedAverageShsOut": 930000000, "weightedAverageShsOutDil": 932900000, "link": "https://www.sec.gov/Archives/edgar/data/16875/000001687523000008/0000016875-23-000008-index.htm", "finalLink": "https://www.sec.gov/Archives/edgar/data/16875/000001687523000008/cp-20221231.htm", "calculatedOtherExpenses": -206000000, "calculatedOperatingExpenses": -206000000, "calculatedNetInterest": 0, "calculatedOtherIncome": -652000000, "calculatedIncomeNonControlling": 0, "calculatedEbitda": 5650000000}, {"date": "2021-12-31", "symbol": "CP", "reportedCurrency": "CAD", "cik": "0000016875", "fillingDate": "2022-02-23", "acceptedDate": "2022-02-23 12:44:09", "calendarYear": "2021", "period": "FY", "revenue": 7995000000, "costOfRevenue": 3571000000, "grossProfit": 4424000000, "grossProfitRatio": 0.5533458412, "researchAndDevelopmentExpenses": 0, "generalAndAdministrativeExpenses": 1218000000, "sellingAndMarketingExpenses": 0, "sellingGeneralAndAdministrativeExpenses": 1218000000, "otherExpenses": 386000000, "operatingExpenses": 1218000000, "costAndExpenses": 4789000000, "interestIncome": 6000000, "interestExpense": 440000000, "depreciationAndAmortization": 1056000000, "ebitda": 4262000000, "ebitdaratio": 0.533083177, "operatingIncome": 3206000000, "operatingIncomeRatio": 0.4010006254, "totalOtherIncomeExpensesNet": 414000000, "incomeBeforeTax": 3620000000, "incomeBeforeTaxRatio": 0.4527829894, "incomeTaxExpense": 768000000, "netIncome": 2852000000, "netIncomeRatio": 0.3567229518, "eps": 4.2, "epsdiluted": 4.18, "weightedAverageShsOut": 679700000, "weightedAverageShsOutDil": 682800000, "link": "https://www.sec.gov/Archives/edgar/data/16875/000001687522000010/0000016875-22-000010-index.htm", "finalLink": "https://www.sec.gov/Archives/edgar/data/16875/000001687522000010/cp-20211231.htm", "calculatedOtherExpenses": 0, "calculatedOperatingExpenses": 1218000000, "calculatedNetInterest": -434000000, "calculatedOtherIncome": 848000000, "calculatedIncomeNonControlling": 0, "calculatedEbitda": 4262000000}, {"date": "2020-12-31", "symbol": "CP", "reportedCurrency": "CAD", "cik": "0000016875", "fillingDate": "2021-02-18", "acceptedDate": "2021-02-18 12:22:12", "calendarYear": "2020", "period": "FY", "revenue": 7710000000, "costOfRevenue": 3349000000, "grossProfit": 4361000000, "grossProfitRatio": 0.5656290532, "researchAndDevelopmentExpenses": 0, "generalAndAdministrativeExpenses": 1050000000, "sellingAndMarketingExpenses": 209000000, "sellingGeneralAndAdministrativeExpenses": 1050000000, "otherExpenses": 334000000, "operatingExpenses": 1050000000, "costAndExpenses": 4399000000, "interestIncome": 4000000, "interestExpense": 458000000, "depreciationAndAmortization": 1113000000, "ebitda": 4424000000, "ebitdaratio": 0.5738002594, "operatingIncome": 3311000000, "operatingIncomeRatio": 0.4294422827, "totalOtherIncomeExpensesNet": -109000000, "incomeBeforeTax": 3202000000, "incomeBeforeTaxRatio": 0.415304799, "incomeTaxExpense": 758000000, "netIncome": 2444000000, "netIncomeRatio": 0.3169909209, "eps": 3.61, "epsdiluted": 3.59, "weightedAverageShsOut": 677500000, "weightedAverageShsOutDil": 680000000, "link": "https://www.sec.gov/Archives/edgar/data/16875/000001687521000008/0000016875-21-000008-index.htm", "finalLink": "https://www.sec.gov/Archives/edgar/data/16875/000001687521000008/cp-20201231.htm", "calculatedOtherExpenses": 0, "calculatedOperatingExpenses": 1050000000, "calculatedNetInterest": -454000000, "calculatedOtherIncome": 345000000, "calculatedIncomeNonControlling": 0, "calculatedEbitda": 4424000000}, {"date": "2019-12-31", "symbol": "CP", "reportedCurrency": "CAD", "cik": "0000016875", "fillingDate": "2020-02-20", "acceptedDate": "2020-02-20 12:33:09", "calendarYear": "2019", "period": "FY", "revenue": 7792000000, "costOfRevenue": 3475000000, "grossProfit": 4317000000, "grossProfitRatio": 0.5540297741, "researchAndDevelopmentExpenses": 44000000, "generalAndAdministrativeExpenses": 1193000000, "sellingAndMarketingExpenses": 222000000, "sellingGeneralAndAdministrativeExpenses": 1193000000, "otherExpenses": 372000000, "operatingExpenses": 1193000000, "costAndExpenses": 4668000000, "interestIncome": 6000000, "interestExpense": 448000000, "depreciationAndAmortization": 1078000000, "ebitda": 4202000000, "ebitdaratio": 0.5392710472, "operatingIncome": 3124000000, "operatingIncomeRatio": 0.4009240246, "totalOtherIncomeExpensesNet": 22000000, "incomeBeforeTax": 3146000000, "incomeBeforeTaxRatio": 0.4037474333, "incomeTaxExpense": 706000000, "netIncome": 2440000000, "netIncomeRatio": 0.3131416838, "eps": 3.52, "epsdiluted": 3.5, "weightedAverageShsOut": 694000000, "weightedAverageShsOutDil": 696500000, "link": "https://www.sec.gov/Archives/edgar/data/16875/000001687520000007/0000016875-20-000007-index.htm", "finalLink": "https://www.sec.gov/Archives/edgar/data/16875/000001687520000007/cpr2019-annualreportx1.htm", "calculatedOtherExpenses": -44000000, "calculatedOperatingExpenses": 1193000000, "calculatedNetInterest": -442000000, "calculatedOtherIncome": 464000000, "calculatedIncomeNonControlling": 0, "calculatedEbitda": 4202000000}, {"date": "2018-12-31", "symbol": "CP", "reportedCurrency": "CAD", "cik": "0000016875", "fillingDate": "2019-02-15", "acceptedDate": "2019-02-15 15:04:45", "calendarYear": "2018", "period": "FY", "revenue": 7316000000, "costOfRevenue": 3413000000, "grossProfit": 3903000000, "grossProfitRatio": 0.5334882449, "researchAndDevelopmentExpenses": 49000000, "generalAndAdministrativeExpenses": 1072000000, "sellingAndMarketingExpenses": 221000000, "sellingGeneralAndAdministrativeExpenses": 1072000000, "otherExpenses": 381000000, "operatingExpenses": 1072000000, "costAndExpenses": 4485000000, "interestIncome": 2000000, "interestExpense": 453000000, "depreciationAndAmortization": 696000000, "ebitda": 3908000000, "ebitdaratio": 0.5341716785, "operatingIncome": 2831000000, "operatingIncomeRatio": 0.3869600875, "totalOtherIncomeExpensesNet": 210000000, "incomeBeforeTax": 2588000000, "incomeBeforeTaxRatio": 0.353745216, "incomeTaxExpense": 637000000, "netIncome": 1951000000, "netIncomeRatio": 0.2666757791, "eps": 2.73, "epsdiluted": 2.72, "weightedAverageShsOut": 714500000, "weightedAverageShsOutDil": 716500000, "link": "https://www.sec.gov/Archives/edgar/data/16875/000001687519000017/0000016875-19-000017-index.htm", "finalLink": "https://www.sec.gov/Archives/edgar/data/16875/000001687519000017/cpr2018-annualreportx1.htm", "calculatedOtherExpenses": -49000000, "calculatedOperatingExpenses": 1072000000, "calculatedNetInterest": -451000000, "calculatedOtherIncome": 208000000, "calculatedIncomeNonControlling": 0, "calculatedEbitda": 3527000000}, {"date": "2017-12-31", "symbol": "CP", "reportedCurrency": "CAD", "cik": "0000016875", "fillingDate": "2018-02-16", "acceptedDate": "2018-02-16 12:08:27", "calendarYear": "2017", "period": "FY", "revenue": 6554000000, "costOfRevenue": 2979000000, "grossProfit": 3575000000, "grossProfitRatio": 0.5454684162, "researchAndDevelopmentExpenses": 55000000, "generalAndAdministrativeExpenses": 1056000000, "sellingAndMarketingExpenses": 197000000, "sellingGeneralAndAdministrativeExpenses": 1056000000, "otherExpenses": 452000000, "operatingExpenses": 1056000000, "costAndExpenses": 4035000000, "interestIncome": 2000000, "interestExpense": 473000000, "depreciationAndAmortization": 661000000, "ebitda": 3632000000, "ebitdaratio": 0.5541653952, "operatingIncome": 2519000000, "operatingIncomeRatio": 0.3843454379, "totalOtherIncomeExpensesNet": 452000000, "incomeBeforeTax": 2498000000, "incomeBeforeTaxRatio": 0.3811412878, "incomeTaxExpense": 93000000, "netIncome": 2405000000, "netIncomeRatio": 0.36695148, "eps": 3.3, "epsdiluted": 3.29, "weightedAverageShsOut": 729500000, "weightedAverageShsOutDil": 731500000, "link": "https://www.sec.gov/Archives/edgar/data/16875/000001687518000029/0000016875-18-000029-index.htm", "finalLink": "https://www.sec.gov/Archives/edgar/data/16875/000001687518000029/cpr2017-annualreportx1.htm", "calculatedOtherExpenses": -55000000, "calculatedOperatingExpenses": 1056000000, "calculatedNetInterest": -471000000, "calculatedOtherIncome": 450000000, "calculatedIncomeNonControlling": 0, "calculatedEbitda": 3180000000}, {"date": "2016-12-31", "symbol": "CP", "reportedCurrency": "CAD", "cik": "0000016875", "fillingDate": "2017-02-16", "acceptedDate": "2017-02-16 16:35:21", "calendarYear": "2016", "period": "FY", "revenue": 6232000000, "costOfRevenue": 2749000000, "grossProfit": 3483000000, "grossProfitRatio": 0.5588896021, "researchAndDevelopmentExpenses": 63000000, "generalAndAdministrativeExpenses": 905000000, "sellingAndMarketingExpenses": 180000000, "sellingGeneralAndAdministrativeExpenses": 905000000, "otherExpenses": -14000000, "operatingExpenses": 905000000, "costAndExpenses": 3654000000, "interestIncome": 1000000, "interestExpense": 471000000, "depreciationAndAmortization": 640000000, "ebitda": 3204000000, "ebitdaratio": 0.5141206675, "operatingIncome": 2578000000, "operatingIncomeRatio": 0.4136713736, "totalOtherIncomeExpensesNet": 45000000, "incomeBeforeTax": 2152000000, "incomeBeforeTaxRatio": 0.3453145058, "incomeTaxExpense": 553000000, "netIncome": 1599000000, "netIncomeRatio": 0.2565789474, "eps": 2.14, "epsdiluted": 2.13, "weightedAverageShsOut": 748000000, "weightedAverageShsOutDil": 752500000, "link": "https://www.sec.gov/Archives/edgar/data/16875/000001687517000015/0000016875-17-000015-index.htm", "finalLink": "https://www.sec.gov/Archives/edgar/data/16875/000001687517000015/cpr2016-annualreportx10k.htm", "calculatedOtherExpenses": -63000000, "calculatedOperatingExpenses": 905000000, "calculatedNetInterest": -470000000, "calculatedOtherIncome": 44000000, "calculatedIncomeNonControlling": 0, "calculatedEbitda": 3218000000}, {"date": "2015-12-31", "symbol": "CP", "reportedCurrency": "CAD", "cik": "0000016875", "fillingDate": "2016-02-29", "acceptedDate": "2016-02-29 12:11:07", "calendarYear": "2015", "period": "FY", "revenue": 6712000000, "costOfRevenue": 3032000000, "grossProfit": 3680000000, "grossProfitRatio": 0.5482717521, "researchAndDevelopmentExpenses": 69000000, "generalAndAdministrativeExpenses": 1060000000, "sellingAndMarketingExpenses": 184000000, "sellingGeneralAndAdministrativeExpenses": 1060000000, "otherExpenses": -15000000, "operatingExpenses": 1060000000, "costAndExpenses": 4092000000, "interestIncome": 1000000, "interestExpense": 394000000, "depreciationAndAmortization": 595000000, "ebitda": 3200000000, "ebitdaratio": 0.4767580453, "operatingIncome": 2688000000, "operatingIncomeRatio": 0.400476758, "totalOtherIncomeExpensesNet": -267000000, "incomeBeforeTax": 1959000000, "incomeBeforeTaxRatio": 0.2918653159, "incomeTaxExpense": 607000000, "netIncome": 1352000000, "netIncomeRatio": 0.2014302741, "eps": 1.69, "epsdiluted": 1.68, "weightedAverageShsOut": 798500000, "weightedAverageShsOutDil": 805000000, "link": "https://www.sec.gov/Archives/edgar/data/16875/000162828016011920/0001628280-16-011920-index.htm", "finalLink": "https://www.sec.gov/Archives/edgar/data/16875/000162828016011920/cpr2015-annualreportx10k.htm", "calculatedOtherExpenses": -137000000, "calculatedOperatingExpenses": 992000000, "calculatedNetInterest": -393000000, "calculatedOtherIncome": -336000000, "calculatedIncomeNonControlling": 0, "calculatedEbitda": 3283000000}, {"date": "2014-12-31", "symbol": "CP", "reportedCurrency": "CAD", "cik": "0000016875", "fillingDate": "2014-12-31", "acceptedDate": "2014-12-30 19:00:00", "calendarYear": "2014", "period": "FY", "revenue": 6620000000, "costOfRevenue": 3300000000, "grossProfit": 3320000000, "grossProfitRatio": 0.501510574, "researchAndDevelopmentExpenses": 70000000, "generalAndAdministrativeExpenses": 985000000, "sellingAndMarketingExpenses": 167000000, "sellingGeneralAndAdministrativeExpenses": 985000000, "otherExpenses": -19000000, "operatingExpenses": 985000000, "costAndExpenses": 4285000000, "interestIncome": 4000000, "interestExpense": 282000000, "depreciationAndAmortization": 552000000, "ebitda": 2868000000, "ebitdaratio": 0.4332326284, "operatingIncome": 2339000000, "operatingIncomeRatio": 0.3533232628, "totalOtherIncomeExpensesNet": -15000000, "incomeBeforeTax": 2038000000, "incomeBeforeTaxRatio": 0.3078549849, "incomeTaxExpense": 562000000, "netIncome": 1476000000, "netIncomeRatio": 0.2229607251, "eps": 1.71, "epsdiluted": 1.69, "weightedAverageShsOut": 864000000, "weightedAverageShsOutDil": 872000000, "link": "", "finalLink": "", "calculatedOtherExpenses": -74000000, "calculatedOperatingExpenses": 981000000, "calculatedNetInterest": -278000000, "calculatedOtherIncome": -23000000, "calculatedIncomeNonControlling": 0, "calculatedEbitda": 2891000000}, {"date": "2013-12-31", "symbol": "CP", "reportedCurrency": "CAD", "cik": "0000016875", "fillingDate": "2013-12-31", "acceptedDate": "2013-12-30 19:00:00", "calendarYear": "2013", "period": "FY", "revenue": 6133000000, "costOfRevenue": 3409000000, "grossProfit": 2724000000, "grossProfitRatio": 0.4441545736, "researchAndDevelopmentExpenses": 84000000, "generalAndAdministrativeExpenses": 876000000, "sellingAndMarketingExpenses": 159000000, "sellingGeneralAndAdministrativeExpenses": 876000000, "otherExpenses": -17000000, "operatingExpenses": 876000000, "costAndExpenses": 4285000000, "interestIncome": 5000000, "interestExpense": 278000000, "depreciationAndAmortization": 565000000, "ebitda": 2396000000, "ebitdaratio": 0.3906734062, "operatingIncome": 1420000000, "operatingIncomeRatio": 0.2315343225, "totalOtherIncomeExpensesNet": -445000000, "incomeBeforeTax": 1125000000, "incomeBeforeTaxRatio": 0.1834338823, "incomeTaxExpense": 250000000, "netIncome": 875000000, "netIncomeRatio": 0.1426707973, "eps": 1, "epsdiluted": 0.99, "weightedAverageShsOut": 874500000, "weightedAverageShsOutDil": 882500000, "link": "", "finalLink": "", "calculatedOtherExpenses": 344000000, "calculatedOperatingExpenses": 1304000000, "calculatedNetInterest": -273000000, "calculatedOtherIncome": -22000000, "calculatedIncomeNonControlling": 0, "calculatedEbitda": 1985000000}, {"date": "2012-12-31", "symbol": "CP", "reportedCurrency": "CAD", "cik": "0000016875", "fillingDate": "2012-12-31", "acceptedDate": "2012-12-30 19:00:00", "calendarYear": "2012", "period": "FY", "revenue": 5695000000, "costOfRevenue": 3488000000, "grossProfit": 2207000000, "grossProfitRatio": 0.3875329236, "researchAndDevelopmentExpenses": 78000000, "generalAndAdministrativeExpenses": 639000000, "sellingAndMarketingExpenses": 153000000, "sellingGeneralAndAdministrativeExpenses": 639000000, "otherExpenses": -16000000, "operatingExpenses": 910000000, "costAndExpenses": 4398000000, "interestIncome": 3000000, "interestExpense": 279000000, "depreciationAndAmortization": 539000000, "ebitda": 1826000000, "ebitdaratio": 0.3206321335, "operatingIncome": 949000000, "operatingIncomeRatio": 0.1666374012, "totalOtherIncomeExpensesNet": -388000000, "incomeBeforeTax": 636000000, "incomeBeforeTaxRatio": 0.1116769096, "incomeTaxExpense": 152000000, "netIncome": 484000000, "netIncomeRatio": 0.0849868306, "eps": 0.56, "epsdiluted": 0.56, "weightedAverageShsOut": 859000000, "weightedAverageShsOutDil": 866000000, "link": "", "finalLink": "", "calculatedOtherExpenses": 541000000, "calculatedOperatingExpenses": 1258000000, "calculatedNetInterest": -276000000, "calculatedOtherIncome": -37000000, "calculatedIncomeNonControlling": 0, "calculatedEbitda": 1488000000}, {"date": "2011-12-31", "symbol": "CP", "reportedCurrency": "CAD", "cik": "0000016875", "fillingDate": "2011-12-31", "acceptedDate": "2011-12-30 19:00:00", "calendarYear": "2011", "period": "FY", "revenue": 5177000000, "costOfRevenue": 2294000000, "grossProfit": 2883000000, "grossProfitRatio": 0.5568862275, "researchAndDevelopmentExpenses": 0, "generalAndAdministrativeExpenses": 1426000000, "sellingAndMarketingExpenses": 0, "sellingGeneralAndAdministrativeExpenses": 1426000000, "otherExpenses": 490000000, "operatingExpenses": 1916000000, "costAndExpenses": 4210000000, "interestIncome": 3000000, "interestExpense": 252000000, "depreciationAndAmortization": 490000000, "ebitda": 1457000000, "ebitdaratio": 0.2814371257, "operatingIncome": 967000000, "operatingIncomeRatio": 0.1867877149, "totalOtherIncomeExpensesNet": -18000000, "incomeBeforeTax": 697000000, "incomeBeforeTaxRatio": 0.1346339579, "incomeTaxExpense": 127000000, "netIncome": 570000000, "netIncomeRatio": 0.1101023759, "eps": 0.67, "epsdiluted": 0.67, "weightedAverageShsOut": 847500000, "weightedAverageShsOutDil": 853000000, "link": "", "finalLink": "", "calculatedOtherExpenses": 490000000, "calculatedOperatingExpenses": 1916000000, "calculatedNetInterest": -249000000, "calculatedOtherIncome": -21000000, "calculatedIncomeNonControlling": 0, "calculatedEbitda": 1457000000}, {"date": "2010-12-31", "symbol": "CP", "reportedCurrency": "CAD", "cik": "0000016875", "fillingDate": "2010-12-31", "acceptedDate": "2010-12-30 19:00:00", "calendarYear": "2010", "period": "FY", "revenue": 4981500000, "costOfRevenue": 1944800000, "grossProfit": 3036700000, "grossProfitRatio": 0.6095955034, "researchAndDevelopmentExpenses": 0, "generalAndAdministrativeExpenses": 1431000000, "sellingAndMarketingExpenses": 0, "sellingGeneralAndAdministrativeExpenses": 1431000000, "otherExpenses": 489600000, "operatingExpenses": 1920600000, "costAndExpenses": 3865400000, "interestIncome": 10800000, "interestExpense": 257300000, "depreciationAndAmortization": 489600000, "ebitda": 1605700000, "ebitdaratio": 0.3223326307, "operatingIncome": 1116100000, "operatingIncomeRatio": 0.2240489812, "totalOtherIncomeExpensesNet": 12000000, "incomeBeforeTax": 870800000, "incomeBeforeTaxRatio": 0.1748067851, "incomeTaxExpense": 220100000, "netIncome": 650700000, "netIncomeRatio": 0.1306233062, "eps": 0.77, "epsdiluted": 0.77, "weightedAverageShsOut": 844000000, "weightedAverageShsOutDil": 846000000, "link": "", "finalLink": "", "calculatedOtherExpenses": 489600000, "calculatedOperatingExpenses": 1920600000, "calculatedNetInterest": -246500000, "calculatedOtherIncome": 1200000, "calculatedIncomeNonControlling": 0, "calculatedEbitda": 1605700000}, {"date": "2009-12-31", "symbol": "CP", "reportedCurrency": "CAD", "cik": "0000016875", "fillingDate": "2009-12-31", "acceptedDate": "2009-12-30 19:00:00", "calendarYear": "2009", "period": "FY", "revenue": 4402200000, "costOfRevenue": 1789100000, "grossProfit": 2613100000, "grossProfitRatio": 0.5935895689, "researchAndDevelopmentExpenses": 0, "generalAndAdministrativeExpenses": 1303800000, "sellingAndMarketingExpenses": 0, "sellingGeneralAndAdministrativeExpenses": 1303800000, "otherExpenses": 488900000, "operatingExpenses": 1776400000, "costAndExpenses": 3565500000, "interestIncome": 18300000, "interestExpense": 285900000, "depreciationAndAmortization": 497200000, "ebitda": 1327400000, "ebitdaratio": 0.3015310527, "operatingIncome": 836700000, "operatingIncomeRatio": 0.1900640589, "totalOtherIncomeExpensesNet": 93600000, "incomeBeforeTax": 637900000, "incomeBeforeTaxRatio": 0.1449048203, "incomeTaxExpense": 82500000, "netIncome": 555400000, "netIncomeRatio": 0.1261641906, "eps": 0.67, "epsdiluted": 0.67, "weightedAverageShsOut": 831500000, "weightedAverageShsOutDil": 834000000, "link": "", "finalLink": "", "calculatedOtherExpenses": 472600000, "calculatedOperatingExpenses": 1776400000, "calculatedNetInterest": -267600000, "calculatedOtherIncome": 68800000, "calculatedIncomeNonControlling": 0, "calculatedEbitda": 1333900000}, {"date": "2008-12-31", "symbol": "CP", "reportedCurrency": "CAD", "cik": "0000016875", "fillingDate": "2008-12-31", "acceptedDate": "2008-12-30 19:00:00", "calendarYear": "2008", "period": "FY", "revenue": 4814800000, "costOfRevenue": 1895200000, "grossProfit": 2919600000, "grossProfitRatio": 0.6063803273, "researchAndDevelopmentExpenses": 0, "generalAndAdministrativeExpenses": 1305500000, "sellingAndMarketingExpenses": 0, "sellingGeneralAndAdministrativeExpenses": 1305500000, "otherExpenses": 491300000, "operatingExpenses": 1979000000, "costAndExpenses": 3874200000, "interestIncome": 9300000, "interestExpense": 261100000, "depreciationAndAmortization": 491300000, "ebitda": 1417500000, "ebitdaratio": 0.294404752, "operatingIncome": 1057400000, "operatingIncomeRatio": 0.2196145219, "totalOtherIncomeExpensesNet": 145400000, "incomeBeforeTax": 759200000, "incomeBeforeTaxRatio": 0.1576804852, "incomeTaxExpense": 140200000, "netIncome": 619000000, "netIncomeRatio": 0.128561934, "eps": 0.81, "epsdiluted": 0.8, "weightedAverageShsOut": 767990074, "weightedAverageShsOutDil": 777638191, "link": "", "finalLink": "", "calculatedOtherExpenses": 556700000, "calculatedOperatingExpenses": 1862200000, "calculatedNetInterest": -251800000, "calculatedOtherIncome": -46400000, "calculatedIncomeNonControlling": 0, "calculatedEbitda": 1548700000}, {"date": "2007-12-31", "symbol": "CP", "reportedCurrency": "CAD", "cik": "0000016875", "fillingDate": "2007-12-31", "acceptedDate": "2007-12-30 19:00:00", "calendarYear": "2007", "period": "FY", "revenue": 4707600000, "costOfRevenue": 2232481886, "grossProfit": 2475118113, "grossProfitRatio": 0.5257706927, "researchAndDevelopmentExpenses": 0, "generalAndAdministrativeExpenses": 0, "sellingAndMarketingExpenses": 0, "sellingGeneralAndAdministrativeExpenses": 819752774, "otherExpenses": 2723647225, "operatingExpenses": 3543400000, "costAndExpenses": 5775881886, "interestIncome": 0, "interestExpense": 0, "depreciationAndAmortization": 472000000, "ebitda": -221358511.2, "ebitdaratio": -0.0470215208, "operatingIncome": 1164200000, "operatingIncomeRatio": 0.2473022347, "totalOtherIncomeExpensesNet": -362700000, "incomeBeforeTax": 801500000, "incomeBeforeTaxRatio": 0.1702566063, "incomeTaxExpense": -144700000, "netIncome": 946200000, "netIncomeRatio": 0.2009941371, "eps": 1.23, "epsdiluted": 1.22, "weightedAverageShsOut": 770000000, "weightedAverageShsOutDil": 778000000, "link": "", "finalLink": "", "calculatedOtherExpenses": 491165339, "calculatedOperatingExpenses": 1310918113, "calculatedNetInterest": 0, "calculatedOtherIncome": -362700000, "calculatedIncomeNonControlling": 0, "calculatedEbitda": 1636200000}, {"date": "2006-12-31", "symbol": "CP", "reportedCurrency": "CAD", "cik": "0000016875", "fillingDate": "2006-12-31", "acceptedDate": "2006-12-30 19:00:00", "calendarYear": "2006", "period": "FY", "revenue": 4583200000, "costOfRevenue": 2188633429, "grossProfit": 2394566570, "grossProfitRatio": 0.5224660871, "researchAndDevelopmentExpenses": 0, "generalAndAdministrativeExpenses": 0, "sellingAndMarketingExpenses": 0, "sellingGeneralAndAdministrativeExpenses": 798636836, "otherExpenses": 2655963163, "operatingExpenses": 3454600000, "costAndExpenses": 5643233429, "interestIncome": 0, "interestExpense": 0, "depreciationAndAmortization": 464100000, "ebitda": 560566570, "ebitdaratio": 0.1223089916, "operatingIncome": 2257200000, "operatingIncomeRatio": 0.4924943271, "totalOtherIncomeExpensesNet": -1156500000, "incomeBeforeTax": 906200000, "incomeBeforeTaxRatio": 0.1977221156, "incomeTaxExpense": 109900000, "netIncome": 796300000, "netIncomeRatio": 0.1737432362, "eps": 1.01, "epsdiluted": 1, "weightedAverageShsOut": 786857708, "weightedAverageShsOutDil": 793127490, "link": "", "finalLink": "", "calculatedOtherExpenses": -661270266, "calculatedOperatingExpenses": 137366570, "calculatedNetInterest": 0, "calculatedOtherIncome": -1351000000, "calculatedIncomeNonControlling": 0, "calculatedEbitda": 2721300000}, {"date": "2005-12-31", "symbol": "CP", "reportedCurrency": "CAD", "cik": "0000016875", "fillingDate": "2005-12-31", "acceptedDate": "2005-12-30 19:00:00", "calendarYear": "2005", "period": "FY", "revenue": 4391600000, "costOfRevenue": 1630190705, "grossProfit": 2761409294, "grossProfitRatio": 0.6287934453, "researchAndDevelopmentExpenses": 0, "generalAndAdministrativeExpenses": 0, "sellingAndMarketingExpenses": 0, "sellingGeneralAndAdministrativeExpenses": 1328139824, "otherExpenses": 2062013871, "operatingExpenses": 3390153695, "costAndExpenses": 5020344401, "interestIncome": 0, "interestExpense": 0, "depreciationAndAmortization": 464600000, "ebitda": -180398096.7, "ebitdaratio": -0.041077989, "operatingIncome": 991100000, "operatingIncomeRatio": 0.2256808453, "totalOtherIncomeExpensesNet": 16253695, "incomeBeforeTax": 813500000, "incomeBeforeTaxRatio": 0.1852400036, "incomeTaxExpense": 270600000, "netIncome": 542900000, "netIncomeRatio": 0.12362237, "eps": 0.69, "epsdiluted": 0.68, "weightedAverageShsOut": 791545190, "weightedAverageShsOutDil": 800884956, "link": "", "finalLink": "", "calculatedOtherExpenses": 442169470, "calculatedOperatingExpenses": 1770309294, "calculatedNetInterest": 0, "calculatedOtherIncome": -177600000, "calculatedIncomeNonControlling": 0, "calculatedEbitda": 1455700000}, {"date": "2004-12-31", "symbol": "CP", "reportedCurrency": "CAD", "cik": "0000016875", "fillingDate": "2004-12-31", "acceptedDate": "2004-12-30 19:00:00", "calendarYear": "2004", "period": "FY", "revenue": 3902900000, "costOfRevenue": 1445583550, "grossProfit": 2457316449, "grossProfitRatio": 0.629612967, "researchAndDevelopmentExpenses": 0, "generalAndAdministrativeExpenses": 0, "sellingAndMarketingExpenses": 0, "sellingGeneralAndAdministrativeExpenses": 1257759160, "otherExpenses": 1856746493, "operatingExpenses": 3114505653, "costAndExpenses": 4560089204, "interestIncome": 0, "interestExpense": 0, "depreciationAndAmortization": 431800000, "ebitda": -211894858.65, "ebitdaratio": -0.0542916443, "operatingIncome": 716600000, "operatingIncomeRatio": 0.1836070614, "totalOtherIncomeExpensesNet": -13494346.15, "incomeBeforeTax": 556300000, "incomeBeforeTaxRatio": 0.142535038, "incomeTaxExpense": 143300000, "netIncome": 413000000, "netIncomeRatio": 0.1058187502, "eps": 0.52, "epsdiluted": 0.52, "weightedAverageShsOut": 793500000, "weightedAverageShsOutDil": 795000000, "link": "", "finalLink": "", "calculatedOtherExpenses": 482957289, "calculatedOperatingExpenses": 1740716449, "calculatedNetInterest": 0, "calculatedOtherIncome": -160300000, "calculatedIncomeNonControlling": 0, "calculatedEbitda": 1148400000}, {"date": "2003-12-31", "symbol": "CP", "reportedCurrency": "CAD", "cik": "0000016875", "fillingDate": "2003-12-31", "acceptedDate": "2003-12-30 19:00:00", "calendarYear": "2003", "period": "FY", "revenue": 3660700000, "costOfRevenue": 1151442563, "grossProfit": 2509257436, "grossProfitRatio": 0.685458365, "researchAndDevelopmentExpenses": 0, "generalAndAdministrativeExpenses": 0, "sellingAndMarketingExpenses": 0, "sellingGeneralAndAdministrativeExpenses": 1395213895, "otherExpenses": 1524068709, "operatingExpenses": 2919282605, "costAndExpenses": 4070725168, "interestIncome": 0, "interestExpense": 0, "depreciationAndAmortization": 401800000, "ebitda": 73992226, "ebitdaratio": 0.0202125896, "operatingIncome": 483200000, "operatingIncomeRatio": 0.1319966127, "totalOtherIncomeExpensesNet": -82217395, "incomeBeforeTax": 440500000, "incomeBeforeTaxRatio": 0.1203321769, "incomeTaxExpense": 41800000, "netIncome": 398700000, "netIncomeRatio": 0.1089135958, "eps": 0.5, "epsdiluted": 0.5, "weightedAverageShsOut": 792500000, "weightedAverageShsOutDil": 796000000, "link": "", "finalLink": "", "calculatedOtherExpenses": 630843541, "calculatedOperatingExpenses": 2026057436, "calculatedNetInterest": 0, "calculatedOtherIncome": -42700000, "calculatedIncomeNonControlling": 0, "calculatedEbitda": 885000000}, {"date": "2002-12-31", "symbol": "CP", "reportedCurrency": "CAD", "cik": "0000016875", "fillingDate": "2002-12-31", "acceptedDate": "2002-12-30 19:00:00", "calendarYear": "2002", "period": "FY", "revenue": 3665600000, "costOfRevenue": 1334659274, "grossProfit": 2330940725, "grossProfitRatio": 0.6358960949, "researchAndDevelopmentExpenses": 0, "generalAndAdministrativeExpenses": 0, "sellingAndMarketingExpenses": 0, "sellingGeneralAndAdministrativeExpenses": 1135403839, "otherExpenses": 1673696160, "operatingExpenses": 2809100000, "costAndExpenses": 4143759274, "interestIncome": 0, "interestExpense": 0, "depreciationAndAmortization": 367700000, "ebitda": -102059274.4, "ebitdaratio": -0.0278424472, "operatingIncome": 856500000, "operatingIncomeRatio": 0.2336588826, "totalOtherIncomeExpensesNet": -8400000, "incomeBeforeTax": 605900000, "incomeBeforeTaxRatio": 0.1652935399, "incomeTaxExpense": 109900000, "netIncome": 496000000, "netIncomeRatio": 0.1353120908, "eps": 0.62, "epsdiluted": 0.61, "weightedAverageShsOut": 791396104, "weightedAverageShsOutDil": 796568627, "link": "", "finalLink": "", "calculatedOtherExpenses": 339036886, "calculatedOperatingExpenses": 1474440725, "calculatedNetInterest": 0, "calculatedOtherIncome": -250600000, "calculatedIncomeNonControlling": 0, "calculatedEbitda": 1224200000}, {"date": "2001-12-31", "symbol": "CP", "reportedCurrency": "CAD", "cik": "0000016875", "fillingDate": "2001-12-31", "acceptedDate": "2001-12-30 19:00:00", "calendarYear": "2001", "period": "FY", "revenue": 3698600000, "costOfRevenue": 2530253626, "grossProfit": 1168346373, "grossProfitRatio": 0.3158888157, "researchAndDevelopmentExpenses": 0, "generalAndAdministrativeExpenses": 0, "sellingAndMarketingExpenses": 0, "sellingGeneralAndAdministrativeExpenses": 0, "otherExpenses": 2840283325, "operatingExpenses": 2840283325, "costAndExpenses": 5370536951, "interestIncome": 0, "interestExpense": 0, "depreciationAndAmortization": 377400000, "ebitda": -1192820276.6, "ebitdaratio": -0.3225058878, "operatingIncome": 816500000, "operatingIncomeRatio": 0.2207592062, "totalOtherIncomeExpensesNet": -101716674.8, "incomeBeforeTax": 547000000, "incomeBeforeTaxRatio": 0.1478937977, "incomeTaxExpense": 136600000, "netIncome": 410400000, "netIncomeRatio": 0.1109609041, "eps": 0.46, "epsdiluted": 0.45, "weightedAverageShsOut": 791666667, "weightedAverageShsOutDil": 795154185, "link": "", "finalLink": "", "calculatedOtherExpenses": 351846373, "calculatedOperatingExpenses": 351846373, "calculatedNetInterest": 0, "calculatedOtherIncome": -269500000, "calculatedIncomeNonControlling": 0, "calculatedEbitda": 1193900000}, {"date": "2000-12-31", "symbol": "CP", "reportedCurrency": "CAD", "cik": "0000016875", "fillingDate": "2000-12-31", "acceptedDate": "2000-12-30 19:00:00", "calendarYear": "2000", "period": "FY", "revenue": 3655100000, "costOfRevenue": 0, "grossProfit": 3655100000, "grossProfitRatio": 1, "researchAndDevelopmentExpenses": 0, "generalAndAdministrativeExpenses": 0, "sellingAndMarketingExpenses": 0, "sellingGeneralAndAdministrativeExpenses": 0, "otherExpenses": 2809900000, "operatingExpenses": 2809900000, "costAndExpenses": 2809900000, "interestIncome": 0, "interestExpense": 0, "depreciationAndAmortization": 333000000, "ebitda": 1178200000, "ebitdaratio": 0.3223441219, "operatingIncome": 845200000, "operatingIncomeRatio": 0.2312385434, "totalOtherIncomeExpensesNet": -190100000, "incomeBeforeTax": 655100000, "incomeBeforeTaxRatio": 0.1792290225, "incomeTaxExpense": 122800000, "netIncome": 532300000, "netIncomeRatio": 0.1456321304, "eps": 0.63, "epsdiluted": 0.63, "weightedAverageShsOut": 1736000000, "weightedAverageShsOutDil": 1736000000, "link": "", "finalLink": "", "calculatedOtherExpenses": 2809900000, "calculatedOperatingExpenses": 2809900000, "calculatedNetInterest": 0, "calculatedOtherIncome": -190100000, "calculatedIncomeNonControlling": 0, "calculatedEbitda": 1178200000}, {"date": "1999-12-31", "symbol": "CP", "reportedCurrency": "CAD", "cik": "0000016875", "fillingDate": "1999-12-31", "acceptedDate": "1999-12-30 19:00:00", "calendarYear": "1999", "period": "FY", "revenue": 3496400000, "costOfRevenue": 0, "grossProfit": 3496400000, "grossProfitRatio": 1, "researchAndDevelopmentExpenses": 0, "generalAndAdministrativeExpenses": 0, "sellingAndMarketingExpenses": 0, "sellingGeneralAndAdministrativeExpenses": 0, "otherExpenses": 3234700000, "operatingExpenses": 3234700000, "costAndExpenses": 3234700000, "interestIncome": 0, "interestExpense": 0, "depreciationAndAmortization": 315800000, "ebitda": 577500000, "ebitdaratio": 0.165169889, "operatingIncome": 261700000, "operatingIncomeRatio": 0.0748484155, "totalOtherIncomeExpensesNet": -162800000, "incomeBeforeTax": 98900000, "incomeBeforeTaxRatio": 0.0282862373, "incomeTaxExpense": 32000000, "netIncome": 66900000, "netIncomeRatio": 0.0191339664, "eps": 0.0385, "epsdiluted": 0.0385, "weightedAverageShsOut": 1736000000, "weightedAverageShsOutDil": 1736000000, "link": "", "finalLink": "", "calculatedOtherExpenses": 3234700000, "calculatedOperatingExpenses": 3234700000, "calculatedNetInterest": 0, "calculatedOtherIncome": -162800000, "calculatedIncomeNonControlling": 0, "calculatedEbitda": 577500000}, {"date": "1998-12-31", "symbol": "CP", "reportedCurrency": "CAD", "cik": "0000016875", "fillingDate": "1998-12-31", "acceptedDate": "1998-12-30 19:00:00", "calendarYear": "1998", "period": "FY", "revenue": 3516500000, "costOfRevenue": 0, "grossProfit": 3516500000, "grossProfitRatio": 1, "researchAndDevelopmentExpenses": 0, "generalAndAdministrativeExpenses": 0, "sellingAndMarketingExpenses": 0, "sellingGeneralAndAdministrativeExpenses": 591600000, "otherExpenses": 2188900000, "operatingExpenses": 2780500000, "costAndExpenses": 2780500000, "interestIncome": 0, "interestExpense": 0, "depreciationAndAmortization": 304900000, "ebitda": 1040900000, "ebitdaratio": 0.29600455, "operatingIncome": 736000000, "operatingIncomeRatio": 0.2092990189, "totalOtherIncomeExpensesNet": -136900000, "incomeBeforeTax": 599100000, "incomeBeforeTaxRatio": 0.1703682639, "incomeTaxExpense": 236700000, "netIncome": 362400000, "netIncomeRatio": 0.1030570169, "eps": 0.46, "epsdiluted": 0.46, "weightedAverageShsOut": 792000000, "weightedAverageShsOutDil": 792000000, "link": "", "finalLink": "", "calculatedOtherExpenses": 2188900000, "calculatedOperatingExpenses": 2780500000, "calculatedNetInterest": 0, "calculatedOtherIncome": -136900000, "calculatedIncomeNonControlling": 0, "calculatedEbitda": 1040900000}, {"date": "1997-12-31", "symbol": "CP", "reportedCurrency": "CAD", "cik": "0000016875", "fillingDate": "1997-12-31", "acceptedDate": "1997-12-30 19:00:00", "calendarYear": "1997", "period": "FY", "revenue": 3716800000, "costOfRevenue": 0, "grossProfit": 3716800000, "grossProfitRatio": 1, "researchAndDevelopmentExpenses": 0, "generalAndAdministrativeExpenses": 0, "sellingAndMarketingExpenses": 0, "sellingGeneralAndAdministrativeExpenses": 616600000, "otherExpenses": 2298100000, "operatingExpenses": 2914700000, "costAndExpenses": 2914700000, "interestIncome": 0, "interestExpense": 0, "depreciationAndAmortization": 249900000, "ebitda": 1096200000, "ebitdaratio": 0.2949311235, "operatingIncome": 802100000, "operatingIncomeRatio": 0.2158039173, "totalOtherIncomeExpensesNet": -44200000, "incomeBeforeTax": 638100000, "incomeBeforeTaxRatio": 0.1716799397, "incomeTaxExpense": 171600000, "netIncome": 468900000, "netIncomeRatio": 0.1261569092, "eps": 0.59, "epsdiluted": 0.59, "weightedAverageShsOut": 794275000, "weightedAverageShsOutDil": 794275000, "link": "", "finalLink": "", "calculatedOtherExpenses": 2298100000, "calculatedOperatingExpenses": 2914700000, "calculatedNetInterest": 0, "calculatedOtherIncome": -164000000, "calculatedIncomeNonControlling": -2400000, "calculatedEbitda": 1052000000}]}