{"originalCurrency": "USD", "convertedCurrency": "USD", "report": [{"date": "2023-07-30", "symbol": "CPB", "reportedCurrency": "USD", "cik": "0000016732", "fillingDate": "2023-09-21", "acceptedDate": "2023-09-21 07:21:03", "calendarYear": "2023", "period": "FY", "revenue": 9357000000, "costOfRevenue": 6440000000, "grossProfit": 2917000000, "grossProfitRatio": 0.3117452175, "researchAndDevelopmentExpenses": 92000000, "generalAndAdministrativeExpenses": 654000000, "sellingAndMarketingExpenses": 811000000, "sellingGeneralAndAdministrativeExpenses": 1465000000, "otherExpenses": -32000000, "operatingExpenses": 1557000000, "costAndExpenses": 7997000000, "interestIncome": 4000000, "interestExpense": 188000000, "depreciationAndAmortization": 387000000, "ebitda": 1763000000, "ebitdaratio": 0.1884150903, "operatingIncome": 1312000000, "operatingIncomeRatio": 0.1402158812, "totalOtherIncomeExpensesNet": -48000000, "incomeBeforeTax": 1128000000, "incomeBeforeTaxRatio": 0.1205514588, "incomeTaxExpense": 270000000, "netIncome": 858000000, "netIncomeRatio": 0.0916960564, "eps": 2.87, "epsdiluted": 2.85, "weightedAverageShsOut": 299000000, "weightedAverageShsOutDil": 301000000, "link": "https://www.sec.gov/Archives/edgar/data/16732/000001673223000109/0000016732-23-000109-index.htm", "finalLink": "https://www.sec.gov/Archives/edgar/data/16732/000001673223000109/cpb-20230730.htm", "calculatedOtherExpenses": 48000000, "calculatedOperatingExpenses": 1605000000, "calculatedNetInterest": -184000000, "calculatedOtherIncome": 0, "calculatedIncomeNonControlling": 0, "calculatedEbitda": 1699000000}, {"date": "2022-07-31", "symbol": "CPB", "reportedCurrency": "USD", "cik": "0000016732", "fillingDate": "2022-09-22", "acceptedDate": "2022-09-22 07:55:49", "calendarYear": "2022", "period": "FY", "revenue": 8562000000, "costOfRevenue": 5935000000, "grossProfit": 2627000000, "grossProfitRatio": 0.3068208363, "researchAndDevelopmentExpenses": 87000000, "generalAndAdministrativeExpenses": 617000000, "sellingAndMarketingExpenses": 734000000, "sellingGeneralAndAdministrativeExpenses": 1351000000, "otherExpenses": -21000000, "operatingExpenses": 1438000000, "costAndExpenses": 7373000000, "interestIncome": 1000000, "interestExpense": 189000000, "depreciationAndAmortization": 337000000, "ebitda": 1531000000, "ebitdaratio": 0.1788133614, "operatingIncome": 1194000000, "operatingIncomeRatio": 0.1394533987, "totalOtherIncomeExpensesNet": -219000000, "incomeBeforeTax": 975000000, "incomeBeforeTaxRatio": 0.1138752628, "incomeTaxExpense": 218000000, "netIncome": 757000000, "netIncomeRatio": 0.088413922, "eps": 2.51, "epsdiluted": 2.51, "weightedAverageShsOut": 301000000, "weightedAverageShsOutDil": 302000000, "link": "https://www.sec.gov/Archives/edgar/data/16732/000001673222000093/0000016732-22-000093-index.htm", "finalLink": "https://www.sec.gov/Archives/edgar/data/16732/000001673222000093/cpb-20220731.htm", "calculatedOtherExpenses": -5000000, "calculatedOperatingExpenses": 1433000000, "calculatedNetInterest": -188000000, "calculatedOtherIncome": -31000000, "calculatedIncomeNonControlling": 0, "calculatedEbitda": 1531000000}, {"date": "2021-08-01", "symbol": "CPB", "reportedCurrency": "USD", "cik": "0000016732", "fillingDate": "2021-09-23", "acceptedDate": "2021-09-23 07:58:14", "calendarYear": "2021", "period": "FY", "revenue": 8476000000, "costOfRevenue": 5665000000, "grossProfit": 2811000000, "grossProfitRatio": 0.3316422841, "researchAndDevelopmentExpenses": 84000000, "generalAndAdministrativeExpenses": 598000000, "sellingAndMarketingExpenses": 817000000, "sellingGeneralAndAdministrativeExpenses": 1415000000, "otherExpenses": 254000000, "operatingExpenses": 1499000000, "costAndExpenses": 7164000000, "interestIncome": 1000000, "interestExpense": 210000000, "depreciationAndAmortization": 317000000, "ebitda": 1650000000, "ebitdaratio": 0.1946672959, "operatingIncome": 1333000000, "operatingIncomeRatio": 0.157267579, "totalOtherIncomeExpensesNet": 3000000, "incomeBeforeTax": 1336000000, "incomeBeforeTaxRatio": 0.1576215196, "incomeTaxExpense": 328000000, "netIncome": 1002000000, "netIncomeRatio": 0.1182161397, "eps": 3.31, "epsdiluted": 3.29, "weightedAverageShsOut": 303000000, "weightedAverageShsOutDil": 305000000, "link": "https://www.sec.gov/Archives/edgar/data/16732/000001673221000103/0000016732-21-000103-index.htm", "finalLink": "https://www.sec.gov/Archives/edgar/data/16732/000001673221000103/cpb-20210801.htm", "calculatedOtherExpenses": -21000000, "calculatedOperatingExpenses": 1478000000, "calculatedNetInterest": -209000000, "calculatedOtherIncome": 212000000, "calculatedIncomeNonControlling": 6000000, "calculatedEbitda": 1650000000}, {"date": "2020-08-02", "symbol": "CPB", "reportedCurrency": "USD", "cik": "0000016732", "fillingDate": "2020-09-24", "acceptedDate": "2020-09-24 07:47:14", "calendarYear": "2020", "period": "FY", "revenue": 8691000000, "costOfRevenue": 5692000000, "grossProfit": 2999000000, "grossProfitRatio": 0.3450696122, "researchAndDevelopmentExpenses": 93000000, "generalAndAdministrativeExpenses": 622000000, "sellingAndMarketingExpenses": 947000000, "sellingGeneralAndAdministrativeExpenses": 1569000000, "otherExpenses": -221000000, "operatingExpenses": 1662000000, "costAndExpenses": 7354000000, "interestIncome": 4000000, "interestExpense": 345000000, "depreciationAndAmortization": 328000000, "ebitda": 1674000000, "ebitdaratio": 0.192613048, "operatingIncome": 1346000000, "operatingIncomeRatio": 0.154872857, "totalOtherIncomeExpensesNet": -580000000, "incomeBeforeTax": 766000000, "incomeBeforeTaxRatio": 0.0881371534, "incomeTaxExpense": 174000000, "netIncome": 592000000, "netIncomeRatio": 0.0681164423, "eps": 1.96, "epsdiluted": 1.95, "weightedAverageShsOut": 302000000, "weightedAverageShsOutDil": 304000000, "link": "https://www.sec.gov/Archives/edgar/data/16732/000001673220000111/0000016732-20-000111-index.htm", "finalLink": "https://www.sec.gov/Archives/edgar/data/16732/000001673220000111/cpb-20200802.htm", "calculatedOtherExpenses": -9000000, "calculatedOperatingExpenses": 1653000000, "calculatedNetInterest": -341000000, "calculatedOtherIncome": -239000000, "calculatedIncomeNonControlling": 0, "calculatedEbitda": 1674000000}, {"date": "2019-07-28", "symbol": "CPB", "reportedCurrency": "USD", "cik": "0000016732", "fillingDate": "2019-09-26", "acceptedDate": "2019-09-26 09:01:36", "calendarYear": "2019", "period": "FY", "revenue": 8107000000, "costOfRevenue": 5414000000, "grossProfit": 2693000000, "grossProfitRatio": 0.3321820649, "researchAndDevelopmentExpenses": 91000000, "generalAndAdministrativeExpenses": 610000000, "sellingAndMarketingExpenses": 842000000, "sellingGeneralAndAdministrativeExpenses": 1452000000, "otherExpenses": -140000000, "operatingExpenses": 1543000000, "costAndExpenses": 6957000000, "interestIncome": 2000000, "interestExpense": 356000000, "depreciationAndAmortization": 446000000, "ebitda": 1012000000, "ebitdaratio": 0.1248303935, "operatingIncome": 566000000, "operatingIncomeRatio": 0.0698162082, "totalOtherIncomeExpensesNet": 59000000, "incomeBeforeTax": 625000000, "incomeBeforeTaxRatio": 0.0770938695, "incomeTaxExpense": 151000000, "netIncome": 474000000, "netIncomeRatio": 0.0584679906, "eps": 1.57, "epsdiluted": 1.57, "weightedAverageShsOut": 301000000, "weightedAverageShsOutDil": 302000000, "link": "https://www.sec.gov/Archives/edgar/data/16732/000001673219000070/0000016732-19-000070-index.htm", "finalLink": "https://www.sec.gov/Archives/edgar/data/16732/000001673219000070/cpb-7282019x10xk.htm", "calculatedOtherExpenses": 584000000, "calculatedOperatingExpenses": 2127000000, "calculatedNetInterest": -354000000, "calculatedOtherIncome": 413000000, "calculatedIncomeNonControlling": 0, "calculatedEbitda": 1012000000}, {"date": "2018-07-29", "symbol": "CPB", "reportedCurrency": "USD", "cik": "0000016732", "fillingDate": "2018-09-27", "acceptedDate": "2018-09-27 08:32:50", "calendarYear": "2018", "period": "FY", "revenue": 8685000000, "costOfRevenue": 5869000000, "grossProfit": 2816000000, "grossProfitRatio": 0.3242371906, "researchAndDevelopmentExpenses": 110000000, "generalAndAdministrativeExpenses": 654000000, "sellingAndMarketingExpenses": 902000000, "sellingGeneralAndAdministrativeExpenses": 1556000000, "otherExpenses": -619000000, "operatingExpenses": 1666000000, "costAndExpenses": 7535000000, "interestIncome": 4000000, "interestExpense": 201000000, "depreciationAndAmortization": 394000000, "ebitda": 1606000000, "ebitdaratio": 0.1849165227, "operatingIncome": 1116000000, "operatingIncomeRatio": 0.1284974093, "totalOtherIncomeExpensesNet": -681000000, "incomeBeforeTax": 272000000, "incomeBeforeTaxRatio": 0.031318365, "incomeTaxExpense": 11000000, "netIncome": 261000000, "netIncomeRatio": 0.0300518135, "eps": 0.87, "epsdiluted": 0.86, "weightedAverageShsOut": 301000000, "weightedAverageShsOutDil": 302000000, "link": "https://www.sec.gov/Archives/edgar/data/16732/000001673218000062/0000016732-18-000062-index.htm", "finalLink": "https://www.sec.gov/Archives/edgar/data/16732/000001673218000062/cpb-7292018x10xk.htm", "calculatedOtherExpenses": 34000000, "calculatedOperatingExpenses": 1700000000, "calculatedNetInterest": -197000000, "calculatedOtherIncome": -647000000, "calculatedIncomeNonControlling": 0, "calculatedEbitda": 1510000000}, {"date": "2017-07-30", "symbol": "CPB", "reportedCurrency": "USD", "cik": "0000016732", "fillingDate": "2017-09-27", "acceptedDate": "2017-09-27 16:56:36", "calendarYear": "2017", "period": "FY", "revenue": 7890000000, "costOfRevenue": 4831000000, "grossProfit": 3059000000, "grossProfitRatio": 0.3877059569, "researchAndDevelopmentExpenses": 98000000, "generalAndAdministrativeExpenses": 488000000, "sellingAndMarketingExpenses": 817000000, "sellingGeneralAndAdministrativeExpenses": 1305000000, "otherExpenses": -238000000, "operatingExpenses": 1403000000, "costAndExpenses": 6234000000, "interestIncome": 5000000, "interestExpense": 112000000, "depreciationAndAmortization": 318000000, "ebitda": 1992000000, "ebitdaratio": 0.2524714829, "operatingIncome": 1637000000, "operatingIncomeRatio": 0.20747782, "totalOtherIncomeExpensesNet": -256000000, "incomeBeforeTax": 1293000000, "incomeBeforeTaxRatio": 0.163878327, "incomeTaxExpense": 406000000, "netIncome": 887000000, "netIncomeRatio": 0.1124207858, "eps": 2.91, "epsdiluted": 2.89, "weightedAverageShsOut": 305000000, "weightedAverageShsOutDil": 307000000, "link": "https://www.sec.gov/Archives/edgar/data/16732/000001673217000058/0000016732-17-000058-index.htm", "finalLink": "https://www.sec.gov/Archives/edgar/data/16732/000001673217000058/cpb-7302017x10xk.htm", "calculatedOtherExpenses": 19000000, "calculatedOperatingExpenses": 1422000000, "calculatedNetInterest": -107000000, "calculatedOtherIncome": -237000000, "calculatedIncomeNonControlling": 0, "calculatedEbitda": 1955000000}, {"date": "2016-07-31", "symbol": "CPB", "reportedCurrency": "USD", "cik": "0000016732", "fillingDate": "2016-09-22", "acceptedDate": "2016-09-22 08:31:16", "calendarYear": "2016", "period": "FY", "revenue": 7961000000, "costOfRevenue": 5181000000, "grossProfit": 2780000000, "grossProfitRatio": 0.3492023615, "researchAndDevelopmentExpenses": 124000000, "generalAndAdministrativeExpenses": 641000000, "sellingAndMarketingExpenses": 893000000, "sellingGeneralAndAdministrativeExpenses": 1534000000, "otherExpenses": -131000000, "operatingExpenses": 1658000000, "costAndExpenses": 6839000000, "interestIncome": 4000000, "interestExpense": 115000000, "depreciationAndAmortization": 308000000, "ebitda": 1461000000, "ebitdaratio": 0.1835196583, "operatingIncome": 1102000000, "operatingIncomeRatio": 0.138424821, "totalOtherIncomeExpensesNet": -162000000, "incomeBeforeTax": 849000000, "incomeBeforeTaxRatio": 0.1066448939, "incomeTaxExpense": 286000000, "netIncome": 563000000, "netIncomeRatio": 0.0707197588, "eps": 1.82, "epsdiluted": 1.81, "weightedAverageShsOut": 309000000, "weightedAverageShsOutDil": 311000000, "link": "https://www.sec.gov/Archives/edgar/data/16732/000001673216000146/0000016732-16-000146-index.htm", "finalLink": "https://www.sec.gov/Archives/edgar/data/16732/000001673216000146/cpb-7312016x10xk.htm", "calculatedOtherExpenses": 20000000, "calculatedOperatingExpenses": 1678000000, "calculatedNetInterest": -111000000, "calculatedOtherIncome": -142000000, "calculatedIncomeNonControlling": 0, "calculatedEbitda": 1410000000}, {"date": "2015-08-02", "symbol": "CPB", "reportedCurrency": "USD", "cik": "0000016732", "fillingDate": "2015-09-29", "acceptedDate": "2015-09-29 07:40:33", "calendarYear": "2015", "period": "FY", "revenue": 8082000000, "costOfRevenue": 5277000000, "grossProfit": 2805000000, "grossProfitRatio": 0.3470675575, "researchAndDevelopmentExpenses": 113000000, "generalAndAdministrativeExpenses": 593000000, "sellingAndMarketingExpenses": 878000000, "sellingGeneralAndAdministrativeExpenses": 1471000000, "otherExpenses": -24000000, "operatingExpenses": 1584000000, "costAndExpenses": 6861000000, "interestIncome": 3000000, "interestExpense": 108000000, "depreciationAndAmortization": 303000000, "ebitda": 1626000000, "ebitdaratio": 0.2011878248, "operatingIncome": 1204000000, "operatingIncomeRatio": 0.1489730265, "totalOtherIncomeExpensesNet": -126000000, "incomeBeforeTax": 990000000, "incomeBeforeTaxRatio": 0.1224944321, "incomeTaxExpense": 299000000, "netIncome": 691000000, "netIncomeRatio": 0.085498639, "eps": 2.21, "epsdiluted": 2.21, "weightedAverageShsOut": 312000000, "weightedAverageShsOutDil": 313000000, "link": "https://www.sec.gov/Archives/edgar/data/16732/000001673215000034/0000016732-15-000034-index.htm", "finalLink": "https://www.sec.gov/Archives/edgar/data/16732/000001673215000034/cpb-822015x10k.htm", "calculatedOtherExpenses": 17000000, "calculatedOperatingExpenses": 1601000000, "calculatedNetInterest": -105000000, "calculatedOtherIncome": -109000000, "calculatedIncomeNonControlling": 0, "calculatedEbitda": 1507000000}, {"date": "2014-08-03", "symbol": "CPB", "reportedCurrency": "USD", "cik": "0000016732", "fillingDate": "2014-09-24", "acceptedDate": "2014-09-24 08:34:06", "calendarYear": "2014", "period": "FY", "revenue": 8268000000, "costOfRevenue": 5370000000, "grossProfit": 2898000000, "grossProfitRatio": 0.3505079826, "researchAndDevelopmentExpenses": 121000000, "generalAndAdministrativeExpenses": 573000000, "sellingAndMarketingExpenses": 935000000, "sellingGeneralAndAdministrativeExpenses": 1508000000, "otherExpenses": -22000000, "operatingExpenses": 1629000000, "costAndExpenses": 6999000000, "interestIncome": 3000000, "interestExpense": 122000000, "depreciationAndAmortization": 305000000, "ebitda": 1324000000, "ebitdaratio": 0.160135462, "operatingIncome": 1251000000, "operatingIncomeRatio": 0.1513062409, "totalOtherIncomeExpensesNet": -77000000, "incomeBeforeTax": 1073000000, "incomeBeforeTaxRatio": 0.1297774552, "incomeTaxExpense": 347000000, "netIncome": 818000000, "netIncomeRatio": 0.0989356555, "eps": 2.61, "epsdiluted": 2.59, "weightedAverageShsOut": 314000000, "weightedAverageShsOutDil": 316000000, "link": "https://www.sec.gov/Archives/edgar/data/16732/000001673214000023/0000016732-14-000023-index.htm", "finalLink": "https://www.sec.gov/Archives/edgar/data/16732/000001673214000023/cpb-832014x10k.htm", "calculatedOtherExpenses": 18000000, "calculatedOperatingExpenses": 1647000000, "calculatedNetInterest": -119000000, "calculatedOtherIncome": -59000000, "calculatedIncomeNonControlling": -92000000, "calculatedEbitda": 1556000000}, {"date": "2013-07-28", "symbol": "CPB", "reportedCurrency": "USD", "cik": "0000016732", "fillingDate": "2013-09-26", "acceptedDate": "2013-09-26 07:43:24", "calendarYear": "2013", "period": "FY", "revenue": 8052000000, "costOfRevenue": 5140000000, "grossProfit": 2912000000, "grossProfitRatio": 0.3616492797, "researchAndDevelopmentExpenses": 128000000, "generalAndAdministrativeExpenses": 677000000, "sellingAndMarketingExpenses": 947000000, "sellingGeneralAndAdministrativeExpenses": 1624000000, "otherExpenses": -29000000, "operatingExpenses": 1752000000, "costAndExpenses": 6892000000, "interestIncome": 10000000, "interestExpense": 135000000, "depreciationAndAmortization": 407000000, "ebitda": 1211000000, "ebitdaratio": 0.1503974168, "operatingIncome": 1146000000, "operatingIncomeRatio": 0.1423248882, "totalOtherIncomeExpensesNet": -80000000, "incomeBeforeTax": 955000000, "incomeBeforeTaxRatio": 0.1186040735, "incomeTaxExpense": 275000000, "netIncome": 458000000, "netIncomeRatio": 0.0568802782, "eps": 1.46, "epsdiluted": 1.44, "weightedAverageShsOut": 314000000, "weightedAverageShsOutDil": 317000000, "link": "https://www.sec.gov/Archives/edgar/data/16732/000001673213000023/0000016732-13-000023-index.htm", "finalLink": "https://www.sec.gov/Archives/edgar/data/16732/000001673213000023/cpb-7282013x10k.htm", "calculatedOtherExpenses": 14000000, "calculatedOperatingExpenses": 1766000000, "calculatedNetInterest": -125000000, "calculatedOtherIncome": -66000000, "calculatedIncomeNonControlling": 222000000, "calculatedEbitda": 1553000000}, {"date": "2012-07-29", "symbol": "CPB", "reportedCurrency": "USD", "cik": "0000016732", "fillingDate": "2012-09-27", "acceptedDate": "2012-09-27 09:03:28", "calendarYear": "2012", "period": "FY", "revenue": 7707000000, "costOfRevenue": 4715000000, "grossProfit": 2992000000, "grossProfitRatio": 0.3882185027, "researchAndDevelopmentExpenses": 125000000, "generalAndAdministrativeExpenses": 611000000, "sellingAndMarketingExpenses": 1020000000, "sellingGeneralAndAdministrativeExpenses": 1631000000, "otherExpenses": -7000000, "operatingExpenses": 1770000000, "costAndExpenses": 6485000000, "interestIncome": 8000000, "interestExpense": 106000000, "depreciationAndAmortization": 262000000, "ebitda": 1222000000, "ebitdaratio": 0.1585571558, "operatingIncome": 1231000000, "operatingIncomeRatio": 0.1597249254, "totalOtherIncomeExpensesNet": -10000000, "incomeBeforeTax": 1106000000, "incomeBeforeTaxRatio": 0.1435059037, "incomeTaxExpense": 342000000, "netIncome": 774000000, "netIncomeRatio": 0.1004281822, "eps": 2.43, "epsdiluted": 2.41, "weightedAverageShsOut": 317000000, "weightedAverageShsOutDil": 319000000, "link": "https://www.sec.gov/Archives/edgar/data/16732/000001673212000024/0000016732-12-000024-index.htm", "finalLink": "https://www.sec.gov/Archives/edgar/data/16732/000001673212000024/cpb-07292012x10k.htm", "calculatedOtherExpenses": 5000000, "calculatedOperatingExpenses": 1761000000, "calculatedNetInterest": -98000000, "calculatedOtherIncome": -27000000, "calculatedIncomeNonControlling": -10000000, "calculatedEbitda": 1493000000}, {"date": "2011-07-31", "symbol": "CPB", "reportedCurrency": "USD", "cik": "0000016732", "fillingDate": "2011-09-28", "acceptedDate": "2011-09-28 09:01:38", "calendarYear": "2011", "period": "FY", "revenue": 7719000000, "costOfRevenue": 4616000000, "grossProfit": 3103000000, "grossProfitRatio": 0.4019950771, "researchAndDevelopmentExpenses": 129000000, "generalAndAdministrativeExpenses": 612000000, "sellingAndMarketingExpenses": 1007000000, "sellingGeneralAndAdministrativeExpenses": 1619000000, "otherExpenses": -5000000, "operatingExpenses": 1761000000, "costAndExpenses": 6377000000, "interestIncome": 11000000, "interestExpense": 122000000, "depreciationAndAmortization": 268000000, "ebitda": 1405000000, "ebitdaratio": 0.1820183962, "operatingIncome": 1352000000, "operatingIncomeRatio": 0.1751522218, "totalOtherIncomeExpensesNet": -63000000, "incomeBeforeTax": 1168000000, "incomeBeforeTaxRatio": 0.1513149372, "incomeTaxExpense": 366000000, "netIncome": 805000000, "netIncomeRatio": 0.1042881202, "eps": 2.44, "epsdiluted": 2.42, "weightedAverageShsOut": 326000000, "weightedAverageShsOutDil": 329000000, "link": "https://www.sec.gov/Archives/edgar/data/16732/000095012311087197/0000950123-11-087197-index.htm", "finalLink": "https://www.sec.gov/Archives/edgar/data/16732/000095012311087197/w83891e10vk.htm", "calculatedOtherExpenses": 3000000, "calculatedOperatingExpenses": 1751000000, "calculatedNetInterest": -111000000, "calculatedOtherIncome": -73000000, "calculatedIncomeNonControlling": -3000000, "calculatedEbitda": 1620000000}, {"date": "2010-08-01", "symbol": "CPB", "reportedCurrency": "USD", "cik": "0000016732", "fillingDate": "2010-09-29", "acceptedDate": "2010-09-29 16:34:19", "calendarYear": "2010", "period": "FY", "revenue": 7676000000, "costOfRevenue": 4526000000, "grossProfit": 3150000000, "grossProfitRatio": 0.4103699844, "researchAndDevelopmentExpenses": 123000000, "generalAndAdministrativeExpenses": 605000000, "sellingAndMarketingExpenses": 1058000000, "sellingGeneralAndAdministrativeExpenses": 1663000000, "otherExpenses": -3000000, "operatingExpenses": 1790000000, "costAndExpenses": 6316000000, "interestIncome": 6000000, "interestExpense": 112000000, "depreciationAndAmortization": 251000000, "ebitda": 1372000000, "ebitdaratio": 0.1787389265, "operatingIncome": 1364000000, "operatingIncomeRatio": 0.177696717, "totalOtherIncomeExpensesNet": -12000000, "incomeBeforeTax": 1242000000, "incomeBeforeTaxRatio": 0.1618030224, "incomeTaxExpense": 398000000, "netIncome": 844000000, "netIncomeRatio": 0.1099531006, "eps": 2.44, "epsdiluted": 2.42, "weightedAverageShsOut": 340000000, "weightedAverageShsOutDil": 343000000, "link": "https://www.sec.gov/Archives/edgar/data/16732/000095012310090083/0000950123-10-090083-index.htm", "finalLink": "https://www.sec.gov/Archives/edgar/data/16732/000095012310090083/w79425e10vk.htm", "calculatedOtherExpenses": 0, "calculatedOperatingExpenses": 1786000000, "calculatedNetInterest": -106000000, "calculatedOtherIncome": -16000000, "calculatedIncomeNonControlling": 0, "calculatedEbitda": 1615000000}, {"date": "2009-08-02", "symbol": "CPB", "reportedCurrency": "USD", "cik": "0000016732", "fillingDate": "2009-09-30", "acceptedDate": "2009-09-30 09:22:11", "calendarYear": "2009", "period": "FY", "revenue": 7586000000, "costOfRevenue": 4558000000, "grossProfit": 3028000000, "grossProfitRatio": 0.3991563406, "researchAndDevelopmentExpenses": 114000000, "generalAndAdministrativeExpenses": 1077000000, "sellingAndMarketingExpenses": 591000000, "sellingGeneralAndAdministrativeExpenses": 1668000000, "otherExpenses": -61000000, "operatingExpenses": 1843000000, "costAndExpenses": 6401000000, "interestIncome": 4000000, "interestExpense": 106000000, "depreciationAndAmortization": 264000000, "ebitda": 1185000000, "ebitdaratio": 0.1562088057, "operatingIncome": 1246000000, "operatingIncomeRatio": 0.1642499341, "totalOtherIncomeExpensesNet": -61000000, "incomeBeforeTax": 1079000000, "incomeBeforeTaxRatio": 0.1422356973, "incomeTaxExpense": 347000000, "netIncome": 736000000, "netIncomeRatio": 0.0970208278, "eps": 2.09, "epsdiluted": 2.06, "weightedAverageShsOut": 352000000, "weightedAverageShsOutDil": 358000000, "link": "https://www.sec.gov/Archives/edgar/data/16732/000095012309047208/0000950123-09-047208-index.htm", "finalLink": "https://www.sec.gov/Archives/edgar/data/16732/000095012309047208/w75715e10vk.htm", "calculatedOtherExpenses": 0, "calculatedOperatingExpenses": 1782000000, "calculatedNetInterest": -102000000, "calculatedOtherIncome": -65000000, "calculatedIncomeNonControlling": -4000000, "calculatedEbitda": 1510000000}, {"date": "2008-08-03", "symbol": "CPB", "reportedCurrency": "USD", "cik": "0000016732", "fillingDate": "2008-10-01", "acceptedDate": "2008-10-01 08:44:56", "calendarYear": "2008", "period": "FY", "revenue": 7998000000, "costOfRevenue": 4827000000, "grossProfit": 3171000000, "grossProfitRatio": 0.3964741185, "researchAndDevelopmentExpenses": 115000000, "generalAndAdministrativeExpenses": 0, "sellingAndMarketingExpenses": 0, "sellingGeneralAndAdministrativeExpenses": 1770000000, "otherExpenses": 0, "operatingExpenses": 1885000000, "costAndExpenses": 6712000000, "interestIncome": 0, "interestExpense": 0, "depreciationAndAmortization": 294000000, "ebitda": 1768000000, "ebitdaratio": 0.2210552638, "operatingIncome": 1286000000, "operatingIncomeRatio": 0.1607901975, "totalOtherIncomeExpensesNet": -188000000, "incomeBeforeTax": 939000000, "incomeBeforeTaxRatio": 0.1174043511, "incomeTaxExpense": 268000000, "netIncome": 1165000000, "netIncomeRatio": 0.1456614154, "eps": 3.06, "epsdiluted": 3.03, "weightedAverageShsOut": 373000000, "weightedAverageShsOutDil": 377000000, "link": "https://www.sec.gov/Archives/edgar/data/16732/000089322008002633/0000893220-08-002633-index.htm", "finalLink": "https://www.sec.gov/Archives/edgar/data/16732/000089322008002633/w64216e10vk.htm", "calculatedOtherExpenses": 0, "calculatedOperatingExpenses": 1885000000, "calculatedNetInterest": 0, "calculatedOtherIncome": -347000000, "calculatedIncomeNonControlling": -494000000, "calculatedEbitda": 1580000000}, {"date": "2007-07-29", "symbol": "CPB", "reportedCurrency": "USD", "cik": "0000016732", "fillingDate": "2007-09-26", "acceptedDate": "2007-09-26 16:47:33", "calendarYear": "2007", "period": "FY", "revenue": 7867000000, "costOfRevenue": 4571000000, "grossProfit": 3296000000, "grossProfitRatio": 0.4189652981, "researchAndDevelopmentExpenses": 112000000, "generalAndAdministrativeExpenses": 0, "sellingAndMarketingExpenses": 0, "sellingGeneralAndAdministrativeExpenses": 1926000000, "otherExpenses": 0, "operatingExpenses": 2038000000, "costAndExpenses": 6609000000, "interestIncome": 0, "interestExpense": 0, "depreciationAndAmortization": 283000000, "ebitda": 1506000000, "ebitdaratio": 0.1914325664, "operatingIncome": 1258000000, "operatingIncomeRatio": 0.1599084785, "totalOtherIncomeExpensesNet": 35000000, "incomeBeforeTax": 1149000000, "incomeBeforeTaxRatio": 0.1460531333, "incomeTaxExpense": 326000000, "netIncome": 854000000, "netIncomeRatio": 0.1085547223, "eps": 2.21, "epsdiluted": 2.16, "weightedAverageShsOut": 386000000, "weightedAverageShsOutDil": 396000000, "link": "https://www.sec.gov/Archives/edgar/data/16732/000089322007003194/0000893220-07-003194-index.htm", "finalLink": "https://www.sec.gov/Archives/edgar/data/16732/000089322007003194/w39657e10vk.htm", "calculatedOtherExpenses": 0, "calculatedOperatingExpenses": 2038000000, "calculatedNetInterest": 0, "calculatedOtherIncome": -109000000, "calculatedIncomeNonControlling": -31000000, "calculatedEbitda": 1541000000}, {"date": "2006-07-30", "symbol": "CPB", "reportedCurrency": "USD", "cik": "0000016732", "fillingDate": "2006-10-11", "acceptedDate": "2006-10-11 16:15:50", "calendarYear": "2006", "period": "FY", "revenue": 7343000000, "costOfRevenue": 4268000000, "grossProfit": 3075000000, "grossProfitRatio": 0.4187661719, "researchAndDevelopmentExpenses": 99000000, "generalAndAdministrativeExpenses": 0, "sellingAndMarketingExpenses": 0, "sellingGeneralAndAdministrativeExpenses": 1820000000, "otherExpenses": 0, "operatingExpenses": 1919000000, "costAndExpenses": 6187000000, "interestIncome": 0, "interestExpense": 0, "depreciationAndAmortization": 289000000, "ebitda": 1450000000, "ebitdaratio": 0.1974669754, "operatingIncome": 1156000000, "operatingIncomeRatio": 0.1574288438, "totalOtherIncomeExpensesNet": -5000000, "incomeBeforeTax": 1001000000, "incomeBeforeTaxRatio": 0.1363203051, "incomeTaxExpense": 246000000, "netIncome": 766000000, "netIncomeRatio": 0.1043170366, "eps": 1.89, "epsdiluted": 1.85, "weightedAverageShsOut": 407000000, "weightedAverageShsOutDil": 414000000, "link": "https://www.sec.gov/Archives/edgar/data/16732/000089322006002166/0000893220-06-002166-index.htm", "finalLink": "https://www.sec.gov/Archives/edgar/data/16732/000089322006002166/w23178e10vk.htm", "calculatedOtherExpenses": 0, "calculatedOperatingExpenses": 1919000000, "calculatedNetInterest": 0, "calculatedOtherIncome": -155000000, "calculatedIncomeNonControlling": -11000000, "calculatedEbitda": 1445000000}, {"date": "2005-07-31", "symbol": "CPB", "reportedCurrency": "USD", "cik": "0000016732", "fillingDate": "2005-10-11", "acceptedDate": "2005-10-11 16:47:56", "calendarYear": "2005", "period": "FY", "revenue": 7548000000, "costOfRevenue": 4491000000, "grossProfit": 3057000000, "grossProfitRatio": 0.4050079491, "researchAndDevelopmentExpenses": 95000000, "generalAndAdministrativeExpenses": 0, "sellingAndMarketingExpenses": 0, "sellingGeneralAndAdministrativeExpenses": 1756000000, "otherExpenses": 0, "operatingExpenses": 1853000000, "costAndExpenses": 6344000000, "interestIncome": 0, "interestExpense": 0, "depreciationAndAmortization": 279000000, "ebitda": 1477000000, "ebitdaratio": 0.1956809751, "operatingIncome": 1204000000, "operatingIncomeRatio": 0.1595124536, "totalOtherIncomeExpensesNet": 6000000, "incomeBeforeTax": 1030000000, "incomeBeforeTaxRatio": 0.1364599894, "incomeTaxExpense": 323000000, "netIncome": 707000000, "netIncomeRatio": 0.0936671966, "eps": 1.72, "epsdiluted": 1.71, "weightedAverageShsOut": 409000000, "weightedAverageShsOutDil": 413000000, "link": "https://www.sec.gov/Archives/edgar/data/16732/000089322005002271/0000893220-05-002271-index.htm", "finalLink": "https://www.sec.gov/Archives/edgar/data/16732/000089322005002271/w12996e10vk.htm", "calculatedOtherExpenses": 2000000, "calculatedOperatingExpenses": 1853000000, "calculatedNetInterest": 0, "calculatedOtherIncome": -174000000, "calculatedIncomeNonControlling": 0, "calculatedEbitda": 1483000000}, {"date": "2004-08-01", "symbol": "CPB", "reportedCurrency": "USD", "cik": "0000016732", "fillingDate": "2004-10-12", "acceptedDate": "2004-10-12 10:35:17", "calendarYear": "2004", "period": "FY", "revenue": 7109000000, "costOfRevenue": 4187000000, "grossProfit": 2922000000, "grossProfitRatio": 0.411028274, "researchAndDevelopmentExpenses": 93000000, "generalAndAdministrativeExpenses": 0, "sellingAndMarketingExpenses": 0, "sellingGeneralAndAdministrativeExpenses": 1695000000, "otherExpenses": 0, "operatingExpenses": 1790000000, "costAndExpenses": 5977000000, "interestIncome": 0, "interestExpense": 0, "depreciationAndAmortization": 260000000, "ebitda": 1407000000, "ebitdaratio": 0.1979181319, "operatingIncome": 1132000000, "operatingIncomeRatio": 0.1592347728, "totalOtherIncomeExpensesNet": -15000000, "incomeBeforeTax": 947000000, "incomeBeforeTaxRatio": 0.1332114221, "incomeTaxExpense": 300000000, "netIncome": 647000000, "netIncomeRatio": 0.091011394, "eps": 1.58, "epsdiluted": 1.57, "weightedAverageShsOut": 409000000, "weightedAverageShsOutDil": 412000000, "link": "https://www.sec.gov/Archives/edgar/data/16732/000089322004002108/0000893220-04-002108-index.htm", "finalLink": "https://www.sec.gov/Archives/edgar/data/16732/000089322004002108/w99443e10vk.htm", "calculatedOtherExpenses": 2000000, "calculatedOperatingExpenses": 1790000000, "calculatedNetInterest": 0, "calculatedOtherIncome": -185000000, "calculatedIncomeNonControlling": 0, "calculatedEbitda": 1392000000}, {"date": "2003-08-03", "symbol": "CPB", "reportedCurrency": "USD", "cik": "0000016732", "fillingDate": "2003-10-09", "acceptedDate": "2003-10-09 16:34:51", "calendarYear": "2003", "period": "FY", "revenue": 6678000000, "costOfRevenue": 3805000000, "grossProfit": 2873000000, "grossProfitRatio": 0.4302186283, "researchAndDevelopmentExpenses": 88000000, "generalAndAdministrativeExpenses": 0, "sellingAndMarketingExpenses": 0, "sellingGeneralAndAdministrativeExpenses": 1680000000, "otherExpenses": 0, "operatingExpenses": 1768000000, "costAndExpenses": 5573000000, "interestIncome": 0, "interestExpense": 0, "depreciationAndAmortization": 243000000, "ebitda": 1348000000, "ebitdaratio": 0.2018568434, "operatingIncome": 1105000000, "operatingIncomeRatio": 0.1654687032, "totalOtherIncomeExpensesNet": -181000000, "incomeBeforeTax": 924000000, "incomeBeforeTaxRatio": 0.1383647799, "incomeTaxExpense": 298000000, "netIncome": 595000000, "netIncomeRatio": 0.0890985325, "eps": 1.45, "epsdiluted": 1.45, "weightedAverageShsOut": 411000000, "weightedAverageShsOutDil": 411000000, "link": "https://www.sec.gov/Archives/edgar/data/16732/000089322003001648/0000893220-03-001648-index.htm", "finalLink": "https://www.sec.gov/Archives/edgar/data/16732/000089322003001648/w90322e10vk.htm", "calculatedOtherExpenses": 0, "calculatedOperatingExpenses": 1768000000, "calculatedNetInterest": 0, "calculatedOtherIncome": -181000000, "calculatedIncomeNonControlling": 31000000, "calculatedEbitda": 1348000000}, {"date": "2002-07-28", "symbol": "CPB", "reportedCurrency": "USD", "cik": "0000016732", "fillingDate": "2002-10-11", "acceptedDate": "2002-10-11 12:57:43", "calendarYear": "2002", "period": "FY", "revenue": 6133000000, "costOfRevenue": 3443000000, "grossProfit": 2690000000, "grossProfitRatio": 0.4386107941, "researchAndDevelopmentExpenses": 77000000, "generalAndAdministrativeExpenses": 0, "sellingAndMarketingExpenses": 0, "sellingGeneralAndAdministrativeExpenses": 1490000000, "otherExpenses": 0, "operatingExpenses": 1567000000, "costAndExpenses": 5010000000, "interestIncome": 0, "interestExpense": 0, "depreciationAndAmortization": 319000000, "ebitda": 1581000000, "ebitdaratio": 0.2577857492, "operatingIncome": 1123000000, "operatingIncomeRatio": 0.1831077776, "totalOtherIncomeExpensesNet": -139000000, "incomeBeforeTax": 798000000, "incomeBeforeTaxRatio": 0.1301157672, "incomeTaxExpense": 273000000, "netIncome": 525000000, "netIncomeRatio": 0.0856024784, "eps": 1.28, "epsdiluted": 1.28, "weightedAverageShsOut": 410000000, "weightedAverageShsOutDil": 411000000, "link": "https://www.sec.gov/Archives/edgar/data/16732/000089322002001206/0000893220-02-001206-index.htm", "finalLink": "https://www.sec.gov/Archives/edgar/data/16732/000089322002001206/w64292e10vk.htm", "calculatedOtherExpenses": 0, "calculatedOperatingExpenses": 1567000000, "calculatedNetInterest": 0, "calculatedOtherIncome": -325000000, "calculatedIncomeNonControlling": 0, "calculatedEbitda": 1442000000}, {"date": "2001-07-29", "symbol": "CPB", "reportedCurrency": "USD", "cik": "0000016732", "fillingDate": "2001-10-10", "acceptedDate": "2001-10-10 00:00:00", "calendarYear": "2001", "period": "FY", "revenue": 6664000000, "costOfRevenue": 3146000000, "grossProfit": 3518000000, "grossProfitRatio": 0.5279111645, "researchAndDevelopmentExpenses": 63000000, "generalAndAdministrativeExpenses": 0, "sellingAndMarketingExpenses": 0, "sellingGeneralAndAdministrativeExpenses": 2137000000, "otherExpenses": 0, "operatingExpenses": 2257000000, "costAndExpenses": 5403000000, "interestIncome": 0, "interestExpense": 0, "depreciationAndAmortization": 266000000, "ebitda": 1591000000, "ebitdaratio": 0.2387454982, "operatingIncome": 1261000000, "operatingIncomeRatio": 0.1892256903, "totalOtherIncomeExpensesNet": -64000000, "incomeBeforeTax": 987000000, "incomeBeforeTaxRatio": 0.1481092437, "incomeTaxExpense": 338000000, "netIncome": 649000000, "netIncomeRatio": 0.0973889556, "eps": 1.57, "epsdiluted": 1.55, "weightedAverageShsOut": 414000000, "weightedAverageShsOutDil": 418000000, "link": "https://www.sec.gov/Archives/edgar/data/16732/000089322001500738/0000893220-01-500738-index.htm", "finalLink": "https://www.sec.gov/Archives/edgar/data/16732/000089322001500738/w53808e10-k405.htm", "calculatedOtherExpenses": 57000000, "calculatedOperatingExpenses": 2257000000, "calculatedNetInterest": 0, "calculatedOtherIncome": -274000000, "calculatedIncomeNonControlling": 0, "calculatedEbitda": 1527000000}, {"date": "2000-07-30", "symbol": "CPB", "reportedCurrency": "USD", "cik": "0000016732", "fillingDate": "2000-10-19", "acceptedDate": "2000-10-19 00:00:00", "calendarYear": "2000", "period": "FY", "revenue": 6267000000, "costOfRevenue": 2712000000, "grossProfit": 3555000000, "grossProfitRatio": 0.5672570608, "researchAndDevelopmentExpenses": 64000000, "generalAndAdministrativeExpenses": 0, "sellingAndMarketingExpenses": 0, "sellingGeneralAndAdministrativeExpenses": 1941000000, "otherExpenses": 0, "operatingExpenses": 2256000000, "costAndExpenses": 4968000000, "interestIncome": 0, "interestExpense": 0, "depreciationAndAmortization": 251000000, "ebitda": 1583000000, "ebitdaratio": 0.2525929472, "operatingIncome": 1299000000, "operatingIncomeRatio": 0.2072762087, "totalOtherIncomeExpensesNet": -33000000, "incomeBeforeTax": 1077000000, "incomeBeforeTaxRatio": 0.171852561, "incomeTaxExpense": 363000000, "netIncome": 714000000, "netIncomeRatio": 0.1139301101, "eps": 1.68, "epsdiluted": 1.65, "weightedAverageShsOut": 425000000, "weightedAverageShsOutDil": 432000000, "link": "https://www.sec.gov/Archives/edgar/data/16732/000089322000001156/0000893220-00-001156-index.htm", "finalLink": "https://www.sec.gov/Archives/edgar/data/16732/000089322000001156/w41477e10-k405.txt", "calculatedOtherExpenses": 251000000, "calculatedOperatingExpenses": 2256000000, "calculatedNetInterest": 0, "calculatedOtherIncome": -222000000, "calculatedIncomeNonControlling": 0, "calculatedEbitda": 1550000000}, {"date": "1999-08-01", "symbol": "CPB", "reportedCurrency": "USD", "cik": "0000016732", "fillingDate": "1999-10-12", "acceptedDate": "1999-10-12 00:00:00", "calendarYear": "1999", "period": "FY", "revenue": 6424000000, "costOfRevenue": 2853000000, "grossProfit": 3571000000, "grossProfitRatio": 0.5558841843, "researchAndDevelopmentExpenses": 66000000, "generalAndAdministrativeExpenses": 0, "sellingAndMarketingExpenses": 0, "sellingGeneralAndAdministrativeExpenses": 1938000000, "otherExpenses": 0, "operatingExpenses": 2259000000, "costAndExpenses": 5112000000, "interestIncome": 0, "interestExpense": 0, "depreciationAndAmortization": 255000000, "ebitda": 1608000000, "ebitdaratio": 0.2503113325, "operatingIncome": 1312000000, "operatingIncomeRatio": 0.204234122, "totalOtherIncomeExpensesNet": -41000000, "incomeBeforeTax": 1097000000, "incomeBeforeTaxRatio": 0.170765878, "incomeTaxExpense": 373000000, "netIncome": 724000000, "netIncomeRatio": 0.1127023661, "eps": 1.64, "epsdiluted": 1.63, "weightedAverageShsOut": 441000000, "weightedAverageShsOutDil": 445000000, "link": "https://www.sec.gov/Archives/edgar/data/16732/000089322099001156/0000893220-99-001156-index.html", "finalLink": "https://www.sec.gov/Archives/edgar/data/16732/000089322099001156/", "calculatedOtherExpenses": 255000000, "calculatedOperatingExpenses": 2259000000, "calculatedNetInterest": 0, "calculatedOtherIncome": -215000000, "calculatedIncomeNonControlling": 0, "calculatedEbitda": 1567000000}, {"date": "1998-08-02", "symbol": "CPB", "reportedCurrency": "USD", "cik": "0000016732", "fillingDate": "1998-10-09", "acceptedDate": "1998-10-09 00:00:00", "calendarYear": "1998", "period": "FY", "revenue": 6696000000, "costOfRevenue": 3025000000, "grossProfit": 3671000000, "grossProfitRatio": 0.5482377539, "researchAndDevelopmentExpenses": 71000000, "generalAndAdministrativeExpenses": 0, "sellingAndMarketingExpenses": 0, "sellingGeneralAndAdministrativeExpenses": 1818000000, "otherExpenses": 0, "operatingExpenses": 2150000000, "costAndExpenses": 5175000000, "interestIncome": 0, "interestExpense": 0, "depreciationAndAmortization": 261000000, "ebitda": 2049000000, "ebitdaratio": 0.3060035842, "operatingIncome": 1521000000, "operatingIncomeRatio": 0.2271505376, "totalOtherIncomeExpensesNet": -267000000, "incomeBeforeTax": 1073000000, "incomeBeforeTaxRatio": 0.1602449223, "incomeTaxExpense": 384000000, "netIncome": 660000000, "netIncomeRatio": 0.0985663082, "eps": 1.46, "epsdiluted": 1.44, "weightedAverageShsOut": 454000000, "weightedAverageShsOutDil": 460000000, "link": "https://www.sec.gov/Archives/edgar/data/16732/000089322098001607/0000893220-98-001607-index.html", "finalLink": "https://www.sec.gov/Archives/edgar/data/16732/", "calculatedOtherExpenses": 261000000, "calculatedOperatingExpenses": 2150000000, "calculatedNetInterest": 0, "calculatedOtherIncome": -448000000, "calculatedIncomeNonControlling": 29000000, "calculatedEbitda": 1782000000}, {"date": "1997-08-03", "symbol": "CPB", "reportedCurrency": "USD", "cik": "0000016732", "fillingDate": "1997-10-23", "acceptedDate": "1997-10-23 00:00:00", "calendarYear": "1997", "period": "FY", "revenue": 7964000000, "costOfRevenue": 4031000000, "grossProfit": 3933000000, "grossProfitRatio": 0.4938473129, "researchAndDevelopmentExpenses": 77000000, "generalAndAdministrativeExpenses": 0, "sellingAndMarketingExpenses": 0, "sellingGeneralAndAdministrativeExpenses": 1960000000, "otherExpenses": 0, "operatingExpenses": 2365000000, "costAndExpenses": 6396000000, "interestIncome": 0, "interestExpense": 0, "depreciationAndAmortization": 328000000, "ebitda": 2191000000, "ebitdaratio": 0.2751130085, "operatingIncome": 1568000000, "operatingIncomeRatio": 0.1968859869, "totalOtherIncomeExpensesNet": -295000000, "incomeBeforeTax": 1107000000, "incomeBeforeTaxRatio": 0.1390005023, "incomeTaxExpense": 394000000, "netIncome": 713000000, "netIncomeRatio": 0.0895278754, "eps": 1.51, "epsdiluted": 1.49, "weightedAverageShsOut": 472000000, "weightedAverageShsOutDil": 478000000, "link": "https://www.sec.gov/Archives/edgar/data/16732/000089322097001690/0000893220-97-001690-index.html", "finalLink": "https://www.sec.gov/Archives/edgar/data/16732/", "calculatedOtherExpenses": 328000000, "calculatedOperatingExpenses": 2365000000, "calculatedNetInterest": 0, "calculatedOtherIncome": -461000000, "calculatedIncomeNonControlling": 0, "calculatedEbitda": 1896000000}, {"date": "1996-07-28", "symbol": "CPB", "reportedCurrency": "USD", "cik": "0000016732", "fillingDate": "1996-10-15", "acceptedDate": "1996-10-15 00:00:00", "calendarYear": "1996", "period": "FY", "revenue": 7678000000, "costOfRevenue": 4089000000, "grossProfit": 3589000000, "grossProfitRatio": 0.4674394374, "researchAndDevelopmentExpenses": 84000000, "generalAndAdministrativeExpenses": 0, "sellingAndMarketingExpenses": 0, "sellingGeneralAndAdministrativeExpenses": 1842000000, "otherExpenses": 0, "operatingExpenses": 2252000000, "costAndExpenses": 6341000000, "interestIncome": 0, "interestExpense": 0, "depreciationAndAmortization": 326000000, "ebitda": 1666000000, "ebitdaratio": 0.2169835895, "operatingIncome": 1337000000, "operatingIncomeRatio": 0.174133889, "totalOtherIncomeExpensesNet": -3000000, "incomeBeforeTax": 1197000000, "incomeBeforeTaxRatio": 0.155899974, "incomeTaxExpense": 395000000, "netIncome": 802000000, "netIncomeRatio": 0.104454285, "eps": 1.61, "epsdiluted": 1.59, "weightedAverageShsOut": 498000000, "weightedAverageShsOutDil": 503000000, "link": "https://www.sec.gov/Archives/edgar/data/16732/000089322096001701/0000893220-96-001701-index.html", "finalLink": "https://www.sec.gov/Archives/edgar/data/16732/", "calculatedOtherExpenses": 326000000, "calculatedOperatingExpenses": 2252000000, "calculatedNetInterest": 0, "calculatedOtherIncome": -140000000, "calculatedIncomeNonControlling": 0, "calculatedEbitda": 1663000000}, {"date": "1995-07-30", "symbol": "CPB", "reportedCurrency": "USD", "cik": "0000016732", "fillingDate": "1995-10-06", "acceptedDate": "1995-10-06 00:00:00", "calendarYear": "1995", "period": "FY", "revenue": 7278000000, "costOfRevenue": 4004000000, "grossProfit": 3274000000, "grossProfitRatio": 0.4498488596, "researchAndDevelopmentExpenses": 88000000, "generalAndAdministrativeExpenses": 0, "sellingAndMarketingExpenses": 0, "sellingGeneralAndAdministrativeExpenses": 1716000000, "otherExpenses": 0, "operatingExpenses": 2098000000, "costAndExpenses": 6102000000, "interestIncome": 0, "interestExpense": 0, "depreciationAndAmortization": 294000000, "ebitda": 1482000000, "ebitdaratio": 0.2036273702, "operatingIncome": 1176000000, "operatingIncomeRatio": 0.1615828524, "totalOtherIncomeExpensesNet": -12000000, "incomeBeforeTax": 1042000000, "incomeBeforeTaxRatio": 0.1431712009, "incomeTaxExpense": 344000000, "netIncome": 698000000, "netIncomeRatio": 0.0959054685, "eps": 1.4, "epsdiluted": 1.4, "weightedAverageShsOut": 498000000, "weightedAverageShsOutDil": 498000000, "link": "https://www.sec.gov/Archives/edgar/data/16732/000089322095000638/0000893220-95-000638-index.html", "finalLink": "https://www.sec.gov/Archives/edgar/data/16732/", "calculatedOtherExpenses": 294000000, "calculatedOperatingExpenses": 2098000000, "calculatedNetInterest": 0, "calculatedOtherIncome": -134000000, "calculatedIncomeNonControlling": 0, "calculatedEbitda": 1470000000}, {"date": "1994-07-31", "symbol": "CPB", "reportedCurrency": "USD", "cik": "0000016732", "fillingDate": "1994-10-07", "acceptedDate": "1994-10-07 00:00:00", "calendarYear": "1994", "period": "FY", "revenue": 6690000000, "costOfRevenue": 3723000000, "grossProfit": 2967000000, "grossProfitRatio": 0.4434977578, "researchAndDevelopmentExpenses": 0, "generalAndAdministrativeExpenses": 0, "sellingAndMarketingExpenses": 0, "sellingGeneralAndAdministrativeExpenses": 1644000000, "otherExpenses": 0, "operatingExpenses": 1899000000, "costAndExpenses": 5622000000, "interestIncome": 0, "interestExpense": 0, "depreciationAndAmortization": 255000000, "ebitda": 1354000000, "ebitdaratio": 0.2023916293, "operatingIncome": 1068000000, "operatingIncomeRatio": 0.1596412556, "totalOtherIncomeExpensesNet": -31000000, "incomeBeforeTax": 963000000, "incomeBeforeTaxRatio": 0.1439461883, "incomeTaxExpense": 333000000, "netIncome": 630000000, "netIncomeRatio": 0.0941704036, "eps": 1.25, "epsdiluted": 1.25, "weightedAverageShsOut": 502000000, "weightedAverageShsOutDil": 503092784, "link": "https://www.sec.gov/Archives/edgar/data/16732/000089322094000416/0000893220-94-000416-index.html", "finalLink": "https://www.sec.gov/Archives/edgar/data/16732/", "calculatedOtherExpenses": 255000000, "calculatedOperatingExpenses": 1899000000, "calculatedNetInterest": 0, "calculatedOtherIncome": -105000000, "calculatedIncomeNonControlling": 0, "calculatedEbitda": 1323000000}, {"date": "1993-07-31", "symbol": "CPB", "reportedCurrency": "USD", "cik": "0000016732", "fillingDate": "1993-07-31", "acceptedDate": "1993-07-31 00:00:00", "calendarYear": "1993", "period": "FY", "revenue": 6586200000, "costOfRevenue": 3785600000, "grossProfit": 2800600000, "grossProfitRatio": 0.4252224348, "researchAndDevelopmentExpenses": 0, "generalAndAdministrativeExpenses": 0, "sellingAndMarketingExpenses": 0, "sellingGeneralAndAdministrativeExpenses": 1936800000, "otherExpenses": 0, "operatingExpenses": 2179000000, "costAndExpenses": 5964600000, "interestIncome": 0, "interestExpense": 0, "depreciationAndAmortization": 242200000, "ebitda": 882800000, "ebitdaratio": 0.1340378367, "operatingIncome": 621600000, "operatingIncomeRatio": 0.0943791564, "totalOtherIncomeExpensesNet": -19000000, "incomeBeforeTax": 519800000, "incomeBeforeTaxRatio": 0.0789225957, "incomeTaxExpense": 262600000, "netIncome": 8200000, "netIncomeRatio": 0.0012450275, "eps": 0.01, "epsdiluted": 0.01, "weightedAverageShsOut": 497333333, "weightedAverageShsOutDil": 497333333, "link": null, "finalLink": null, "calculatedOtherExpenses": 242200000, "calculatedOperatingExpenses": 2179000000, "calculatedNetInterest": 0, "calculatedOtherIncome": -101800000, "calculatedIncomeNonControlling": 249000000, "calculatedEbitda": 863800000}, {"date": "1992-07-31", "symbol": "CPB", "reportedCurrency": "USD", "cik": "0000016732", "fillingDate": "1992-07-31", "acceptedDate": "1992-07-31 00:00:00", "calendarYear": "1992", "period": "FY", "revenue": 6263200000, "costOfRevenue": 3746900000, "grossProfit": 2516300000, "grossProfitRatio": 0.401759484, "researchAndDevelopmentExpenses": 0, "generalAndAdministrativeExpenses": 0, "sellingAndMarketingExpenses": 0, "sellingGeneralAndAdministrativeExpenses": 1392000000, "otherExpenses": 0, "operatingExpenses": 1608200000, "costAndExpenses": 5355100000, "interestIncome": 0, "interestExpense": 0, "depreciationAndAmortization": 216200000, "ebitda": 1131200000, "ebitdaratio": 0.1806105505, "operatingIncome": 908100000, "operatingIncomeRatio": 0.1449897816, "totalOtherIncomeExpensesNet": -6900000, "incomeBeforeTax": 799300000, "incomeBeforeTaxRatio": 0.1276184698, "incomeTaxExpense": 308800000, "netIncome": 490500000, "netIncomeRatio": 0.0783145996, "eps": 0.98, "epsdiluted": 0.98, "weightedAverageShsOut": 500510204, "weightedAverageShsOutDil": 500510204, "link": null, "finalLink": null, "calculatedOtherExpenses": 216200000, "calculatedOperatingExpenses": 1608200000, "calculatedNetInterest": 0, "calculatedOtherIncome": -108800000, "calculatedIncomeNonControlling": 0, "calculatedEbitda": 1124300000}, {"date": "1991-07-31", "symbol": "CPB", "reportedCurrency": "USD", "cik": "0000016732", "fillingDate": "1991-07-31", "acceptedDate": "1991-07-31 00:00:00", "calendarYear": "1991", "period": "FY", "revenue": 6204100000, "costOfRevenue": 3886900000, "grossProfit": 2317200000, "grossProfitRatio": 0.3734949469, "researchAndDevelopmentExpenses": 0, "generalAndAdministrativeExpenses": 0, "sellingAndMarketingExpenses": 0, "sellingGeneralAndAdministrativeExpenses": 1319200000, "otherExpenses": 0, "operatingExpenses": 1527800000, "costAndExpenses": 5414700000, "interestIncome": 0, "interestExpense": 0, "depreciationAndAmortization": 208600000, "ebitda": 996600000, "ebitdaratio": 0.1606357086, "operatingIncome": 789400000, "operatingIncomeRatio": 0.1272384391, "totalOtherIncomeExpensesNet": 1400000, "incomeBeforeTax": 667400000, "incomeBeforeTaxRatio": 0.1075740236, "incomeTaxExpense": 265900000, "netIncome": 401500000, "netIncomeRatio": 0.0647152689, "eps": 0.79, "epsdiluted": 0.79, "weightedAverageShsOut": 508227848, "weightedAverageShsOutDil": 508227848, "link": null, "finalLink": null, "calculatedOtherExpenses": 208600000, "calculatedOperatingExpenses": 1527800000, "calculatedNetInterest": 0, "calculatedOtherIncome": -122000000, "calculatedIncomeNonControlling": 0, "calculatedEbitda": 998000000}, {"date": "1990-07-31", "symbol": "CPB", "reportedCurrency": "USD", "cik": "0000016732", "fillingDate": "1990-07-31", "acceptedDate": "1990-07-31 00:00:00", "calendarYear": "1990", "period": "FY", "revenue": 6205800000, "costOfRevenue": 4057300000, "grossProfit": 2148500000, "grossProfitRatio": 0.3462083857, "researchAndDevelopmentExpenses": 0, "generalAndAdministrativeExpenses": 0, "sellingAndMarketingExpenses": 0, "sellingGeneralAndAdministrativeExpenses": 1324900000, "otherExpenses": 0, "operatingExpenses": 1525800000, "costAndExpenses": 5583100000, "interestIncome": 0, "interestExpense": 0, "depreciationAndAmortization": 200900000, "ebitda": 1167200000, "ebitdaratio": 0.1880821167, "operatingIncome": 622700000, "operatingIncomeRatio": 0.1003416159, "totalOtherIncomeExpensesNet": -343600000, "incomeBeforeTax": 179400000, "incomeBeforeTaxRatio": 0.0289084405, "incomeTaxExpense": 175000000, "netIncome": 4400000, "netIncomeRatio": 0.0007090141, "eps": 0.01, "epsdiluted": 0.01, "weightedAverageShsOut": 440000000, "weightedAverageShsOutDil": 440000000, "link": null, "finalLink": null, "calculatedOtherExpenses": 200900000, "calculatedOperatingExpenses": 1525800000, "calculatedNetInterest": 0, "calculatedOtherIncome": -443300000, "calculatedIncomeNonControlling": 0, "calculatedEbitda": 823600000}, {"date": "1989-07-31", "symbol": "CPB", "reportedCurrency": "USD", "cik": "0000016732", "fillingDate": "1989-07-31", "acceptedDate": "1989-07-31 00:00:00", "calendarYear": "1989", "period": "FY", "revenue": 5672100000, "costOfRevenue": 3809300000, "grossProfit": 1862800000, "grossProfitRatio": 0.3284145202, "researchAndDevelopmentExpenses": 0, "generalAndAdministrativeExpenses": 0, "sellingAndMarketingExpenses": 0, "sellingGeneralAndAdministrativeExpenses": 1118600000, "otherExpenses": 0, "operatingExpenses": 1310900000, "costAndExpenses": 5120200000, "interestIncome": 0, "interestExpense": 0, "depreciationAndAmortization": 192300000, "ebitda": 1133800000, "ebitdaratio": 0.199890693, "operatingIncome": 551900000, "operatingIncomeRatio": 0.0973008233, "totalOtherIncomeExpensesNet": -389600000, "incomeBeforeTax": 106500000, "incomeBeforeTaxRatio": 0.0187761147, "incomeTaxExpense": 93400000, "netIncome": 13100000, "netIncomeRatio": 0.0023095503, "eps": 0.03, "epsdiluted": 0.03, "weightedAverageShsOut": 436666667, "weightedAverageShsOutDil": 436666667, "link": null, "finalLink": null, "calculatedOtherExpenses": 192300000, "calculatedOperatingExpenses": 1310900000, "calculatedNetInterest": 0, "calculatedOtherIncome": -445400000, "calculatedIncomeNonControlling": 0, "calculatedEbitda": 744200000}, {"date": "1988-07-31", "symbol": "CPB", "reportedCurrency": "USD", "cik": "0000016732", "fillingDate": "1988-07-31", "acceptedDate": "1988-07-31 00:00:00", "calendarYear": "1988", "period": "FY", "revenue": 4868900000, "costOfRevenue": 3221900000, "grossProfit": 1647000000, "grossProfitRatio": 0.3382694243, "researchAndDevelopmentExpenses": 0, "generalAndAdministrativeExpenses": 0, "sellingAndMarketingExpenses": 0, "sellingGeneralAndAdministrativeExpenses": 1012800000, "otherExpenses": 0, "operatingExpenses": 1183700000, "costAndExpenses": 4405600000, "interestIncome": 0, "interestExpense": 0, "depreciationAndAmortization": 170900000, "ebitda": 648700000, "ebitdaratio": 0.1332333792, "operatingIncome": 463300000, "operatingIncomeRatio": 0.0951549631, "totalOtherIncomeExpensesNet": -14500000, "incomeBeforeTax": 388600000, "incomeBeforeTaxRatio": 0.0798126887, "incomeTaxExpense": 147000000, "netIncome": 241600000, "netIncomeRatio": 0.0496210643, "eps": 0.47, "epsdiluted": 0.47, "weightedAverageShsOut": 514042553, "weightedAverageShsOutDil": 514042553, "link": null, "finalLink": null, "calculatedOtherExpenses": 170900000, "calculatedOperatingExpenses": 1183700000, "calculatedNetInterest": 0, "calculatedOtherIncome": -74700000, "calculatedIncomeNonControlling": 0, "calculatedEbitda": 634200000}, {"date": "1987-07-31", "symbol": "CPB", "reportedCurrency": "USD", "cik": "0000016732", "fillingDate": "1987-07-31", "acceptedDate": "1987-07-31 00:00:00", "calendarYear": "1987", "period": "FY", "revenue": 4490400000, "costOfRevenue": 3035900000, "grossProfit": 1454500000, "grossProfitRatio": 0.3239132371, "researchAndDevelopmentExpenses": 0, "generalAndAdministrativeExpenses": 0, "sellingAndMarketingExpenses": 0, "sellingGeneralAndAdministrativeExpenses": 884900000, "otherExpenses": 0, "operatingExpenses": 1029500000, "costAndExpenses": 4065400000, "interestIncome": 0, "interestExpense": 0, "depreciationAndAmortization": 144600000, "ebitda": 520300000, "ebitdaratio": 0.1158694103, "operatingIncome": 425000000, "operatingIncomeRatio": 0.0946463567, "totalOtherIncomeExpensesNet": 49300000, "incomeBeforeTax": 417900000, "incomeBeforeTaxRatio": 0.0930652058, "incomeTaxExpense": 170600000, "netIncome": 247300000, "netIncomeRatio": 0.0550730447, "eps": 0.48, "epsdiluted": 0.48, "weightedAverageShsOut": 515208333, "weightedAverageShsOutDil": 515208333, "link": null, "finalLink": null, "calculatedOtherExpenses": 144600000, "calculatedOperatingExpenses": 1029500000, "calculatedNetInterest": 0, "calculatedOtherIncome": -7100000, "calculatedIncomeNonControlling": 0, "calculatedEbitda": 569600000}, {"date": "1986-07-31", "symbol": "CPB", "reportedCurrency": "USD", "cik": "0000016732", "fillingDate": "1986-07-31", "acceptedDate": "1986-07-31 00:00:00", "calendarYear": "1986", "period": "FY", "revenue": 4378700000, "costOfRevenue": 3046700000, "grossProfit": 1332000000, "grossProfitRatio": 0.3041998767, "researchAndDevelopmentExpenses": 0, "generalAndAdministrativeExpenses": 0, "sellingAndMarketingExpenses": 0, "sellingGeneralAndAdministrativeExpenses": 789400000, "otherExpenses": 0, "operatingExpenses": 916200000, "costAndExpenses": 3962900000, "interestIncome": 0, "interestExpense": 0, "depreciationAndAmortization": 126800000, "ebitda": 515200000, "ebitdaratio": 0.1176604928, "operatingIncome": 415800000, "operatingIncomeRatio": 0.0949596912, "totalOtherIncomeExpensesNet": 27400000, "incomeBeforeTax": 387200000, "incomeBeforeTaxRatio": 0.0884280723, "incomeTaxExpense": 164000000, "netIncome": 223200000, "netIncomeRatio": 0.0509740334, "eps": 0.44, "epsdiluted": 0.44, "weightedAverageShsOut": 507272727, "weightedAverageShsOutDil": 507272727, "link": null, "finalLink": null, "calculatedOtherExpenses": 126800000, "calculatedOperatingExpenses": 916200000, "calculatedNetInterest": 0, "calculatedOtherIncome": -28600000, "calculatedIncomeNonControlling": 0, "calculatedEbitda": 542600000}]}